[
  {
    "source_url": "https://www.woolworths.com.au/shop/productdetails/345039/ben-jerry-s-ice-cream-tub-chocolate-chip-cookie-dough",
    "name": "Ben & Jerry's Ice Cream Tub Chocolate Chip Cookie Dough 458ml",
    "image_url": "https://cdn1.woolworths.media/content/wowproductimages/large/345039.jpg",
    "source_id": "Woolworths - 345039",
    "barcode": "76840055357",
    "shop": "Woolworths",
    "weight": "100ML",
    "prices": [
      {
        "state": "NSW",
        "price": "1450",
        "price_per_unit": "317",
        "price_unit": "ML"
      },
      {
        "state": "VIC",
        "price": "1450",
        "price_per_unit": "317",
        "price_unit": "ML"
      },
      {
        "state": "QLD",
        "price": "1450",
        "price_per_unit": "317",
        "price_unit": "ML"
      },
      {
        "state": "WA",
        "price": "1450",
        "price_per_unit": "317",
        "price_unit": "ML"
      },
      {
        "state": "SA",
        "price": "1450",
        "price_per_unit": "317",
        "price_unit": "ML"
      },
      {
        "state": "TAS",
        "price": "1450",
        "price_per_unit": "317",
        "price_unit": "ML"
      },
      {
        "state": "ACT",
        "price": "1450",
        "price_per_unit": "317",
        "price_unit": "ML"
      }
    ]
  },
  {
    "source_url": "https://www.woolworths.com.au/shop/productdetails/345040/ben-jerry-s-ice-cream-tub-chocolate-fudge-brownie",
    "name": "Ben & Jerry's Ice Cream Tub Chocolate Fudge Brownie 458ml",
    "image_url": "https://cdn1.woolworths.media/content/wowproductimages/large/345040.jpg",
    "source_id": "Woolworths - 345040",
    "barcode": "76840055302",
    "shop": "Woolworths",
    "weight": "100ML",
    "prices": [
      {
        "state": "NSW",
        "price": "1450",
        "price_per_unit": "317",
        "price_unit": "ML"
      },
      {
        "state": "VIC",
        "price": "1450",
        "price_per_unit": "317",
        "price_unit": "ML"
      },
      {
        "state": "QLD",
        "price": "1450",
        "price_per_unit": "317",
        "price_unit": "ML"
      },
      {
        "state": "WA",
        "price": "1450",
        "price_per_unit": "317",
        "price_unit": "ML"
      },
      {
        "state": "SA",
        "price": "1450",
        "price_per_unit": "317",
        "price_unit": "ML"
      },
      {
        "state": "TAS",
        "price": "1450",
        "price_per_unit": "317",
        "price_unit": "ML"
      },
      {
        "state": "ACT",
        "price": "1450",
        "price_per_unit": "317",
        "price_unit": "ML"
      },
      {
        "state": "NT",
        "price": "870",
        "price_per_unit": "190",
        "price_unit": "ML"
      }
    ]
  },
  {
    "source_url": "https://www.woolworths.com.au/shop/productdetails/231444/bulla-murray-st-chocolate-fudge-ripple-ice-cream",
    "name": "Bulla Murray St Chocolate Fudge Ripple Ice Cream 1l",
    "image_url": "https://cdn1.woolworths.media/content/wowproductimages/large/231444.jpg",
    "source_id": "Woolworths - 231444",
    "barcode": "9310161018167",
    "shop": "Woolworths",
    "weight": "100ML",
    "prices": [
      {
        "state": "NSW",
        "price": "1200",
        "price_per_unit": "120",
        "price_unit": "ML"
      },
      {
        "state": "VIC",
        "price": "1200",
        "price_per_unit": "120",
        "price_unit": "ML"
      },
      {
        "state": "QLD",
        "price": "1200",
        "price_per_unit": "120",
        "price_unit": "ML"
      },
      {
        "state": "WA",
        "price": "1200",
        "price_per_unit": "120",
        "price_unit": "ML"
      },
      {
        "state": "SA",
        "price": "1200",
        "price_per_unit": "120",
        "price_unit": "ML"
      },
      {
        "state": "TAS",
        "price": "1200",
        "price_per_unit": "120",
        "price_unit": "ML"
      },
      {
        "state": "ACT",
        "price": "1200",
        "price_per_unit": "120",
        "price_unit": "ML"
      },
      {
        "state": "NT",
        "price": "1200",
        "price_per_unit": "120",
        "price_unit": "ML"
      }
    ]
  },
  {
    "source_url": "https://www.woolworths.com.au/shop/productdetails/232126/bulla-murray-st-ice-creamery-honey-salted-caramel-peanut-icecream",
    "name": "Bulla Murray St Ice Creamery Honey & Salted Caramel Peanut Icecream 1l",
    "image_url": "https://cdn1.woolworths.media/content/wowproductimages/large/232126.jpg",
    "source_id": "Woolworths - 232126",
    "barcode": "9310161018198",
    "shop": "Woolworths",
    "weight": "100ML",
    "prices": [
      {
        "state": "NSW",
        "price": "1200",
        "price_per_unit": "120",
        "price_unit": "ML"
      },
      {
        "state": "VIC",
        "price": "1200",
        "price_per_unit": "120",
        "price_unit": "ML"
      },
      {
        "state": "QLD",
        "price": "1200",
        "price_per_unit": "120",
        "price_unit": "ML"
      },
      {
        "state": "WA",
        "price": "1200",
        "price_per_unit": "120",
        "price_unit": "ML"
      },
      {
        "state": "SA",
        "price": "1200",
        "price_per_unit": "120",
        "price_unit": "ML"
      },
      {
        "state": "TAS",
        "price": "1200",
        "price_per_unit": "120",
        "price_unit": "ML"
      },
      {
        "state": "ACT",
        "price": "1200",
        "price_per_unit": "120",
        "price_unit": "ML"
      }
    ]
  },
  {
    "source_url": "https://www.woolworths.com.au/shop/productdetails/232149/bulla-murray-st-ice-creamery-vanilla-bean-ice-cream",
    "name": "Bulla Murray St Ice Creamery Vanilla Bean Ice Cream 1l",
    "image_url": "https://cdn1.woolworths.media/content/wowproductimages/large/232149.jpg",
    "source_id": "Woolworths - 232149",
    "barcode": "9310161018150",
    "shop": "Woolworths",
    "weight": "100ML",
    "prices": [
      {
        "state": "NSW",
        "price": "1200",
        "price_per_unit": "120",
        "price_unit": "ML"
      },
      {
        "state": "VIC",
        "price": "1200",
        "price_per_unit": "120",
        "price_unit": "ML"
      },
      {
        "state": "QLD",
        "price": "1200",
        "price_per_unit": "120",
        "price_unit": "ML"
      },
      {
        "state": "WA",
        "price": "1200",
        "price_per_unit": "120",
        "price_unit": "ML"
      },
      {
        "state": "SA",
        "price": "1200",
        "price_per_unit": "120",
        "price_unit": "ML"
      },
      {
        "state": "TAS",
        "price": "1200",
        "price_per_unit": "120",
        "price_unit": "ML"
      },
      {
        "state": "ACT",
        "price": "1200",
        "price_per_unit": "120",
        "price_unit": "ML"
      }
    ]
  },
  {
    "source_url": "https://www.woolworths.com.au/shop/productdetails/277810/cadbury-dairy-milk-frozen-dessert-tub",
    "name": "Cadbury Dairy Milk Frozen Dessert Tub 460ml",
    "image_url": "https://cdn1.woolworths.media/content/wowproductimages/large/277810.jpg",
    "source_id": "Woolworths - 277810",
    "barcode": "9347043002594",
    "shop": "Woolworths",
    "weight": "100ML",
    "prices": [
      {
        "state": "NSW",
        "price": "1050",
        "price_per_unit": "228",
        "price_unit": "ML"
      },
      {
        "state": "VIC",
        "price": "1050",
        "price_per_unit": "228",
        "price_unit": "ML"
      },
      {
        "state": "QLD",
        "price": "1050",
        "price_per_unit": "228",
        "price_unit": "ML"
      },
      {
        "state": "WA",
        "price": "1050",
        "price_per_unit": "228",
        "price_unit": "ML"
      },
      {
        "state": "SA",
        "price": "1050",
        "price_per_unit": "228",
        "price_unit": "ML"
      },
      {
        "state": "TAS",
        "price": "1050",
        "price_per_unit": "228",
        "price_unit": "ML"
      },
      {
        "state": "ACT",
        "price": "1050",
        "price_per_unit": "228",
        "price_unit": "ML"
      },
      {
        "state": "NT",
        "price": "1050",
        "price_per_unit": "228",
        "price_unit": "ML"
      }
    ]
  },
  {
    "source_url": "https://www.woolworths.com.au/shop/productdetails/85277/connoisseur-camarosa-strawberry-gourmet-ice-cream",
    "name": "Connoisseur Camarosa Strawberry Gourmet Ice Cream 1l",
    "image_url": "https://cdn1.woolworths.media/content/wowproductimages/large/085277.jpg",
    "source_id": "Woolworths - 85277",
    "barcode": "9347042002878",
    "shop": "Woolworths",
    "weight": "100ML",
    "prices": [
      {
        "state": "NSW",
        "price": "900",
        "price_per_unit": "90",
        "price_unit": "ML"
      },
      {
        "state": "VIC",
        "price": "900",
        "price_per_unit": "90",
        "price_unit": "ML"
      },
      {
        "state": "QLD",
        "price": "900",
        "price_per_unit": "90",
        "price_unit": "ML"
      },
      {
        "state": "WA",
        "price": "900",
        "price_per_unit": "90",
        "price_unit": "ML"
      },
      {
        "state": "SA",
        "price": "900",
        "price_per_unit": "90",
        "price_unit": "ML"
      },
      null,
      {
        "state": "ACT",
        "price": "900",
        "price_per_unit": "90",
        "price_unit": "ML"
      },
      {
        "state": "NT",
        "price": "900",
        "price_per_unit": "90",
        "price_unit": "ML"
      }
    ]
  },
  {
    "source_url": "https://www.woolworths.com.au/shop/productdetails/384044/connoisseur-ice-cream-belgian-chocolate",
    "name": "Connoisseur Ice Cream Belgian Chocolate 1l Tub",
    "image_url": "https://cdn1.woolworths.media/content/wowproductimages/large/384044.jpg",
    "source_id": "Woolworths - 384044",
    "barcode": "9310080109069",
    "shop": "Woolworths",
    "weight": "100ML",
    "prices": [
      {
        "state": "NSW",
        "price": "900",
        "price_per_unit": "90",
        "price_unit": "ML"
      },
      {
        "state": "VIC",
        "price": "900",
        "price_per_unit": "90",
        "price_unit": "ML"
      },
      {
        "state": "QLD",
        "price": "900",
        "price_per_unit": "90",
        "price_unit": "ML"
      },
      {
        "state": "WA",
        "price": "900",
        "price_per_unit": "90",
        "price_unit": "ML"
      },
      {
        "state": "SA",
        "price": "900",
        "price_per_unit": "90",
        "price_unit": "ML"
      },
      {
        "state": "TAS",
        "price": "900",
        "price_per_unit": "90",
        "price_unit": "ML"
      },
      {
        "state": "ACT",
        "price": "900",
        "price_per_unit": "90",
        "price_unit": "ML"
      }
    ]
  },
  {
    "source_url": "https://www.woolworths.com.au/shop/productdetails/1793/connoisseur-ice-cream-cafe-grande",
    "name": "Connoisseur Ice Cream Cafe Grande 1l Tub",
    "image_url": "https://cdn1.woolworths.media/content/wowproductimages/large/001793.jpg",
    "source_id": "Woolworths - 1793",
    "barcode": "9300662011804",
    "shop": "Woolworths",
    "weight": "100ML",
    "prices": [
      {
        "state": "NSW",
        "price": "900",
        "price_per_unit": "90",
        "price_unit": "ML"
      },
      {
        "state": "VIC",
        "price": "900",
        "price_per_unit": "90",
        "price_unit": "ML"
      },
      {
        "state": "QLD",
        "price": "900",
        "price_per_unit": "90",
        "price_unit": "ML"
      },
      {
        "state": "WA",
        "price": "900",
        "price_per_unit": "90",
        "price_unit": "ML"
      },
      {
        "state": "SA",
        "price": "900",
        "price_per_unit": "90",
        "price_unit": "ML"
      },
      {
        "state": "TAS",
        "price": "900",
        "price_per_unit": "90",
        "price_unit": "ML"
      },
      {
        "state": "ACT",
        "price": "900",
        "price_per_unit": "90",
        "price_unit": "ML"
      },
      {
        "state": "NT",
        "price": "900",
        "price_per_unit": "90",
        "price_unit": "ML"
      }
    ]
  },
  {
    "source_url": "https://www.woolworths.com.au/shop/productdetails/259609/connoisseur-ice-cream-caramel-honey-macadamia",
    "name": "Connoisseur Ice Cream Caramel Honey Macadamia 1l Tub",
    "image_url": "https://cdn1.woolworths.media/content/wowproductimages/large/259609.jpg",
    "source_id": "Woolworths - 259609",
    "barcode": "9300662869375",
    "shop": "Woolworths",
    "weight": "100ML",
    "prices": [
      {
        "state": "NSW",
        "price": "900",
        "price_per_unit": "90",
        "price_unit": "ML"
      },
      {
        "state": "VIC",
        "price": "900",
        "price_per_unit": "90",
        "price_unit": "ML"
      },
      {
        "state": "QLD",
        "price": "900",
        "price_per_unit": "90",
        "price_unit": "ML"
      },
      {
        "state": "WA",
        "price": "900",
        "price_per_unit": "90",
        "price_unit": "ML"
      },
      {
        "state": "SA",
        "price": "900",
        "price_per_unit": "90",
        "price_unit": "ML"
      },
      {
        "state": "TAS",
        "price": "900",
        "price_per_unit": "90",
        "price_unit": "ML"
      },
      {
        "state": "ACT",
        "price": "900",
        "price_per_unit": "90",
        "price_unit": "ML"
      }
    ]
  },
  {
    "source_url": "https://www.woolworths.com.au/shop/productdetails/508517/connoisseur-ice-cream-chocolate-brownie",
    "name": "Connoisseur Ice Cream Chocolate Brownie 1l Tub",
    "image_url": "https://cdn1.woolworths.media/content/wowproductimages/large/508517.jpg",
    "source_id": "Woolworths - 508517",
    "barcode": "9347042001918",
    "shop": "Woolworths",
    "weight": "100ML",
    "prices": [
      {
        "state": "NSW",
        "price": "900",
        "price_per_unit": "90",
        "price_unit": "ML"
      },
      {
        "state": "VIC",
        "price": "900",
        "price_per_unit": "90",
        "price_unit": "ML"
      },
      {
        "state": "QLD",
        "price": "900",
        "price_per_unit": "90",
        "price_unit": "ML"
      },
      {
        "state": "WA",
        "price": "900",
        "price_per_unit": "90",
        "price_unit": "ML"
      },
      {
        "state": "SA",
        "price": "900",
        "price_per_unit": "90",
        "price_unit": "ML"
      },
      null,
      {
        "state": "ACT",
        "price": "900",
        "price_per_unit": "90",
        "price_unit": "ML"
      },
      {
        "state": "NT",
        "price": "900",
        "price_per_unit": "90",
        "price_unit": "ML"
      }
    ]
  },
  {
    "source_url": "https://www.woolworths.com.au/shop/productdetails/96190/connoisseur-ice-cream-classic-vanilla-tub",
    "name": "Connoisseur Ice Cream Classic Vanilla Tub 1l",
    "image_url": "https://cdn1.woolworths.media/content/wowproductimages/large/096190.jpg",
    "source_id": "Woolworths - 96190",
    "barcode": "9300662127994",
    "shop": "Woolworths",
    "weight": "100ML",
    "prices": [
      {
        "state": "NSW",
        "price": "900",
        "price_per_unit": "90",
        "price_unit": "ML"
      },
      {
        "state": "VIC",
        "price": "900",
        "price_per_unit": "90",
        "price_unit": "ML"
      },
      {
        "state": "QLD",
        "price": "900",
        "price_per_unit": "90",
        "price_unit": "ML"
      },
      {
        "state": "WA",
        "price": "900",
        "price_per_unit": "90",
        "price_unit": "ML"
      },
      {
        "state": "SA",
        "price": "900",
        "price_per_unit": "90",
        "price_unit": "ML"
      },
      {
        "state": "TAS",
        "price": "900",
        "price_per_unit": "90",
        "price_unit": "ML"
      },
      {
        "state": "ACT",
        "price": "900",
        "price_per_unit": "90",
        "price_unit": "ML"
      },
      {
        "state": "NT",
        "price": "900",
        "price_per_unit": "90",
        "price_unit": "ML"
      }
    ]
  },
  {
    "source_url": "https://www.woolworths.com.au/shop/productdetails/66363/connoisseur-ice-cream-cookies-cream",
    "name": "Connoisseur Ice Cream Cookies & Cream 1l Tub",
    "image_url": "https://cdn1.woolworths.media/content/wowproductimages/large/066363.jpg",
    "source_id": "Woolworths - 66363",
    "barcode": "9300662179542",
    "shop": "Woolworths",
    "weight": "100ML",
    "prices": [
      {
        "state": "NSW",
        "price": "900",
        "price_per_unit": "90",
        "price_unit": "ML"
      },
      {
        "state": "VIC",
        "price": "900",
        "price_per_unit": "90",
        "price_unit": "ML"
      },
      {
        "state": "QLD",
        "price": "900",
        "price_per_unit": "90",
        "price_unit": "ML"
      },
      {
        "state": "WA",
        "price": "900",
        "price_per_unit": "90",
        "price_unit": "ML"
      },
      {
        "state": "SA",
        "price": "900",
        "price_per_unit": "90",
        "price_unit": "ML"
      },
      null,
      {
        "state": "ACT",
        "price": "900",
        "price_per_unit": "90",
        "price_unit": "ML"
      }
    ]
  },
  {
    "source_url": "https://www.woolworths.com.au/shop/productdetails/699140/connoisseur-ice-cream-vanilla-caramel-brownie",
    "name": "Connoisseur Ice Cream Vanilla Caramel Brownie 1l",
    "image_url": "https://cdn1.woolworths.media/content/wowproductimages/large/699140.jpg",
    "source_id": "Woolworths - 699140",
    "barcode": "9347042002502",
    "shop": "Woolworths",
    "weight": "100ML",
    "prices": [
      {
        "state": "NSW",
        "price": "900",
        "price_per_unit": "90",
        "price_unit": "ML"
      },
      {
        "state": "VIC",
        "price": "900",
        "price_per_unit": "90",
        "price_unit": "ML"
      },
      {
        "state": "QLD",
        "price": "900",
        "price_per_unit": "90",
        "price_unit": "ML"
      },
      {
        "state": "WA",
        "price": "900",
        "price_per_unit": "90",
        "price_unit": "ML"
      },
      {
        "state": "SA",
        "price": "900",
        "price_per_unit": "90",
        "price_unit": "ML"
      },
      {
        "state": "TAS",
        "price": "900",
        "price_per_unit": "90",
        "price_unit": "ML"
      },
      {
        "state": "ACT",
        "price": "900",
        "price_per_unit": "90",
        "price_unit": "ML"
      },
      {
        "state": "NT",
        "price": "900",
        "price_per_unit": "90",
        "price_unit": "ML"
      }
    ]
  },
  {
    "source_url": "https://www.woolworths.com.au/shop/productdetails/505061/haagen-dazs-ice-cream-belgian-chocolate",
    "name": "Haagen-Dazs Ice Cream Belgian Chocolate 457mL",
    "image_url": "https://cdn1.woolworths.media/content/wowproductimages/large/505061.jpg",
    "source_id": "Woolworths - 505061",
    "barcode": "3415581113365",
    "shop": "Woolworths",
    "weight": "100ML",
    "prices": [
      {
        "state": "NSW",
        "price": "1350",
        "price_per_unit": "295",
        "price_unit": "ML"
      },
      {
        "state": "VIC",
        "price": "1350",
        "price_per_unit": "295",
        "price_unit": "ML"
      },
      {
        "state": "QLD",
        "price": "1350",
        "price_per_unit": "295",
        "price_unit": "ML"
      },
      {
        "state": "WA",
        "price": "1350",
        "price_per_unit": "295",
        "price_unit": "ML"
      },
      {
        "state": "SA",
        "price": "1350",
        "price_per_unit": "295",
        "price_unit": "ML"
      },
      {
        "state": "TAS",
        "price": "1350",
        "price_per_unit": "295",
        "price_unit": "ML"
      },
      {
        "state": "ACT",
        "price": "1350",
        "price_per_unit": "295",
        "price_unit": "ML"
      },
      {
        "state": "NT",
        "price": "1350",
        "price_per_unit": "295",
        "price_unit": "ML"
      }
    ]
  },
  {
    "source_url": "https://www.woolworths.com.au/shop/productdetails/53610/haagen-dazs-ice-cream-fruit-collection",
    "name": "Haagen-Dazs Ice Cream Fruit Collection 95mL x 4 pack",
    "image_url": "https://cdn1.woolworths.media/content/wowproductimages/large/053610.jpg",
    "source_id": "Woolworths - 53610",
    "barcode": "3415581520767",
    "shop": "Woolworths",
    "weight": "100ML",
    "prices": [
      {
        "state": "NSW",
        "price": "1350",
        "price_per_unit": "355",
        "price_unit": "ML"
      },
      {
        "state": "VIC",
        "price": "1350",
        "price_per_unit": "355",
        "price_unit": "ML"
      },
      {
        "state": "QLD",
        "price": "1350",
        "price_per_unit": "355",
        "price_unit": "ML"
      },
      {
        "state": "WA",
        "price": "1350",
        "price_per_unit": "355",
        "price_unit": "ML"
      },
      {
        "state": "SA",
        "price": "1350",
        "price_per_unit": "355",
        "price_unit": "ML"
      },
      {
        "state": "TAS",
        "price": "1350",
        "price_per_unit": "355",
        "price_unit": "ML"
      },
      {
        "state": "ACT",
        "price": "1350",
        "price_per_unit": "355",
        "price_unit": "ML"
      },
      {
        "state": "NT",
        "price": "1350",
        "price_per_unit": "355",
        "price_unit": "ML"
      }
    ]
  },
  {
    "source_url": "https://www.woolworths.com.au/shop/productdetails/505069/haagen-dazs-ice-cream-salted-caramel",
    "name": "Haagen-Dazs Ice Cream Salted Caramel 457mL",
    "image_url": "https://cdn1.woolworths.media/content/wowproductimages/large/505069.jpg",
    "source_id": "Woolworths - 505069",
    "barcode": "3415581114362",
    "shop": "Woolworths",
    "weight": "100ML",
    "prices": [
      {
        "state": "NSW",
        "price": "1350",
        "price_per_unit": "295",
        "price_unit": "ML"
      },
      {
        "state": "VIC",
        "price": "1350",
        "price_per_unit": "295",
        "price_unit": "ML"
      },
      {
        "state": "QLD",
        "price": "1350",
        "price_per_unit": "295",
        "price_unit": "ML"
      },
      {
        "state": "WA",
        "price": "1350",
        "price_per_unit": "295",
        "price_unit": "ML"
      },
      {
        "state": "SA",
        "price": "1350",
        "price_per_unit": "295",
        "price_unit": "ML"
      },
      {
        "state": "TAS",
        "price": "1350",
        "price_per_unit": "295",
        "price_unit": "ML"
      },
      {
        "state": "ACT",
        "price": "1350",
        "price_per_unit": "295",
        "price_unit": "ML"
      },
      {
        "state": "NT",
        "price": "1350",
        "price_per_unit": "295",
        "price_unit": "ML"
      }
    ]
  },
  {
    "source_url": "https://www.woolworths.com.au/shop/productdetails/505074/haagen-dazs-ice-cream-strawberries-cream",
    "name": "Haagen-Dazs Ice Cream Strawberries & Cream 457mL",
    "image_url": "https://cdn1.woolworths.media/content/wowproductimages/large/505074.jpg",
    "source_id": "Woolworths - 505074",
    "barcode": "3415581105360",
    "shop": "Woolworths",
    "weight": "100ML",
    "prices": [
      {
        "state": "NSW",
        "price": "1350",
        "price_per_unit": "295",
        "price_unit": "ML"
      },
      {
        "state": "VIC",
        "price": "1350",
        "price_per_unit": "295",
        "price_unit": "ML"
      },
      {
        "state": "QLD",
        "price": "1350",
        "price_per_unit": "295",
        "price_unit": "ML"
      },
      {
        "state": "WA",
        "price": "1350",
        "price_per_unit": "295",
        "price_unit": "ML"
      },
      {
        "state": "SA",
        "price": "1350",
        "price_per_unit": "295",
        "price_unit": "ML"
      },
      {
        "state": "TAS",
        "price": "1350",
        "price_per_unit": "295",
        "price_unit": "ML"
      },
      {
        "state": "ACT",
        "price": "1350",
        "price_per_unit": "295",
        "price_unit": "ML"
      }
    ]
  },
  {
    "source_url": "https://www.woolworths.com.au/shop/productdetails/503673/haagen-dazs-ice-cream-vanilla-ice-cream",
    "name": "Haagen-Dazs Ice Cream Vanilla 457mL",
    "image_url": "https://cdn1.woolworths.media/content/wowproductimages/large/503673.jpg",
    "source_id": "Woolworths - 503673",
    "barcode": "3415581101362",
    "shop": "Woolworths",
    "weight": "100ML",
    "prices": [
      {
        "state": "NSW",
        "price": "1350",
        "price_per_unit": "295",
        "price_unit": "ML"
      },
      {
        "state": "VIC",
        "price": "1350",
        "price_per_unit": "295",
        "price_unit": "ML"
      },
      {
        "state": "QLD",
        "price": "1350",
        "price_per_unit": "295",
        "price_unit": "ML"
      },
      {
        "state": "WA",
        "price": "1350",
        "price_per_unit": "295",
        "price_unit": "ML"
      },
      {
        "state": "SA",
        "price": "1350",
        "price_per_unit": "295",
        "price_unit": "ML"
      },
      {
        "state": "TAS",
        "price": "1350",
        "price_per_unit": "295",
        "price_unit": "ML"
      },
      {
        "state": "ACT",
        "price": "1350",
        "price_per_unit": "295",
        "price_unit": "ML"
      },
      {
        "state": "NT",
        "price": "1350",
        "price_per_unit": "295",
        "price_unit": "ML"
      }
    ]
  },
  {
    "source_url": "https://www.woolworths.com.au/shop/productdetails/488238/ben-jerry-s-cookie-vermont-ster-ice-cream",
    "name": "Ben & Jerry's Cookie Vermont-ster Ice Cream 427mL",
    "image_url": "https://cdn1.woolworths.media/content/wowproductimages/large/488238.jpg",
    "source_id": "Woolworths - 488238",
    "barcode": "8711327616523",
    "shop": "Woolworths",
    "weight": "100ML",
    "prices": [
      {
        "state": "VIC",
        "price": "1450",
        "price_per_unit": "340",
        "price_unit": "ML"
      },
      {
        "state": "QLD",
        "price": "1450",
        "price_per_unit": "340",
        "price_unit": "ML"
      },
      {
        "state": "WA",
        "price": "1450",
        "price_per_unit": "340",
        "price_unit": "ML"
      },
      {
        "state": "SA",
        "price": "1450",
        "price_per_unit": "340",
        "price_unit": "ML"
      },
      {
        "state": "TAS",
        "price": "1450",
        "price_per_unit": "340",
        "price_unit": "ML"
      },
      {
        "state": "ACT",
        "price": "870",
        "price_per_unit": "204",
        "price_unit": "ML"
      },
      {
        "state": "NT",
        "price": "870",
        "price_per_unit": "204",
        "price_unit": "ML"
      }
    ]
  },
  {
    "source_url": "https://www.woolworths.com.au/shop/productdetails/134671/ben-jerry-s-ice-cream-cookie-dough-s-wich-up",
    "name": "Ben & Jerry's Ice Cream Cookie Dough S'Wich Up 458mL",
    "image_url": "https://cdn1.woolworths.media/content/wowproductimages/large/134671.jpg",
    "source_id": "Woolworths - 134671",
    "barcode": "8711327483521",
    "shop": "Woolworths",
    "weight": "100ML",
    "prices": [
      {
        "state": "VIC",
        "price": "1450",
        "price_per_unit": "317",
        "price_unit": "ML"
      },
      {
        "state": "QLD",
        "price": "1450",
        "price_per_unit": "317",
        "price_unit": "ML"
      },
      {
        "state": "WA",
        "price": "1450",
        "price_per_unit": "317",
        "price_unit": "ML"
      },
      {
        "state": "SA",
        "price": "1450",
        "price_per_unit": "317",
        "price_unit": "ML"
      },
      {
        "state": "TAS",
        "price": "1450",
        "price_per_unit": "317",
        "price_unit": "ML"
      },
      {
        "state": "ACT",
        "price": "870",
        "price_per_unit": "190",
        "price_unit": "ML"
      },
      {
        "state": "NT",
        "price": "870",
        "price_per_unit": "190",
        "price_unit": "ML"
      }
    ]
  },
  {
    "source_url": "https://www.woolworths.com.au/shop/productdetails/348627/ben-jerry-s-ice-cream-phish-food-cream",
    "name": "Ben & Jerry's Ice Cream Phish Food 458mL",
    "image_url": "https://cdn1.woolworths.media/content/wowproductimages/large/348627.jpg",
    "source_id": "Woolworths - 348627",
    "barcode": "76840100989",
    "shop": "Woolworths",
    "weight": "100ML",
    "prices": [
      {
        "state": "VIC",
        "price": "1450",
        "price_per_unit": "317",
        "price_unit": "ML"
      },
      {
        "state": "QLD",
        "price": "1450",
        "price_per_unit": "317",
        "price_unit": "ML"
      },
      {
        "state": "WA",
        "price": "1450",
        "price_per_unit": "317",
        "price_unit": "ML"
      },
      {
        "state": "SA",
        "price": "1450",
        "price_per_unit": "317",
        "price_unit": "ML"
      },
      {
        "state": "TAS",
        "price": "1450",
        "price_per_unit": "317",
        "price_unit": "ML"
      },
      {
        "state": "ACT",
        "price": "870",
        "price_per_unit": "190",
        "price_unit": "ML"
      },
      {
        "state": "NT",
        "price": "870",
        "price_per_unit": "190",
        "price_unit": "ML"
      }
    ]
  },
  {
    "source_url": "https://www.woolworths.com.au/shop/productdetails/348629/ben-jerry-s-ice-cream-triple-caramel-chunk-ice-cream",
    "name": "Ben & Jerry's Ice Cream Triple Caramel Chunk 458mL",
    "image_url": "https://cdn1.woolworths.media/content/wowproductimages/large/348629.jpg",
    "source_id": "Woolworths - 348629",
    "barcode": "76840100774",
    "shop": "Woolworths",
    "weight": "100ML",
    "prices": [
      {
        "state": "VIC",
        "price": "1450",
        "price_per_unit": "317",
        "price_unit": "ML"
      },
      {
        "state": "QLD",
        "price": "1450",
        "price_per_unit": "317",
        "price_unit": "ML"
      },
      {
        "state": "WA",
        "price": "1450",
        "price_per_unit": "317",
        "price_unit": "ML"
      },
      {
        "state": "SA",
        "price": "1450",
        "price_per_unit": "317",
        "price_unit": "ML"
      },
      {
        "state": "TAS",
        "price": "1450",
        "price_per_unit": "317",
        "price_unit": "ML"
      },
      {
        "state": "ACT",
        "price": "870",
        "price_per_unit": "190",
        "price_unit": "ML"
      },
      {
        "state": "NT",
        "price": "870",
        "price_per_unit": "190",
        "price_unit": "ML"
      }
    ]
  },
  {
    "source_url": "https://www.woolworths.com.au/shop/productdetails/348630/ben-jerry-s-ice-cream-tub-half-baked",
    "name": "Ben & Jerry’s Ice Cream Tub Half Baked 458 Ml",
    "image_url": "https://cdn1.woolworths.media/content/wowproductimages/large/348630.jpg",
    "source_id": "Woolworths - 348630",
    "barcode": "76840101320",
    "shop": "Woolworths",
    "weight": "100ML",
    "prices": [
      {
        "state": "VIC",
        "price": "1450",
        "price_per_unit": "317",
        "price_unit": "ML"
      },
      {
        "state": "QLD",
        "price": "1450",
        "price_per_unit": "317",
        "price_unit": "ML"
      },
      {
        "state": "WA",
        "price": "1450",
        "price_per_unit": "317",
        "price_unit": "ML"
      },
      {
        "state": "SA",
        "price": "1450",
        "price_per_unit": "317",
        "price_unit": "ML"
      },
      {
        "state": "TAS",
        "price": "1450",
        "price_per_unit": "317",
        "price_unit": "ML"
      },
      {
        "state": "ACT",
        "price": "870",
        "price_per_unit": "190",
        "price_unit": "ML"
      },
      {
        "state": "NT",
        "price": "870",
        "price_per_unit": "190",
        "price_unit": "ML"
      }
    ]
  },
  {
    "source_url": "https://www.woolworths.com.au/shop/productdetails/921650/ben-jerry-s-ice-cream-tub-marshmallow-s-more",
    "name": "Ben & Jerry's Ice Cream Tub Marshmallow & S'More 427mL",
    "image_url": "https://cdn1.woolworths.media/content/wowproductimages/large/921650.jpg",
    "source_id": "Woolworths - 921650",
    "barcode": "8711327641259",
    "shop": "Woolworths",
    "weight": "100ML",
    "prices": [
      {
        "state": "VIC",
        "price": "1450",
        "price_per_unit": "340",
        "price_unit": "ML"
      },
      {
        "state": "SA",
        "price": "1450",
        "price_per_unit": "340",
        "price_unit": "ML"
      },
      {
        "state": "TAS",
        "price": "1450",
        "price_per_unit": "340",
        "price_unit": "ML"
      },
      {
        "state": "ACT",
        "price": "870",
        "price_per_unit": "204",
        "price_unit": "ML"
      },
      {
        "state": "NT",
        "price": "870",
        "price_per_unit": "204",
        "price_unit": "ML"
      }
    ]
  },
  {
    "source_url": "https://www.woolworths.com.au/shop/productdetails/441151/ben-jerry-s-ice-cream-tub-the-tonight-dough",
    "name": "Ben & Jerry’s Ice Cream Tub The Tonight Dough 458 Ml",
    "image_url": "https://cdn1.woolworths.media/content/wowproductimages/large/441151.jpg",
    "source_id": "Woolworths - 441151",
    "barcode": "76840551965",
    "shop": "Woolworths",
    "weight": "100ML",
    "prices": [
      {
        "state": "VIC",
        "price": "1450",
        "price_per_unit": "317",
        "price_unit": "ML"
      },
      {
        "state": "QLD",
        "price": "1450",
        "price_per_unit": "317",
        "price_unit": "ML"
      },
      {
        "state": "WA",
        "price": "1450",
        "price_per_unit": "317",
        "price_unit": "ML"
      },
      {
        "state": "SA",
        "price": "1450",
        "price_per_unit": "317",
        "price_unit": "ML"
      },
      {
        "state": "TAS",
        "price": "1450",
        "price_per_unit": "317",
        "price_unit": "ML"
      },
      {
        "state": "ACT",
        "price": "870",
        "price_per_unit": "190",
        "price_unit": "ML"
      },
      {
        "state": "NT",
        "price": "870",
        "price_per_unit": "190",
        "price_unit": "ML"
      }
    ]
  },
  {
    "source_url": "https://www.woolworths.com.au/shop/productdetails/375587/ben-jerry-s-oh-my-banoffee-pie-ice-cream",
    "name": "Ben & Jerry’s Oh My! Banoffee Pie Ice Cream 427ml",
    "image_url": "https://cdn1.woolworths.media/content/wowproductimages/large/375587.jpg",
    "source_id": "Woolworths - 375587",
    "barcode": "8711327603745",
    "shop": "Woolworths",
    "weight": "100ML",
    "prices": [
      {
        "state": "VIC",
        "price": "1450",
        "price_per_unit": "340",
        "price_unit": "ML"
      },
      {
        "state": "QLD",
        "price": "1450",
        "price_per_unit": "340",
        "price_unit": "ML"
      },
      {
        "state": "WA",
        "price": "1450",
        "price_per_unit": "340",
        "price_unit": "ML"
      },
      {
        "state": "SA",
        "price": "1450",
        "price_per_unit": "340",
        "price_unit": "ML"
      },
      {
        "state": "TAS",
        "price": "1450",
        "price_per_unit": "340",
        "price_unit": "ML"
      },
      {
        "state": "ACT",
        "price": "870",
        "price_per_unit": "204",
        "price_unit": "ML"
      }
    ]
  },
  {
    "source_url": "https://www.woolworths.com.au/shop/productdetails/924884/ben-jerry-s-spectacu-love-ice-cream-tub",
    "name": "Ben & Jerry's Spectacu - Love Ice Cream Tub 465mL",
    "image_url": "https://cdn1.woolworths.media/content/wowproductimages/large/924884.jpg",
    "source_id": "Woolworths - 924884",
    "barcode": "8711327641303",
    "shop": "Woolworths",
    "weight": "100ML",
    "prices": [
      {
        "state": "VIC",
        "price": "1450",
        "price_per_unit": "312",
        "price_unit": "ML"
      },
      {
        "state": "QLD",
        "price": "1450",
        "price_per_unit": "312",
        "price_unit": "ML"
      },
      {
        "state": "WA",
        "price": "1450",
        "price_per_unit": "312",
        "price_unit": "ML"
      },
      {
        "state": "SA",
        "price": "1450",
        "price_per_unit": "312",
        "price_unit": "ML"
      },
      {
        "state": "TAS",
        "price": "1450",
        "price_per_unit": "312",
        "price_unit": "ML"
      },
      {
        "state": "ACT",
        "price": "870",
        "price_per_unit": "187",
        "price_unit": "ML"
      },
      {
        "state": "NT",
        "price": "870",
        "price_per_unit": "187",
        "price_unit": "ML"
      }
    ]
  },
  {
    "source_url": "https://www.woolworths.com.au/shop/productdetails/494195/ben-jerry-s-sundae-dulce-de-lish-ice-cream",
    "name": "Ben & Jerry's Sundae Dulce De-lish Ice Cream 427mL",
    "image_url": "https://cdn1.woolworths.media/content/wowproductimages/large/494195.jpg",
    "source_id": "Woolworths - 494195",
    "barcode": "8711327621220",
    "shop": "Woolworths",
    "weight": "100ML",
    "prices": [
      {
        "state": "VIC",
        "price": "1450",
        "price_per_unit": "340",
        "price_unit": "ML"
      },
      {
        "state": "QLD",
        "price": "1450",
        "price_per_unit": "340",
        "price_unit": "ML"
      },
      {
        "state": "WA",
        "price": "1450",
        "price_per_unit": "340",
        "price_unit": "ML"
      },
      {
        "state": "ACT",
        "price": "870",
        "price_per_unit": "204",
        "price_unit": "ML"
      }
    ]
  },
  {
    "source_url": "https://www.woolworths.com.au/shop/productdetails/636654/blue-ribbon-classic-chocolate-reduced-fat-ice-cream-dessert-tub",
    "name": "Blue Ribbon Classic Chocolate Reduced Fat Ice Cream Dessert Tub 2L",
    "image_url": "https://cdn1.woolworths.media/content/wowproductimages/large/636654.jpg",
    "source_id": "Woolworths - 636654",
    "barcode": "9300830042517",
    "shop": "Woolworths",
    "weight": "100ML",
    "prices": [
      {
        "state": "VIC",
        "price": "650",
        "price_per_unit": "33",
        "price_unit": "ML"
      },
      {
        "state": "QLD",
        "price": "650",
        "price_per_unit": "33",
        "price_unit": "ML"
      },
      {
        "state": "WA",
        "price": "650",
        "price_per_unit": "33",
        "price_unit": "ML"
      },
      {
        "state": "SA",
        "price": "650",
        "price_per_unit": "33",
        "price_unit": "ML"
      },
      {
        "state": "TAS",
        "price": "650",
        "price_per_unit": "33",
        "price_unit": "ML"
      },
      {
        "state": "ACT",
        "price": "650",
        "price_per_unit": "33",
        "price_unit": "ML"
      },
      {
        "state": "NT",
        "price": "650",
        "price_per_unit": "33",
        "price_unit": "ML"
      }
    ]
  },
  {
    "source_url": "https://www.woolworths.com.au/shop/productdetails/243646/bulla-murray-st-caramel-swirl-shortbread-pieces-ice-cream",
    "name": "Bulla Murray St Caramel Swirl & Shortbread Pieces Ice Cream 1l",
    "image_url": "https://cdn1.woolworths.media/content/wowproductimages/large/243646.jpg",
    "source_id": "Woolworths - 243646",
    "barcode": "9310161018204",
    "shop": "Woolworths",
    "weight": "100ML",
    "prices": [
      {
        "state": "VIC",
        "price": "1200",
        "price_per_unit": "120",
        "price_unit": "ML"
      },
      {
        "state": "QLD",
        "price": "1200",
        "price_per_unit": "120",
        "price_unit": "ML"
      },
      {
        "state": "WA",
        "price": "1200",
        "price_per_unit": "120",
        "price_unit": "ML"
      },
      {
        "state": "SA",
        "price": "1200",
        "price_per_unit": "120",
        "price_unit": "ML"
      },
      {
        "state": "TAS",
        "price": "1200",
        "price_per_unit": "120",
        "price_unit": "ML"
      },
      {
        "state": "ACT",
        "price": "1200",
        "price_per_unit": "120",
        "price_unit": "ML"
      }
    ]
  },
  {
    "source_url": "https://www.woolworths.com.au/shop/productdetails/385129/bulla-murray-st-choc-mint-sundae-ice-cream",
    "name": "Bulla Murray St Choc Mint Sundae Ice Cream 1l",
    "image_url": "https://cdn1.woolworths.media/content/wowproductimages/large/385129.jpg",
    "source_id": "Woolworths - 385129",
    "barcode": "9310161018617",
    "shop": "Woolworths",
    "weight": "100ML",
    "prices": [
      {
        "state": "VIC",
        "price": "1200",
        "price_per_unit": "120",
        "price_unit": "ML"
      },
      {
        "state": "QLD",
        "price": "1200",
        "price_per_unit": "120",
        "price_unit": "ML"
      },
      {
        "state": "WA",
        "price": "1200",
        "price_per_unit": "120",
        "price_unit": "ML"
      },
      {
        "state": "SA",
        "price": "1200",
        "price_per_unit": "120",
        "price_unit": "ML"
      },
      {
        "state": "TAS",
        "price": "1200",
        "price_per_unit": "120",
        "price_unit": "ML"
      },
      {
        "state": "ACT",
        "price": "1200",
        "price_per_unit": "120",
        "price_unit": "ML"
      }
    ]
  },
  {
    "source_url": "https://www.woolworths.com.au/shop/productdetails/971026/bulla-murray-street-ice-cream-lemon-curd-swirl-tub",
    "name": "Bulla Murray Street Ice Cream Lemon Curd Swirl Tub 1L",
    "image_url": "https://cdn1.woolworths.media/content/wowproductimages/large/971026.jpg",
    "source_id": "Woolworths - 971026",
    "barcode": "9310161018938",
    "shop": "Woolworths",
    "weight": "100ML",
    "prices": [
      {
        "state": "VIC",
        "price": "1200",
        "price_per_unit": "120",
        "price_unit": "ML"
      },
      {
        "state": "SA",
        "price": "1200",
        "price_per_unit": "120",
        "price_unit": "ML"
      },
      {
        "state": "TAS",
        "price": "1200",
        "price_per_unit": "120",
        "price_unit": "ML"
      },
      {
        "state": "ACT",
        "price": "1200",
        "price_per_unit": "120",
        "price_unit": "ML"
      },
      {
        "state": "NT",
        "price": "1200",
        "price_per_unit": "120",
        "price_unit": "ML"
      }
    ]
  },
  {
    "source_url": "https://www.woolworths.com.au/shop/productdetails/278218/cadbury-caramello-frozen-dessert-tub",
    "name": "Cadbury Caramello Frozen Dessert Tub 460ml",
    "image_url": "https://cdn1.woolworths.media/content/wowproductimages/large/278218.jpg",
    "source_id": "Woolworths - 278218",
    "barcode": "9347043002600",
    "shop": "Woolworths",
    "weight": "100ML",
    "prices": [
      {
        "state": "VIC",
        "price": "1050",
        "price_per_unit": "228",
        "price_unit": "ML"
      },
      {
        "state": "QLD",
        "price": "1050",
        "price_per_unit": "228",
        "price_unit": "ML"
      },
      {
        "state": "WA",
        "price": "1050",
        "price_per_unit": "228",
        "price_unit": "ML"
      },
      {
        "state": "SA",
        "price": "1050",
        "price_per_unit": "228",
        "price_unit": "ML"
      },
      {
        "state": "TAS",
        "price": "1050",
        "price_per_unit": "228",
        "price_unit": "ML"
      },
      {
        "state": "ACT",
        "price": "1050",
        "price_per_unit": "228",
        "price_unit": "ML"
      }
    ]
  },
  {
    "source_url": "https://www.woolworths.com.au/shop/productdetails/277299/cadbury-caramilk-frozen-dessert-tub",
    "name": "Cadbury Caramilk Frozen Dessert Tub 460ml",
    "image_url": "https://cdn1.woolworths.media/content/wowproductimages/large/277299.jpg",
    "source_id": "Woolworths - 277299",
    "barcode": "9347043002617",
    "shop": "Woolworths",
    "weight": "100ML",
    "prices": [
      {
        "state": "VIC",
        "price": "1050",
        "price_per_unit": "228",
        "price_unit": "ML"
      },
      {
        "state": "QLD",
        "price": "1050",
        "price_per_unit": "228",
        "price_unit": "ML"
      },
      {
        "state": "WA",
        "price": "1050",
        "price_per_unit": "228",
        "price_unit": "ML"
      },
      {
        "state": "SA",
        "price": "1050",
        "price_per_unit": "228",
        "price_unit": "ML"
      },
      {
        "state": "TAS",
        "price": "1050",
        "price_per_unit": "228",
        "price_unit": "ML"
      },
      {
        "state": "ACT",
        "price": "1050",
        "price_per_unit": "228",
        "price_unit": "ML"
      }
    ]
  },
  {
    "source_url": "https://www.woolworths.com.au/shop/productdetails/282465/connoisseur-baked-choc-chip-cookie-chocolate-fudge",
    "name": "Connoisseur Baked Choc Chip Cookie Chocolate Fudge 1l",
    "image_url": "https://cdn1.woolworths.media/content/wowproductimages/large/282465.jpg",
    "source_id": "Woolworths - 282465",
    "barcode": "9347042003455",
    "shop": "Woolworths",
    "weight": "100ML",
    "prices": [
      {
        "state": "VIC",
        "price": "900",
        "price_per_unit": "90",
        "price_unit": "ML"
      },
      {
        "state": "QLD",
        "price": "900",
        "price_per_unit": "90",
        "price_unit": "ML"
      },
      {
        "state": "WA",
        "price": "900",
        "price_per_unit": "90",
        "price_unit": "ML"
      },
      {
        "state": "SA",
        "price": "900",
        "price_per_unit": "90",
        "price_unit": "ML"
      },
      {
        "state": "TAS",
        "price": "900",
        "price_per_unit": "90",
        "price_unit": "ML"
      },
      {
        "state": "ACT",
        "price": "900",
        "price_per_unit": "90",
        "price_unit": "ML"
      },
      {
        "state": "NT",
        "price": "900",
        "price_per_unit": "90",
        "price_unit": "ML"
      }
    ]
  },
  {
    "source_url": "https://www.woolworths.com.au/shop/productdetails/281031/connoisseur-gourmet-ice-cream-crunchy-peanut-butter-salted-caramel",
    "name": "Connoisseur Gourmet Ice Cream Crunchy Peanut Butter Salted Caramel 1l",
    "image_url": "https://cdn1.woolworths.media/content/wowproductimages/large/281031.jpg",
    "source_id": "Woolworths - 281031",
    "barcode": "9347042003448",
    "shop": "Woolworths",
    "weight": "100ML",
    "prices": [
      {
        "state": "VIC",
        "price": "900",
        "price_per_unit": "90",
        "price_unit": "ML"
      },
      {
        "state": "SA",
        "price": "900",
        "price_per_unit": "90",
        "price_unit": "ML"
      },
      {
        "state": "TAS",
        "price": "900",
        "price_per_unit": "90",
        "price_unit": "ML"
      },
      {
        "state": "ACT",
        "price": "900",
        "price_per_unit": "90",
        "price_unit": "ML"
      },
      {
        "state": "NT",
        "price": "900",
        "price_per_unit": "90",
        "price_unit": "ML"
      }
    ]
  },
  {
    "source_url": "https://www.woolworths.com.au/shop/productdetails/972948/connoisseur-gourmet-ice-cream-honeycomb-australian-honey",
    "name": "Connoisseur Gourmet Ice Cream Honeycomb & Australian Honey 1L",
    "image_url": "https://cdn1.woolworths.media/content/wowproductimages/large/972948.jpg",
    "source_id": "Woolworths - 972948",
    "barcode": "9347042003547",
    "shop": "Woolworths",
    "weight": "100ML",
    "prices": [
      {
        "state": "VIC",
        "price": "900",
        "price_per_unit": "90",
        "price_unit": "ML"
      },
      {
        "state": "QLD",
        "price": "900",
        "price_per_unit": "90",
        "price_unit": "ML"
      },
      {
        "state": "WA",
        "price": "900",
        "price_per_unit": "90",
        "price_unit": "ML"
      },
      {
        "state": "SA",
        "price": "900",
        "price_per_unit": "90",
        "price_unit": "ML"
      },
      {
        "state": "TAS",
        "price": "900",
        "price_per_unit": "90",
        "price_unit": "ML"
      },
      {
        "state": "ACT",
        "price": "900",
        "price_per_unit": "90",
        "price_unit": "ML"
      },
      {
        "state": "NT",
        "price": "900",
        "price_per_unit": "90",
        "price_unit": "ML"
      }
    ]
  },
  {
    "source_url": "https://www.woolworths.com.au/shop/productdetails/68608/connoisseur-gourmet-ice-cream-salted-caramel",
    "name": "Connoisseur Gourmet Ice Cream Salted Caramel 1L",
    "image_url": "https://cdn1.woolworths.media/content/wowproductimages/large/068608.jpg",
    "source_id": "Woolworths - 68608",
    "barcode": "9347042003554",
    "shop": "Woolworths",
    "weight": "100ML",
    "prices": [
      {
        "state": "VIC",
        "price": "900",
        "price_per_unit": "90",
        "price_unit": "ML"
      },
      {
        "state": "QLD",
        "price": "900",
        "price_per_unit": "90",
        "price_unit": "ML"
      },
      {
        "state": "WA",
        "price": "900",
        "price_per_unit": "90",
        "price_unit": "ML"
      },
      {
        "state": "SA",
        "price": "900",
        "price_per_unit": "90",
        "price_unit": "ML"
      },
      null,
      {
        "state": "ACT",
        "price": "900",
        "price_per_unit": "90",
        "price_unit": "ML"
      },
      {
        "state": "NT",
        "price": "900",
        "price_per_unit": "90",
        "price_unit": "ML"
      }
    ]
  },
  {
    "source_url": "https://www.woolworths.com.au/shop/productdetails/881471/connoisseur-ice-cream-raspberry-white-chocolate-tub",
    "name": "Connoisseur Ice Cream Raspberry White Chocolate Tub 1l",
    "image_url": "https://cdn1.woolworths.media/content/wowproductimages/large/881471.jpg",
    "source_id": "Woolworths - 881471",
    "barcode": "9347042001437",
    "shop": "Woolworths",
    "weight": "100ML",
    "prices": [
      {
        "state": "VIC",
        "price": "900",
        "price_per_unit": "90",
        "price_unit": "ML"
      },
      {
        "state": "QLD",
        "price": "900",
        "price_per_unit": "90",
        "price_unit": "ML"
      },
      {
        "state": "WA",
        "price": "900",
        "price_per_unit": "90",
        "price_unit": "ML"
      },
      {
        "state": "SA",
        "price": "900",
        "price_per_unit": "90",
        "price_unit": "ML"
      },
      null,
      {
        "state": "ACT",
        "price": "900",
        "price_per_unit": "90",
        "price_unit": "ML"
      },
      {
        "state": "NT",
        "price": "900",
        "price_per_unit": "90",
        "price_unit": "ML"
      }
    ]
  },
  {
    "source_url": "https://www.woolworths.com.au/shop/productdetails/178091/connoisseur-matcha-green-tea-with-white-choc-ice-cream-tub",
    "name": "Connoisseur Matcha Green Tea With White Choc Ice Cream Tub 1l",
    "image_url": "https://cdn1.woolworths.media/content/wowproductimages/large/178091.jpg",
    "source_id": "Woolworths - 178091",
    "barcode": "9347042003066",
    "shop": "Woolworths",
    "weight": "100ML",
    "prices": [
      {
        "state": "VIC",
        "price": "900",
        "price_per_unit": "90",
        "price_unit": "ML"
      },
      {
        "state": "QLD",
        "price": "900",
        "price_per_unit": "90",
        "price_unit": "ML"
      },
      {
        "state": "WA",
        "price": "900",
        "price_per_unit": "90",
        "price_unit": "ML"
      },
      {
        "state": "ACT",
        "price": "900",
        "price_per_unit": "90",
        "price_unit": "ML"
      }
    ]
  },
  {
    "source_url": "https://www.woolworths.com.au/shop/productdetails/633610/connoisseur-mint-with-cookies-ice-cream-tub",
    "name": "Connoisseur Mint With Cookies Ice Cream Tub 1l",
    "image_url": "https://cdn1.woolworths.media/content/wowproductimages/large/633610.jpg",
    "source_id": "Woolworths - 633610",
    "barcode": "9347042002236",
    "shop": "Woolworths",
    "weight": "100ML",
    "prices": [
      {
        "state": "VIC",
        "price": "900",
        "price_per_unit": "90",
        "price_unit": "ML"
      },
      {
        "state": "QLD",
        "price": "900",
        "price_per_unit": "90",
        "price_unit": "ML"
      },
      {
        "state": "WA",
        "price": "900",
        "price_per_unit": "90",
        "price_unit": "ML"
      },
      {
        "state": "SA",
        "price": "900",
        "price_per_unit": "90",
        "price_unit": "ML"
      },
      {
        "state": "TAS",
        "price": "900",
        "price_per_unit": "90",
        "price_unit": "ML"
      },
      {
        "state": "ACT",
        "price": "900",
        "price_per_unit": "90",
        "price_unit": "ML"
      },
      {
        "state": "NT",
        "price": "900",
        "price_per_unit": "90",
        "price_unit": "ML"
      }
    ]
  },
  {
    "source_url": "https://www.woolworths.com.au/shop/productdetails/125500/connoisseur-plant-based-hazelnut-chocolate-frozen-dessert-tub",
    "name": "Connoisseur Plant Based Hazelnut Chocolate Frozen Dessert Tub 1l",
    "image_url": "https://cdn1.woolworths.media/content/wowproductimages/large/125500.jpg",
    "source_id": "Woolworths - 125500",
    "barcode": "9347042002908",
    "shop": "Woolworths",
    "weight": "100ML",
    "prices": [
      {
        "state": "VIC",
        "price": "900",
        "price_per_unit": "90",
        "price_unit": "ML"
      },
      {
        "state": "QLD",
        "price": "900",
        "price_per_unit": "90",
        "price_unit": "ML"
      },
      {
        "state": "WA",
        "price": "900",
        "price_per_unit": "90",
        "price_unit": "ML"
      },
      {
        "state": "SA",
        "price": "900",
        "price_per_unit": "90",
        "price_unit": "ML"
      },
      {
        "state": "TAS",
        "price": "900",
        "price_per_unit": "90",
        "price_unit": "ML"
      },
      {
        "state": "ACT",
        "price": "900",
        "price_per_unit": "90",
        "price_unit": "ML"
      },
      {
        "state": "NT",
        "price": "900",
        "price_per_unit": "90",
        "price_unit": "ML"
      }
    ]
  },
  {
    "source_url": "https://www.woolworths.com.au/shop/productdetails/201480/elato-artisanal-vegan-gelato-dark-chocolate-truffle",
    "name": "Elato Artisanal Vegan Gelato Dark Chocolate Truffle 475ml",
    "image_url": "https://cdn1.woolworths.media/content/wowproductimages/large/201480.jpg",
    "source_id": "Woolworths - 201480",
    "barcode": "9357469000029",
    "shop": "Woolworths",
    "weight": "100ML",
    "prices": [
      {
        "state": "VIC",
        "price": "1250",
        "price_per_unit": "263",
        "price_unit": "ML"
      },
      {
        "state": "ACT",
        "price": "1000",
        "price_per_unit": "211",
        "price_unit": "ML"
      }
    ]
  },
  {
    "source_url": "https://www.woolworths.com.au/shop/productdetails/203033/elato-ice-cream-triple-vanilla",
    "name": "Elato Ice Cream Triple Vanilla 475ml",
    "image_url": "https://cdn1.woolworths.media/content/wowproductimages/large/203033.jpg",
    "source_id": "Woolworths - 203033",
    "barcode": "9357469000005",
    "shop": "Woolworths",
    "weight": "100ML",
    "prices": [
      {
        "state": "VIC",
        "price": "1250",
        "price_per_unit": "263",
        "price_unit": "ML"
      },
      {
        "state": "ACT",
        "price": "1000",
        "price_per_unit": "211",
        "price_unit": "ML"
      }
    ]
  },
  {
    "source_url": "https://www.woolworths.com.au/shop/productdetails/528192/haagen-dazs-ice-cream-pralines-cream",
    "name": "Haagen-Dazs Ice Cream  Pralines & Cream 457mL",
    "image_url": "https://cdn1.woolworths.media/content/wowproductimages/large/528192.jpg",
    "source_id": "Woolworths - 528192",
    "barcode": "3415581153361",
    "shop": "Woolworths",
    "weight": "100ML",
    "prices": [
      {
        "state": "VIC",
        "price": "1350",
        "price_per_unit": "295",
        "price_unit": "ML"
      },
      {
        "state": "QLD",
        "price": "1350",
        "price_per_unit": "295",
        "price_unit": "ML"
      },
      {
        "state": "WA",
        "price": "1350",
        "price_per_unit": "295",
        "price_unit": "ML"
      },
      {
        "state": "SA",
        "price": "1350",
        "price_per_unit": "295",
        "price_unit": "ML"
      },
      {
        "state": "ACT",
        "price": "1350",
        "price_per_unit": "295",
        "price_unit": "ML"
      },
      {
        "state": "NT",
        "price": "1350",
        "price_per_unit": "295",
        "price_unit": "ML"
      }
    ]
  },
  {
    "source_url": "https://www.woolworths.com.au/shop/productdetails/674016/haagen-dazs-ice-cream-caramel-biscuit-cream",
    "name": "Haagen-Dazs Ice Cream Caramel Biscuit & Cream 457mL",
    "image_url": "https://cdn1.woolworths.media/content/wowproductimages/large/674016.jpg",
    "source_id": "Woolworths - 674016",
    "barcode": "3415581117363",
    "shop": "Woolworths",
    "weight": "100ML",
    "prices": [
      {
        "state": "VIC",
        "price": "1350",
        "price_per_unit": "295",
        "price_unit": "ML"
      },
      {
        "state": "QLD",
        "price": "1350",
        "price_per_unit": "295",
        "price_unit": "ML"
      },
      {
        "state": "WA",
        "price": "1350",
        "price_per_unit": "295",
        "price_unit": "ML"
      },
      {
        "state": "SA",
        "price": "1350",
        "price_per_unit": "295",
        "price_unit": "ML"
      },
      {
        "state": "TAS",
        "price": "1350",
        "price_per_unit": "295",
        "price_unit": "ML"
      },
      {
        "state": "ACT",
        "price": "1350",
        "price_per_unit": "295",
        "price_unit": "ML"
      },
      {
        "state": "NT",
        "price": "1350",
        "price_per_unit": "295",
        "price_unit": "ML"
      }
    ]
  },
  {
    "source_url": "https://www.woolworths.com.au/shop/productdetails/18821/haagen-dazs-ice-cream-classic-collection",
    "name": "Haagen-Dazs Ice Cream Classic Collection 95mL x 4 pack",
    "image_url": "https://cdn1.woolworths.media/content/wowproductimages/large/018821.jpg",
    "source_id": "Woolworths - 18821",
    "barcode": "3415582803166",
    "shop": "Woolworths",
    "weight": "100ML",
    "prices": [
      {
        "state": "VIC",
        "price": "1350",
        "price_per_unit": "355",
        "price_unit": "ML"
      },
      {
        "state": "TAS",
        "price": "1350",
        "price_per_unit": "355",
        "price_unit": "ML"
      },
      null,
      {
        "state": "NT",
        "price": "1350",
        "price_per_unit": "355",
        "price_unit": "ML"
      }
    ]
  },
  {
    "source_url": "https://www.woolworths.com.au/shop/productdetails/816259/haagen-dazs-ice-cream-cookie-dough-chip",
    "name": "Haagen-Dazs Ice Cream Cookie Dough Chip 457mL",
    "image_url": "https://cdn1.woolworths.media/content/wowproductimages/large/816259.jpg",
    "source_id": "Woolworths - 816259",
    "barcode": "3415581154368",
    "shop": "Woolworths",
    "weight": "100ML",
    "prices": [
      {
        "state": "VIC",
        "price": "1350",
        "price_per_unit": "295",
        "price_unit": "ML"
      },
      {
        "state": "SA",
        "price": "1350",
        "price_per_unit": "295",
        "price_unit": "ML"
      },
      {
        "state": "TAS",
        "price": "1350",
        "price_per_unit": "295",
        "price_unit": "ML"
      },
      {
        "state": "ACT",
        "price": "1350",
        "price_per_unit": "295",
        "price_unit": "ML"
      },
      {
        "state": "NT",
        "price": "1350",
        "price_per_unit": "295",
        "price_unit": "ML"
      }
    ]
  },
  {
    "source_url": "https://www.woolworths.com.au/shop/productdetails/505059/haagen-dazs-macadamia-nut-brittle-ice-cream",
    "name": "Haagen-Dazs Ice Cream Macadamia Nut Brittle 457mL",
    "image_url": "https://cdn1.woolworths.media/content/wowproductimages/large/505059.jpg",
    "source_id": "Woolworths - 505059",
    "barcode": "3415581122367",
    "shop": "Woolworths",
    "weight": "100ML",
    "prices": [
      {
        "state": "VIC",
        "price": "1350",
        "price_per_unit": "295",
        "price_unit": "ML"
      },
      {
        "state": "QLD",
        "price": "1350",
        "price_per_unit": "295",
        "price_unit": "ML"
      },
      {
        "state": "WA",
        "price": "1350",
        "price_per_unit": "295",
        "price_unit": "ML"
      },
      {
        "state": "SA",
        "price": "1350",
        "price_per_unit": "295",
        "price_unit": "ML"
      },
      {
        "state": "ACT",
        "price": "1350",
        "price_per_unit": "295",
        "price_unit": "ML"
      },
      {
        "state": "NT",
        "price": "1350",
        "price_per_unit": "295",
        "price_unit": "ML"
      }
    ]
  },
  {
    "source_url": "https://www.woolworths.com.au/shop/productdetails/53724/haagen-dazs-little-cups-caramel-collection",
    "name": "Haagen-Dazs Little Cups Caramel Collection 4 pack",
    "image_url": "https://cdn1.woolworths.media/content/wowproductimages/large/053724.jpg",
    "source_id": "Woolworths - 53724",
    "barcode": "3415581545760",
    "shop": "Woolworths",
    "weight": "100ML",
    "prices": [
      {
        "state": "VIC",
        "price": "1350",
        "price_per_unit": "355",
        "price_unit": "ML"
      },
      {
        "state": "SA",
        "price": "1350",
        "price_per_unit": "355",
        "price_unit": "ML"
      },
      {
        "state": "ACT",
        "price": "1350",
        "price_per_unit": "355",
        "price_unit": "ML"
      },
      {
        "state": "NT",
        "price": "1350",
        "price_per_unit": "355",
        "price_unit": "ML"
      }
    ]
  },
  {
    "source_url": "https://www.woolworths.com.au/shop/productdetails/68701/haagen-dazs-little-cups-signature-collection-ice-cream-cups",
    "name": "Haagen-Dazs Little Cups Signature Collection Ice Cream Cups 95mL x 4 pack",
    "image_url": "https://cdn1.woolworths.media/content/wowproductimages/large/068701.jpg",
    "source_id": "Woolworths - 68701",
    "barcode": "3415581515367",
    "shop": "Woolworths",
    "weight": "100ML",
    "prices": [
      {
        "state": "VIC",
        "price": "1350",
        "price_per_unit": "355",
        "price_unit": "ML"
      },
      {
        "state": "SA",
        "price": "1350",
        "price_per_unit": "355",
        "price_unit": "ML"
      },
      {
        "state": "TAS",
        "price": "1350",
        "price_per_unit": "355",
        "price_unit": "ML"
      },
      {
        "state": "ACT",
        "price": "1350",
        "price_per_unit": "355",
        "price_unit": "ML"
      },
      {
        "state": "NT",
        "price": "1350",
        "price_per_unit": "355",
        "price_unit": "ML"
      }
    ]
  },
  {
    "source_url": "https://www.woolworths.com.au/shop/productdetails/303065/maggie-beer-burnt-fig-honeycomb-caramel-ice-cream",
    "name": "Maggie Beer Burnt Fig Honeycomb & Caramel Ice Cream 500ml",
    "image_url": "https://cdn1.woolworths.media/content/wowproductimages/large/303065.jpg",
    "source_id": "Woolworths - 303065",
    "barcode": "873006000073",
    "shop": "Woolworths",
    "weight": "100ML",
    "prices": [
      {
        "state": "SA",
        "price": "1200",
        "price_per_unit": "240",
        "price_unit": "ML"
      },
      {
        "state": "ACT",
        "price": "1200",
        "price_per_unit": "240",
        "price_unit": "ML"
      }
    ]
  },
  {
    "source_url": "https://www.woolworths.com.au/shop/productdetails/720979/maggie-beer-chocolate-salted-caramel-ice-cream",
    "name": "Maggie Beer Chocolate & Salted Caramel Ice Cream 500ml",
    "image_url": "https://cdn1.woolworths.media/content/wowproductimages/large/720979.jpg",
    "source_id": "Woolworths - 720979",
    "barcode": "873006000370",
    "shop": "Woolworths",
    "weight": "100ML",
    "prices": [
      {
        "state": "VIC",
        "price": "1200",
        "price_per_unit": "240",
        "price_unit": "ML"
      },
      {
        "state": "ACT",
        "price": "1200",
        "price_per_unit": "240",
        "price_unit": "ML"
      }
    ]
  },
  {
    "source_url": "https://www.woolworths.com.au/shop/productdetails/636655/magnum-ice-cream-tub-classic",
    "name": "Magnum Ice Cream Tub Classic 440 Ml",
    "image_url": "https://cdn1.woolworths.media/content/wowproductimages/large/636655.jpg",
    "source_id": "Woolworths - 636655",
    "barcode": "9300830041299",
    "shop": "Woolworths",
    "weight": "100ML",
    "prices": [
      {
        "state": "VIC",
        "price": "1200",
        "price_per_unit": "273",
        "price_unit": "ML"
      },
      {
        "state": "QLD",
        "price": "1200",
        "price_per_unit": "273",
        "price_unit": "ML"
      },
      {
        "state": "WA",
        "price": "1200",
        "price_per_unit": "273",
        "price_unit": "ML"
      },
      {
        "state": "SA",
        "price": "1200",
        "price_per_unit": "273",
        "price_unit": "ML"
      },
      {
        "state": "TAS",
        "price": "1200",
        "price_per_unit": "273",
        "price_unit": "ML"
      },
      {
        "state": "ACT",
        "price": "840",
        "price_per_unit": "191",
        "price_unit": "ML"
      }
    ]
  },
  {
    "source_url": "https://www.woolworths.com.au/shop/productdetails/972892/messina-gelato-dulce-de-leche",
    "name": "Messina Gelato Dulce De Leche 475mL",
    "image_url": "https://cdn1.woolworths.media/content/wowproductimages/large/972892.jpg",
    "source_id": "Woolworths - 972892",
    "barcode": "9357128001213",
    "shop": "Woolworths",
    "weight": "100ML",
    "prices": [
      {
        "state": "VIC",
        "price": "1450",
        "price_per_unit": "305",
        "price_unit": "ML"
      },
      {
        "state": "QLD",
        "price": "1450",
        "price_per_unit": "305",
        "price_unit": "ML"
      },
      {
        "state": "WA",
        "price": "1450",
        "price_per_unit": "305",
        "price_unit": "ML"
      },
      {
        "state": "SA",
        "price": "1450",
        "price_per_unit": "305",
        "price_unit": "ML"
      },
      {
        "state": "TAS",
        "price": "1450",
        "price_per_unit": "305",
        "price_unit": "ML"
      },
      {
        "state": "ACT",
        "price": "1450",
        "price_per_unit": "305",
        "price_unit": "ML"
      },
      {
        "state": "NT",
        "price": "1450",
        "price_per_unit": "305",
        "price_unit": "ML"
      }
    ]
  },
  {
    "source_url": "https://www.woolworths.com.au/shop/productdetails/972828/messina-gelato-hazelnut-praline",
    "name": "Messina Gelato Hazelnut Praline 475mL",
    "image_url": "https://cdn1.woolworths.media/content/wowproductimages/large/972828.jpg",
    "source_id": "Woolworths - 972828",
    "barcode": "9357128001237",
    "shop": "Woolworths",
    "weight": "100ML",
    "prices": [
      {
        "state": "VIC",
        "price": "1450",
        "price_per_unit": "305",
        "price_unit": "ML"
      },
      {
        "state": "SA",
        "price": "1450",
        "price_per_unit": "305",
        "price_unit": "ML"
      },
      {
        "state": "TAS",
        "price": "1450",
        "price_per_unit": "305",
        "price_unit": "ML"
      },
      {
        "state": "ACT",
        "price": "1450",
        "price_per_unit": "305",
        "price_unit": "ML"
      },
      {
        "state": "NT",
        "price": "1450",
        "price_per_unit": "305",
        "price_unit": "ML"
      }
    ]
  },
  {
    "source_url": "https://www.woolworths.com.au/shop/productdetails/972829/messina-gelato-pistachio-praline",
    "name": "Messina Gelato Pistachio Praline 475mL",
    "image_url": "https://cdn1.woolworths.media/content/wowproductimages/large/972829.jpg",
    "source_id": "Woolworths - 972829",
    "barcode": "9357128001220",
    "shop": "Woolworths",
    "weight": "100ML",
    "prices": [
      {
        "state": "VIC",
        "price": "1450",
        "price_per_unit": "305",
        "price_unit": "ML"
      },
      {
        "state": "QLD",
        "price": "1450",
        "price_per_unit": "305",
        "price_unit": "ML"
      },
      {
        "state": "WA",
        "price": "1450",
        "price_per_unit": "305",
        "price_unit": "ML"
      },
      {
        "state": "SA",
        "price": "1450",
        "price_per_unit": "305",
        "price_unit": "ML"
      },
      {
        "state": "TAS",
        "price": "1450",
        "price_per_unit": "305",
        "price_unit": "ML"
      },
      {
        "state": "ACT",
        "price": "1450",
        "price_per_unit": "305",
        "price_unit": "ML"
      },
      {
        "state": "NT",
        "price": "1450",
        "price_per_unit": "305",
        "price_unit": "ML"
      }
    ]
  },
  {
    "source_url": "https://www.woolworths.com.au/shop/productdetails/972830/messina-gelato-robert-brownie-junior",
    "name": "Messina Gelato Robert Brownie Junior 475mL",
    "image_url": "https://cdn1.woolworths.media/content/wowproductimages/large/972830.jpg",
    "source_id": "Woolworths - 972830",
    "barcode": "9357128001251",
    "shop": "Woolworths",
    "weight": "100ML",
    "prices": [
      {
        "state": "SA",
        "price": "1450",
        "price_per_unit": "305",
        "price_unit": "ML"
      },
      {
        "state": "ACT",
        "price": "1450",
        "price_per_unit": "305",
        "price_unit": "ML"
      },
      {
        "state": "NT",
        "price": "1450",
        "price_per_unit": "305",
        "price_unit": "ML"
      }
    ]
  },
  {
    "source_url": "https://www.woolworths.com.au/shop/productdetails/972912/messina-gelato-super-vanilla",
    "name": "Messina Gelato Super Vanilla 475mL",
    "image_url": "https://cdn1.woolworths.media/content/wowproductimages/large/972912.jpg",
    "source_id": "Woolworths - 972912",
    "barcode": "9357128001206",
    "shop": "Woolworths",
    "weight": "100ML",
    "prices": [
      {
        "state": "VIC",
        "price": "1450",
        "price_per_unit": "305",
        "price_unit": "ML"
      },
      {
        "state": "SA",
        "price": "1450",
        "price_per_unit": "305",
        "price_unit": "ML"
      },
      {
        "state": "TAS",
        "price": "1450",
        "price_per_unit": "305",
        "price_unit": "ML"
      },
      {
        "state": "ACT",
        "price": "1450",
        "price_per_unit": "305",
        "price_unit": "ML"
      },
      {
        "state": "NT",
        "price": "1450",
        "price_per_unit": "305",
        "price_unit": "ML"
      }
    ]
  },
  {
    "source_url": "https://www.woolworths.com.au/shop/productdetails/972893/messina-gelato-tiramisu",
    "name": "Messina Gelato Tiramisu 475mL",
    "image_url": "https://cdn1.woolworths.media/content/wowproductimages/large/972893.jpg",
    "source_id": "Woolworths - 972893",
    "barcode": "9357128001275",
    "shop": "Woolworths",
    "weight": "100ML",
    "prices": [
      {
        "state": "SA",
        "price": "1450",
        "price_per_unit": "305",
        "price_unit": "ML"
      },
      {
        "state": "ACT",
        "price": "1450",
        "price_per_unit": "305",
        "price_unit": "ML"
      },
      {
        "state": "NT",
        "price": "1450",
        "price_per_unit": "305",
        "price_unit": "ML"
      }
    ]
  },
  {
    "source_url": "https://www.woolworths.com.au/shop/productdetails/53604/much-moore-awesome-boysenberry-ice-cream-tub",
    "name": "Much Moore Awesome Boysenberry Ice Cream Tub 2l",
    "image_url": "https://cdn1.woolworths.media/content/wowproductimages/large/053604.jpg",
    "source_id": "Woolworths - 53604",
    "barcode": "9416312272546",
    "shop": "Woolworths",
    "weight": "100ML",
    "prices": [
      {
        "state": "VIC",
        "price": "1100",
        "price_per_unit": "55",
        "price_unit": "ML"
      },
      {
        "state": "SA",
        "price": "1100",
        "price_per_unit": "55",
        "price_unit": "ML"
      },
      {
        "state": "ACT",
        "price": "1100",
        "price_per_unit": "55",
        "price_unit": "ML"
      }
    ]
  },
  {
    "source_url": "https://www.woolworths.com.au/shop/productdetails/799723/much-moore-awesome-foursome-cravings-ice-cream-tub",
    "name": "Much Moore Awesome Foursome Cravings Ice Cream Tub 2l",
    "image_url": "https://cdn1.woolworths.media/content/wowproductimages/large/799723.jpg",
    "source_id": "Woolworths - 799723",
    "barcode": "9416312200495",
    "shop": "Woolworths",
    "weight": "100ML",
    "prices": [
      {
        "state": "VIC",
        "price": "1100",
        "price_per_unit": "55",
        "price_unit": "ML"
      },
      {
        "state": "SA",
        "price": "1100",
        "price_per_unit": "55",
        "price_unit": "ML"
      },
      null,
      {
        "state": "ACT",
        "price": "1100",
        "price_per_unit": "55",
        "price_unit": "ML"
      }
    ]
  },
  {
    "source_url": "https://www.woolworths.com.au/shop/productdetails/269494/much-moore-awesome-foursome-ice-cream-tub",
    "name": "Much Moore Awesome Foursome Ice Cream Tub 2l",
    "image_url": "https://cdn1.woolworths.media/content/wowproductimages/large/269494.jpg",
    "source_id": "Woolworths - 269494",
    "barcode": "9416312200402",
    "shop": "Woolworths",
    "weight": "100ML",
    "prices": [
      {
        "state": "VIC",
        "price": "1100",
        "price_per_unit": "55",
        "price_unit": "ML"
      },
      {
        "state": "QLD",
        "price": "1100",
        "price_per_unit": "55",
        "price_unit": "ML"
      },
      {
        "state": "WA",
        "price": "1100",
        "price_per_unit": "55",
        "price_unit": "ML"
      },
      {
        "state": "SA",
        "price": "1100",
        "price_per_unit": "55",
        "price_unit": "ML"
      },
      {
        "state": "TAS",
        "price": "1100",
        "price_per_unit": "55",
        "price_unit": "ML"
      },
      {
        "state": "ACT",
        "price": "1100",
        "price_per_unit": "55",
        "price_unit": "ML"
      }
    ]
  },
  {
    "source_url": "https://www.woolworths.com.au/shop/productdetails/117705/much-moore-awesome-hokey-pokey-ice-cream-tub",
    "name": "Much Moore Awesome Hokey Pokey Ice Cream Tub 2l",
    "image_url": "https://cdn1.woolworths.media/content/wowproductimages/large/117705.jpg",
    "source_id": "Woolworths - 117705",
    "barcode": "9416312270092",
    "shop": "Woolworths",
    "weight": "100ML",
    "prices": [
      {
        "state": "VIC",
        "price": "1100",
        "price_per_unit": "55",
        "price_unit": "ML"
      },
      {
        "state": "QLD",
        "price": "1100",
        "price_per_unit": "55",
        "price_unit": "ML"
      },
      {
        "state": "WA",
        "price": "1100",
        "price_per_unit": "55",
        "price_unit": "ML"
      },
      {
        "state": "SA",
        "price": "1100",
        "price_per_unit": "55",
        "price_unit": "ML"
      },
      {
        "state": "TAS",
        "price": "1100",
        "price_per_unit": "55",
        "price_unit": "ML"
      },
      {
        "state": "ACT",
        "price": "1100",
        "price_per_unit": "55",
        "price_unit": "ML"
      }
    ]
  },
  {
    "source_url": "https://www.woolworths.com.au/shop/productdetails/560627/much-moore-awesome-salted-caramel-ice-cream-tub",
    "name": "Much Moore Awesome Salted Caramel Ice Cream Tub 2l",
    "image_url": "https://cdn1.woolworths.media/content/wowproductimages/large/560627.jpg",
    "source_id": "Woolworths - 560627",
    "barcode": "9416312272003",
    "shop": "Woolworths",
    "weight": "100ML",
    "prices": [
      {
        "state": "VIC",
        "price": "1100",
        "price_per_unit": "55",
        "price_unit": "ML"
      },
      {
        "state": "SA",
        "price": "1100",
        "price_per_unit": "55",
        "price_unit": "ML"
      },
      {
        "state": "TAS",
        "price": "1100",
        "price_per_unit": "55",
        "price_unit": "ML"
      },
      {
        "state": "ACT",
        "price": "1100",
        "price_per_unit": "55",
        "price_unit": "ML"
      },
      {
        "state": "NT",
        "price": "1100",
        "price_per_unit": "55",
        "price_unit": "ML"
      }
    ]
  },
  {
    "source_url": "https://www.woolworths.com.au/shop/productdetails/971025/norco-cape-byron-ice-cream-tub-caramel-pecan-pie",
    "name": "Norco Cape Byron Ice Cream Tub Caramel Pecan Pie 1L",
    "image_url": "https://cdn1.woolworths.media/content/wowproductimages/large/971025.jpg",
    "source_id": "Woolworths - 971025",
    "barcode": "9341661005517",
    "shop": "Woolworths",
    "weight": "100ML",
    "prices": [
      {
        "state": "VIC",
        "price": "800",
        "price_per_unit": "80",
        "price_unit": "ML"
      },
      {
        "state": "QLD",
        "price": "800",
        "price_per_unit": "80",
        "price_unit": "ML"
      },
      {
        "state": "WA",
        "price": "800",
        "price_per_unit": "80",
        "price_unit": "ML"
      },
      {
        "state": "SA",
        "price": "800",
        "price_per_unit": "80",
        "price_unit": "ML"
      },
      {
        "state": "TAS",
        "price": "1000",
        "price_per_unit": "100",
        "price_unit": "ML"
      },
      {
        "state": "ACT",
        "price": "1000",
        "price_per_unit": "100",
        "price_unit": "ML"
      }
    ]
  },
  {
    "source_url": "https://www.woolworths.com.au/shop/productdetails/972201/norco-cape-byron-ice-cream-tub-classic-cookie-dough",
    "name": "Norco Cape Byron Ice Cream Tub Classic Cookie Dough 1L",
    "image_url": "https://cdn1.woolworths.media/content/wowproductimages/large/972201.jpg",
    "source_id": "Woolworths - 972201",
    "barcode": "9341661005548",
    "shop": "Woolworths",
    "weight": "100ML",
    "prices": [
      {
        "state": "VIC",
        "price": "800",
        "price_per_unit": "80",
        "price_unit": "ML"
      },
      {
        "state": "QLD",
        "price": "800",
        "price_per_unit": "80",
        "price_unit": "ML"
      },
      {
        "state": "WA",
        "price": "800",
        "price_per_unit": "80",
        "price_unit": "ML"
      },
      {
        "state": "TAS",
        "price": "1000",
        "price_per_unit": "100",
        "price_unit": "ML"
      },
      {
        "state": "ACT",
        "price": "1000",
        "price_per_unit": "100",
        "price_unit": "ML"
      }
    ]
  },
  {
    "source_url": "https://www.woolworths.com.au/shop/productdetails/970951/norco-cape-byron-ice-cream-tub-mango-macadamia",
    "name": "Norco Cape Byron Ice Cream Tub Mango Macadamia 1L",
    "image_url": "https://cdn1.woolworths.media/content/wowproductimages/large/970951.jpg",
    "source_id": "Woolworths - 970951",
    "barcode": "9341661005555",
    "shop": "Woolworths",
    "weight": "100ML",
    "prices": [
      {
        "state": "VIC",
        "price": "800",
        "price_per_unit": "80",
        "price_unit": "ML"
      },
      {
        "state": "SA",
        "price": "800",
        "price_per_unit": "80",
        "price_unit": "ML"
      },
      {
        "state": "ACT",
        "price": "1000",
        "price_per_unit": "100",
        "price_unit": "ML"
      }
    ]
  },
  {
    "source_url": "https://www.woolworths.com.au/shop/productdetails/972254/norco-cape-byron-ice-cream-tub-ultimate-vanilla",
    "name": "Norco Cape Byron Ice Cream Tub Ultimate Vanilla 1L",
    "image_url": "https://cdn1.woolworths.media/content/wowproductimages/large/972254.jpg",
    "source_id": "Woolworths - 972254",
    "barcode": "9341661005500",
    "shop": "Woolworths",
    "weight": "100ML",
    "prices": [
      {
        "state": "VIC",
        "price": "800",
        "price_per_unit": "80",
        "price_unit": "ML"
      },
      {
        "state": "QLD",
        "price": "800",
        "price_per_unit": "80",
        "price_unit": "ML"
      },
      {
        "state": "WA",
        "price": "800",
        "price_per_unit": "80",
        "price_unit": "ML"
      },
      {
        "state": "SA",
        "price": "800",
        "price_per_unit": "80",
        "price_unit": "ML"
      },
      {
        "state": "TAS",
        "price": "1000",
        "price_per_unit": "100",
        "price_unit": "ML"
      },
      {
        "state": "ACT",
        "price": "1000",
        "price_per_unit": "100",
        "price_unit": "ML"
      }
    ]
  },
  {
    "source_url": "https://www.woolworths.com.au/shop/productdetails/231981/peters-light-creamy-classic-vanilla-ice-cream-slices",
    "name": "Peters Light & Creamy Classic Vanilla Ice Cream Slices 12 Pack",
    "image_url": "https://cdn1.woolworths.media/content/wowproductimages/large/231981.jpg",
    "source_id": "Woolworths - 231981",
    "barcode": "9310080103333",
    "shop": "Woolworths",
    "weight": "100ML",
    "prices": [
      {
        "state": "VIC",
        "price": "900",
        "price_per_unit": "75",
        "price_unit": "ML"
      },
      {
        "state": "QLD",
        "price": "900",
        "price_per_unit": "75",
        "price_unit": "ML"
      },
      {
        "state": "WA",
        "price": "900",
        "price_per_unit": "75",
        "price_unit": "ML"
      },
      {
        "state": "SA",
        "price": "900",
        "price_per_unit": "75",
        "price_unit": "ML"
      },
      {
        "state": "TAS",
        "price": "900",
        "price_per_unit": "75",
        "price_unit": "ML"
      },
      {
        "state": "ACT",
        "price": "900",
        "price_per_unit": "75",
        "price_unit": "ML"
      }
    ]
  },
  {
    "source_url": "https://www.woolworths.com.au/shop/productdetails/393167/tillamook-chocolate-peanut-butter-ice-cream",
    "name": "Tillamook Chocolate Peanut Butter Ice Cream 457mL",
    "image_url": "https://cdn1.woolworths.media/content/wowproductimages/large/393167.jpg",
    "source_id": "Woolworths - 393167",
    "barcode": "72830075466",
    "shop": "Woolworths",
    "weight": "100ML",
    "prices": [
      {
        "state": "VIC",
        "price": "500",
        "price_per_unit": "109",
        "price_unit": "ML"
      },
      {
        "state": "QLD",
        "price": "500",
        "price_per_unit": "109",
        "price_unit": "ML"
      },
      {
        "state": "WA",
        "price": "500",
        "price_per_unit": "109",
        "price_unit": "ML"
      },
      null,
      {
        "state": "ACT",
        "price": "500",
        "price_per_unit": "109",
        "price_unit": "ML"
      }
    ]
  },
  {
    "source_url": "https://www.woolworths.com.au/shop/productdetails/393168/tillamook-coffee-almond-fudge-ice-cream",
    "name": "Tillamook Coffee Almond Fudge Ice Cream 457mL",
    "image_url": "https://cdn1.woolworths.media/content/wowproductimages/large/393168.jpg",
    "source_id": "Woolworths - 393168",
    "barcode": "72830075435",
    "shop": "Woolworths",
    "weight": "100ML",
    "prices": [
      {
        "state": "QLD",
        "price": "500",
        "price_per_unit": "109",
        "price_unit": "ML"
      },
      {
        "state": "WA",
        "price": "500",
        "price_per_unit": "109",
        "price_unit": "ML"
      },
      {
        "state": "SA",
        "price": "500",
        "price_per_unit": "109",
        "price_unit": "ML"
      },
      null,
      {
        "state": "ACT",
        "price": "500",
        "price_per_unit": "109",
        "price_unit": "ML"
      }
    ]
  },
  {
    "source_url": "https://www.woolworths.com.au/shop/productdetails/393169/tillamook-dark-cherry-ice-cream",
    "name": "Tillamook Dark Cherry Ice Cream 457mL",
    "image_url": "https://cdn1.woolworths.media/content/wowproductimages/large/393169.jpg",
    "source_id": "Woolworths - 393169",
    "barcode": "72830075480",
    "shop": "Woolworths",
    "weight": "100ML",
    "prices": [
      {
        "state": "VIC",
        "price": "500",
        "price_per_unit": "109",
        "price_unit": "ML"
      },
      {
        "state": "QLD",
        "price": "500",
        "price_per_unit": "109",
        "price_unit": "ML"
      },
      {
        "state": "WA",
        "price": "500",
        "price_per_unit": "109",
        "price_unit": "ML"
      },
      null,
      {
        "state": "ACT",
        "price": "500",
        "price_per_unit": "109",
        "price_unit": "ML"
      },
      null
    ]
  },
  {
    "source_url": "https://www.woolworths.com.au/shop/productdetails/393592/tillamook-mint-choc-chip-ice-cream",
    "name": "Tillamook Mint Choc Chip Ice Cream 457mL",
    "image_url": "https://cdn1.woolworths.media/content/wowproductimages/large/393592.jpg",
    "source_id": "Woolworths - 393592",
    "barcode": "72830075428",
    "shop": "Woolworths",
    "weight": "100ML",
    "prices": [
      {
        "state": "QLD",
        "price": "500",
        "price_per_unit": "109",
        "price_unit": "ML"
      },
      {
        "state": "WA",
        "price": "500",
        "price_per_unit": "109",
        "price_unit": "ML"
      },
      null,
      {
        "state": "ACT",
        "price": "500",
        "price_per_unit": "109",
        "price_unit": "ML"
      }
    ]
  },
  {
    "source_url": "https://www.woolworths.com.au/shop/productdetails/392971/tillamook-mudslide-ice-cream",
    "name": "Tillamook Mudslide Ice Cream 457mL",
    "image_url": "https://cdn1.woolworths.media/content/wowproductimages/large/392971.jpg",
    "source_id": "Woolworths - 392971",
    "barcode": "72830075473",
    "shop": "Woolworths",
    "weight": "100ML",
    "prices": [
      {
        "state": "VIC",
        "price": "500",
        "price_per_unit": "109",
        "price_unit": "ML"
      },
      {
        "state": "QLD",
        "price": "500",
        "price_per_unit": "109",
        "price_unit": "ML"
      },
      {
        "state": "WA",
        "price": "500",
        "price_per_unit": "109",
        "price_unit": "ML"
      },
      {
        "state": "SA",
        "price": "500",
        "price_per_unit": "109",
        "price_unit": "ML"
      },
      null,
      {
        "state": "ACT",
        "price": "500",
        "price_per_unit": "109",
        "price_unit": "ML"
      },
      {
        "state": "NT",
        "price": "1000",
        "price_per_unit": "219",
        "price_unit": "ML"
      }
    ]
  },
  {
    "source_url": "https://www.woolworths.com.au/shop/productdetails/392970/tillamook-sea-salt-honeycomb-toffee-ice-cream",
    "name": "Tillamook Sea Salt & Honeycomb Toffee Ice Cream 457mL",
    "image_url": "https://cdn1.woolworths.media/content/wowproductimages/large/392970.jpg",
    "source_id": "Woolworths - 392970",
    "barcode": "72830075497",
    "shop": "Woolworths",
    "weight": "100ML",
    "prices": [
      {
        "state": "VIC",
        "price": "500",
        "price_per_unit": "109",
        "price_unit": "ML"
      },
      {
        "state": "QLD",
        "price": "500",
        "price_per_unit": "109",
        "price_unit": "ML"
      },
      {
        "state": "WA",
        "price": "500",
        "price_per_unit": "109",
        "price_unit": "ML"
      },
      null,
      {
        "state": "ACT",
        "price": "500",
        "price_per_unit": "109",
        "price_unit": "ML"
      }
    ]
  },
  {
    "source_url": "https://www.woolworths.com.au/shop/productdetails/392969/tillamook-seriously-strawberry-ice-cream",
    "name": "Tillamook Seriously Strawberry Ice Cream 457mL",
    "image_url": "https://cdn1.woolworths.media/content/wowproductimages/large/392969.jpg",
    "source_id": "Woolworths - 392969",
    "barcode": "72830075442",
    "shop": "Woolworths",
    "weight": "100ML",
    "prices": [
      {
        "state": "VIC",
        "price": "500",
        "price_per_unit": "109",
        "price_unit": "ML"
      },
      {
        "state": "QLD",
        "price": "500",
        "price_per_unit": "109",
        "price_unit": "ML"
      },
      {
        "state": "WA",
        "price": "500",
        "price_per_unit": "109",
        "price_unit": "ML"
      },
      null,
      {
        "state": "ACT",
        "price": "500",
        "price_per_unit": "109",
        "price_unit": "ML"
      }
    ]
  },
  {
    "source_url": "https://www.woolworths.com.au/shop/productdetails/392968/tillamook-vanilla-bean-ice-cream",
    "name": "Tillamook Vanilla Bean Ice Cream 457mL",
    "image_url": "https://cdn1.woolworths.media/content/wowproductimages/large/392968.jpg",
    "source_id": "Woolworths - 392968",
    "barcode": "72830075459",
    "shop": "Woolworths",
    "weight": "100ML",
    "prices": [
      {
        "state": "VIC",
        "price": "500",
        "price_per_unit": "109",
        "price_unit": "ML"
      },
      {
        "state": "QLD",
        "price": "500",
        "price_per_unit": "109",
        "price_unit": "ML"
      },
      {
        "state": "WA",
        "price": "500",
        "price_per_unit": "109",
        "price_unit": "ML"
      },
      {
        "state": "SA",
        "price": "500",
        "price_per_unit": "109",
        "price_unit": "ML"
      },
      {
        "state": "TAS",
        "price": "500",
        "price_per_unit": "109",
        "price_unit": "ML"
      },
      {
        "state": "ACT",
        "price": "1000",
        "price_per_unit": "219",
        "price_unit": "ML"
      },
      {
        "state": "NT",
        "price": "1000",
        "price_per_unit": "219",
        "price_unit": "ML"
      }
    ]
  },
  {
    "source_url": "https://www.woolworths.com.au/shop/productdetails/4296/golden-north-boysenberry-ice-cream-tub",
    "name": "Golden North Boysenberry Ice Cream Tub 2l",
    "image_url": "https://cdn1.woolworths.media/content/wowproductimages/large/004296.jpg",
    "source_id": "Woolworths - 4296",
    "barcode": "9331587000048",
    "shop": "Woolworths",
    "weight": "100ML",
    "prices": [
      {
        "state": "SA",
        "price": "790",
        "price_per_unit": "40",
        "price_unit": "ML"
      },
      {
        "state": "NT",
        "price": "1000",
        "price_per_unit": "50",
        "price_unit": "ML"
      }
    ]
  },
  {
    "source_url": "https://www.woolworths.com.au/shop/productdetails/97419/golden-north-ice-cream-vanilla-tub",
    "name": "Golden North Ice Cream Vanilla Tub 2l",
    "image_url": "https://cdn1.woolworths.media/content/wowproductimages/large/097419.jpg",
    "source_id": "Woolworths - 97419",
    "barcode": "9331587000086",
    "shop": "Woolworths",
    "weight": "100ML",
    "prices": [
      {
        "state": "SA",
        "price": "790",
        "price_per_unit": "40",
        "price_unit": "ML"
      },
      {
        "state": "NT",
        "price": "1000",
        "price_per_unit": "50",
        "price_unit": "ML"
      }
    ]
  },
  {
    "source_url": "https://www.woolworths.com.au/shop/productdetails/228348/woolworths-ice-cream-cookies-cream",
    "name": "Woolworths Ice Cream Cookies & Cream 1l",
    "image_url": "https://cdn1.woolworths.media/content/wowproductimages/large/228348.jpg",
    "source_id": "Woolworths - 228348",
    "barcode": "9339687307241",
    "shop": "Woolworths",
    "weight": "100ML",
    "prices": [
      {
        "state": "SA",
        "price": "650",
        "price_per_unit": "65",
        "price_unit": "ML"
      },
      {
        "state": "TAS",
        "price": "650",
        "price_per_unit": "65",
        "price_unit": "ML"
      },
      {
        "state": "ACT",
        "price": "650",
        "price_per_unit": "65",
        "price_unit": "ML"
      },
      {
        "state": "NT",
        "price": "650",
        "price_per_unit": "65",
        "price_unit": "ML"
      }
    ]
  },
  {
    "source_url": "https://www.woolworths.com.au/shop/productdetails/228346/woolworths-ice-cream-salted-caramel",
    "name": "Woolworths Ice Cream Salted Caramel 1l",
    "image_url": "https://cdn1.woolworths.media/content/wowproductimages/large/228346.jpg",
    "source_id": "Woolworths - 228346",
    "barcode": "9339687307227",
    "shop": "Woolworths",
    "weight": "100ML",
    "prices": [
      {
        "state": "SA",
        "price": "650",
        "price_per_unit": "65",
        "price_unit": "ML"
      },
      {
        "state": "TAS",
        "price": "650",
        "price_per_unit": "65",
        "price_unit": "ML"
      },
      null,
      {
        "state": "NT",
        "price": "650",
        "price_per_unit": "65",
        "price_unit": "ML"
      }
    ]
  },
  {
    "source_url": "https://www.woolworths.com.au/shop/productdetails/228347/woolworths-ice-cream-triple-chocolate",
    "name": "Woolworths Ice Cream Triple Chocolate 1l",
    "image_url": "https://cdn1.woolworths.media/content/wowproductimages/large/228347.jpg",
    "source_id": "Woolworths - 228347",
    "barcode": "9339687307234",
    "shop": "Woolworths",
    "weight": "100ML",
    "prices": [
      {
        "state": "SA",
        "price": "650",
        "price_per_unit": "65",
        "price_unit": "ML"
      },
      {
        "state": "TAS",
        "price": "650",
        "price_per_unit": "65",
        "price_unit": "ML"
      },
      {
        "state": "ACT",
        "price": "650",
        "price_per_unit": "65",
        "price_unit": "ML"
      },
      {
        "state": "NT",
        "price": "650",
        "price_per_unit": "65",
        "price_unit": "ML"
      }
    ]
  },
  {
    "source_url": "https://www.woolworths.com.au/shop/productdetails/228345/woolworths-ice-cream-vanilla-bean",
    "name": "Woolworths Ice Cream Vanilla Bean 1l",
    "image_url": "https://cdn1.woolworths.media/content/wowproductimages/large/228345.jpg",
    "source_id": "Woolworths - 228345",
    "barcode": "9339687307210",
    "shop": "Woolworths",
    "weight": "100ML",
    "prices": [
      {
        "state": "SA",
        "price": "650",
        "price_per_unit": "65",
        "price_unit": "ML"
      },
      {
        "state": "TAS",
        "price": "650",
        "price_per_unit": "65",
        "price_unit": "ML"
      },
      null,
      {
        "state": "NT",
        "price": "650",
        "price_per_unit": "65",
        "price_unit": "ML"
      }
    ]
  }
]