[
  {
    "source_url": "https://www.woolworths.com.au/shop/productdetails/386263/buonissimo-meat-lovers-pizza",
    "name": "Buonissimo Meat Lovers Pizza 460g",
    "image_url": "https://cdn1.woolworths.media/content/wowproductimages/large/386263.jpg",
    "source_id": "Woolworths - 386263",
    "barcode": "9353348000180",
    "shop": "Woolworths",
    "weight": "100G",
    "prices": [
      {
        "state": "NSW",
        "price": "650",
        "price_per_unit": "141",
        "price_unit": "G"
      },
      {
        "state": "VIC",
        "price": "650",
        "price_per_unit": "141",
        "price_unit": "G"
      },
      {
        "state": "QLD",
        "price": "650",
        "price_per_unit": "141",
        "price_unit": "G"
      },
      {
        "state": "WA",
        "price": "650",
        "price_per_unit": "141",
        "price_unit": "G"
      },
      {
        "state": "SA",
        "price": "650",
        "price_per_unit": "141",
        "price_unit": "G"
      },
      {
        "state": "TAS",
        "price": "650",
        "price_per_unit": "141",
        "price_unit": "G"
      },
      {
        "state": "ACT",
        "price": "850",
        "price_per_unit": "185",
        "price_unit": "G"
      },
      {
        "state": "NT",
        "price": "650",
        "price_per_unit": "141",
        "price_unit": "G"
      }
    ]
  },
  {
    "source_url": "https://www.woolworths.com.au/shop/productdetails/385211/buonissimo-pepperoni-pizza",
    "name": "Buonissimo Pepperoni Pizza 450g",
    "image_url": "https://cdn1.woolworths.media/content/wowproductimages/large/385211.jpg",
    "source_id": "Woolworths - 385211",
    "barcode": "9353348000173",
    "shop": "Woolworths",
    "weight": "100G",
    "prices": [
      {
        "state": "NSW",
        "price": "650",
        "price_per_unit": "144",
        "price_unit": "G"
      },
      {
        "state": "VIC",
        "price": "650",
        "price_per_unit": "144",
        "price_unit": "G"
      },
      {
        "state": "QLD",
        "price": "650",
        "price_per_unit": "144",
        "price_unit": "G"
      },
      {
        "state": "WA",
        "price": "650",
        "price_per_unit": "144",
        "price_unit": "G"
      },
      {
        "state": "SA",
        "price": "650",
        "price_per_unit": "144",
        "price_unit": "G"
      },
      {
        "state": "TAS",
        "price": "650",
        "price_per_unit": "144",
        "price_unit": "G"
      },
      {
        "state": "ACT",
        "price": "850",
        "price_per_unit": "189",
        "price_unit": "G"
      },
      {
        "state": "NT",
        "price": "650",
        "price_per_unit": "144",
        "price_unit": "G"
      }
    ]
  },
  {
    "source_url": "https://www.woolworths.com.au/shop/productdetails/155237/della-rosa-low-carb-high-protein-pizza-base",
    "name": "Della Rosa Low Carb High Protein Pizza Base 250g",
    "image_url": "https://cdn1.woolworths.media/content/wowproductimages/large/155237.jpg",
    "source_id": "Woolworths - 155237",
    "barcode": "9344378002732",
    "shop": "Woolworths",
    "weight": "100G",
    "prices": [
      {
        "state": "NSW",
        "price": "450",
        "price_per_unit": "180",
        "price_unit": "G"
      },
      {
        "state": "QLD",
        "price": "450",
        "price_per_unit": "180",
        "price_unit": "G"
      },
      {
        "state": "WA",
        "price": "450",
        "price_per_unit": "180",
        "price_unit": "G"
      },
      {
        "state": "SA",
        "price": "450",
        "price_per_unit": "180",
        "price_unit": "G"
      },
      {
        "state": "ACT",
        "price": "450",
        "price_per_unit": "180",
        "price_unit": "G"
      }
    ]
  },
  {
    "source_url": "https://www.woolworths.com.au/shop/productdetails/663660/dr-oetker-ristorante-mozzarella-pizza-gluten-free",
    "name": "Dr. Oetker Ristorante Mozzarella Pizza Gluten Free 370g",
    "image_url": "https://cdn1.woolworths.media/content/wowproductimages/large/663660.jpg",
    "source_id": "Woolworths - 663660",
    "barcode": "4001724025603",
    "shop": "Woolworths",
    "weight": "100G",
    "prices": [
      {
        "state": "NSW",
        "price": "1000",
        "price_per_unit": "270",
        "price_unit": "G"
      },
      {
        "state": "VIC",
        "price": "1000",
        "price_per_unit": "270",
        "price_unit": "G"
      },
      {
        "state": "QLD",
        "price": "1000",
        "price_per_unit": "270",
        "price_unit": "G"
      },
      {
        "state": "WA",
        "price": "1000",
        "price_per_unit": "270",
        "price_unit": "G"
      },
      {
        "state": "SA",
        "price": "1000",
        "price_per_unit": "270",
        "price_unit": "G"
      },
      {
        "state": "TAS",
        "price": "1000",
        "price_per_unit": "270",
        "price_unit": "G"
      },
      {
        "state": "ACT",
        "price": "1000",
        "price_per_unit": "270",
        "price_unit": "G"
      },
      {
        "state": "NT",
        "price": "1000",
        "price_per_unit": "270",
        "price_unit": "G"
      }
    ]
  },
  {
    "source_url": "https://www.woolworths.com.au/shop/productdetails/296606/dr-oetker-ristorante-pizza-mozzarella",
    "name": "Dr. Oetker Ristorante Pizza Mozzarella 355g",
    "image_url": "https://cdn1.woolworths.media/content/wowproductimages/large/296606.jpg",
    "source_id": "Woolworths - 296606",
    "barcode": "4001724041023",
    "shop": "Woolworths",
    "weight": "100G",
    "prices": [
      {
        "state": "NSW",
        "price": "900",
        "price_per_unit": "254",
        "price_unit": "G"
      },
      {
        "state": "VIC",
        "price": "900",
        "price_per_unit": "254",
        "price_unit": "G"
      },
      {
        "state": "QLD",
        "price": "900",
        "price_per_unit": "254",
        "price_unit": "G"
      },
      {
        "state": "WA",
        "price": "900",
        "price_per_unit": "254",
        "price_unit": "G"
      },
      {
        "state": "SA",
        "price": "900",
        "price_per_unit": "254",
        "price_unit": "G"
      },
      {
        "state": "TAS",
        "price": "900",
        "price_per_unit": "254",
        "price_unit": "G"
      },
      {
        "state": "ACT",
        "price": "900",
        "price_per_unit": "254",
        "price_unit": "G"
      }
    ]
  },
  {
    "source_url": "https://www.woolworths.com.au/shop/productdetails/705420/dr-oetker-ristorante-pizza-pepperoni",
    "name": "Dr. Oetker Ristorante Pizza Pepperoni 310g",
    "image_url": "https://cdn1.woolworths.media/content/wowproductimages/large/705420.jpg",
    "source_id": "Woolworths - 705420",
    "barcode": "9344988000074",
    "shop": "Woolworths",
    "weight": "100G",
    "prices": [
      {
        "state": "NSW",
        "price": "900",
        "price_per_unit": "290",
        "price_unit": "G"
      },
      {
        "state": "VIC",
        "price": "900",
        "price_per_unit": "290",
        "price_unit": "G"
      },
      {
        "state": "QLD",
        "price": "900",
        "price_per_unit": "290",
        "price_unit": "G"
      },
      {
        "state": "WA",
        "price": "900",
        "price_per_unit": "290",
        "price_unit": "G"
      },
      {
        "state": "SA",
        "price": "900",
        "price_per_unit": "290",
        "price_unit": "G"
      },
      {
        "state": "TAS",
        "price": "900",
        "price_per_unit": "290",
        "price_unit": "G"
      },
      null,
      {
        "state": "NT",
        "price": "972",
        "price_per_unit": "314",
        "price_unit": "G"
      }
    ]
  },
  {
    "source_url": "https://www.woolworths.com.au/shop/productdetails/728499/dr-oetker-ristorante-pizza-spinaci",
    "name": "Dr. Oetker Ristorante Pizza Spinaci 390g",
    "image_url": "https://cdn1.woolworths.media/content/wowproductimages/large/728499.jpg",
    "source_id": "Woolworths - 728499",
    "barcode": "4001724819400",
    "shop": "Woolworths",
    "weight": "100G",
    "prices": [
      {
        "state": "NSW",
        "price": "900",
        "price_per_unit": "231",
        "price_unit": "G"
      },
      {
        "state": "VIC",
        "price": "900",
        "price_per_unit": "231",
        "price_unit": "G"
      },
      {
        "state": "QLD",
        "price": "900",
        "price_per_unit": "231",
        "price_unit": "G"
      },
      {
        "state": "WA",
        "price": "900",
        "price_per_unit": "231",
        "price_unit": "G"
      },
      {
        "state": "SA",
        "price": "900",
        "price_per_unit": "231",
        "price_unit": "G"
      },
      {
        "state": "TAS",
        "price": "900",
        "price_per_unit": "231",
        "price_unit": "G"
      },
      {
        "state": "ACT",
        "price": "900",
        "price_per_unit": "231",
        "price_unit": "G"
      }
    ]
  },
  {
    "source_url": "https://www.woolworths.com.au/shop/productdetails/205712/fropro-protein-pizza-peri-peri-chicken",
    "name": "Fropro Protein Pizza Peri Peri Chicken 325g",
    "image_url": "https://cdn1.woolworths.media/content/wowproductimages/large/205712.jpg",
    "source_id": "Woolworths - 205712",
    "barcode": "9350539099022",
    "shop": "Woolworths",
    "weight": "100G",
    "prices": [
      {
        "state": "NSW",
        "price": "995",
        "price_per_unit": "306",
        "price_unit": "G"
      },
      {
        "state": "VIC",
        "price": "995",
        "price_per_unit": "306",
        "price_unit": "G"
      },
      {
        "state": "QLD",
        "price": "995",
        "price_per_unit": "306",
        "price_unit": "G"
      },
      {
        "state": "WA",
        "price": "995",
        "price_per_unit": "306",
        "price_unit": "G"
      },
      {
        "state": "SA",
        "price": "995",
        "price_per_unit": "306",
        "price_unit": "G"
      },
      {
        "state": "TAS",
        "price": "995",
        "price_per_unit": "306",
        "price_unit": "G"
      },
      {
        "state": "ACT",
        "price": "1295",
        "price_per_unit": "398",
        "price_unit": "G"
      }
    ]
  },
  {
    "source_url": "https://www.woolworths.com.au/shop/productdetails/56919/la-gina-woodfired-pumpkin-mozzarella-feta-italian-pizza",
    "name": "La Gina Woodfired Pumpkin Mozzarella & Feta Italian Pizza 405g",
    "image_url": "https://cdn1.woolworths.media/content/wowproductimages/large/056919.jpg",
    "source_id": "Woolworths - 56919",
    "barcode": "9339687106264",
    "shop": "Woolworths",
    "weight": "100G",
    "prices": [
      {
        "state": "NSW",
        "price": "750",
        "price_per_unit": "185",
        "price_unit": "G"
      },
      {
        "state": "VIC",
        "price": "750",
        "price_per_unit": "185",
        "price_unit": "G"
      },
      {
        "state": "QLD",
        "price": "750",
        "price_per_unit": "185",
        "price_unit": "G"
      },
      {
        "state": "WA",
        "price": "750",
        "price_per_unit": "185",
        "price_unit": "G"
      },
      {
        "state": "SA",
        "price": "750",
        "price_per_unit": "185",
        "price_unit": "G"
      },
      null,
      {
        "state": "ACT",
        "price": "750",
        "price_per_unit": "185",
        "price_unit": "G"
      },
      {
        "state": "NT",
        "price": "750",
        "price_per_unit": "185",
        "price_unit": "G"
      }
    ]
  },
  {
    "source_url": "https://www.woolworths.com.au/shop/productdetails/9660/mccain-lil-pizzas-snacks-ham-cheese",
    "name": "McCain Lil Pizzas Snacks Ham & Cheese 4 Pack",
    "image_url": "https://cdn1.woolworths.media/content/wowproductimages/large/009660.jpg",
    "source_id": "Woolworths - 9660",
    "barcode": "9310174002580",
    "shop": "Woolworths",
    "weight": "100G",
    "prices": [
      {
        "state": "VIC",
        "price": "780",
        "price_per_unit": "195",
        "price_unit": "G"
      },
      {
        "state": "QLD",
        "price": "780",
        "price_per_unit": "195",
        "price_unit": "G"
      },
      {
        "state": "WA",
        "price": "780",
        "price_per_unit": "195",
        "price_unit": "G"
      },
      {
        "state": "TAS",
        "price": "780",
        "price_per_unit": "195",
        "price_unit": "G"
      },
      {
        "state": "ACT",
        "price": "780",
        "price_per_unit": "195",
        "price_unit": "G"
      }
    ]
  },
  {
    "source_url": "https://www.woolworths.com.au/shop/productdetails/918272/mccain-margherita-pizza-slices",
    "name": "McCain Margherita Pizza Slices 2 pack",
    "image_url": "https://cdn1.woolworths.media/content/wowproductimages/large/918272.jpg",
    "source_id": "Woolworths - 918272",
    "barcode": "9310174120895",
    "shop": "Woolworths",
    "weight": "100G",
    "prices": [
      {
        "state": "NSW",
        "price": "700",
        "price_per_unit": "130",
        "price_unit": "G"
      },
      {
        "state": "VIC",
        "price": "700",
        "price_per_unit": "130",
        "price_unit": "G"
      },
      {
        "state": "QLD",
        "price": "700",
        "price_per_unit": "130",
        "price_unit": "G"
      },
      {
        "state": "WA",
        "price": "700",
        "price_per_unit": "130",
        "price_unit": "G"
      },
      {
        "state": "SA",
        "price": "700",
        "price_per_unit": "130",
        "price_unit": "G"
      },
      {
        "state": "TAS",
        "price": "700",
        "price_per_unit": "130",
        "price_unit": "G"
      },
      {
        "state": "ACT",
        "price": "700",
        "price_per_unit": "130",
        "price_unit": "G"
      }
    ]
  },
  {
    "source_url": "https://www.woolworths.com.au/shop/productdetails/173140/mccain-pizza-margherita",
    "name": "McCain Pizza Margherita 500g",
    "image_url": "https://cdn1.woolworths.media/content/wowproductimages/large/173140.jpg",
    "source_id": "Woolworths - 173140",
    "barcode": "9310174024308",
    "shop": "Woolworths",
    "weight": "100G",
    "prices": [
      {
        "state": "NSW",
        "price": "850",
        "price_per_unit": "170",
        "price_unit": "G"
      },
      {
        "state": "VIC",
        "price": "850",
        "price_per_unit": "170",
        "price_unit": "G"
      },
      {
        "state": "QLD",
        "price": "850",
        "price_per_unit": "170",
        "price_unit": "G"
      },
      {
        "state": "WA",
        "price": "850",
        "price_per_unit": "170",
        "price_unit": "G"
      },
      {
        "state": "SA",
        "price": "850",
        "price_per_unit": "170",
        "price_unit": "G"
      },
      {
        "state": "TAS",
        "price": "850",
        "price_per_unit": "170",
        "price_unit": "G"
      },
      {
        "state": "ACT",
        "price": "850",
        "price_per_unit": "170",
        "price_unit": "G"
      }
    ]
  },
  {
    "source_url": "https://www.woolworths.com.au/shop/productdetails/139610/mccain-pizza-pocket-snacks-cheese-bacon",
    "name": "McCain Pizza Pocket Snacks Cheese & Bacon 4 Pack",
    "image_url": "https://cdn1.woolworths.media/content/wowproductimages/large/139610.jpg",
    "source_id": "Woolworths - 139610",
    "barcode": "9310174024407",
    "shop": "Woolworths",
    "weight": "100G",
    "prices": [
      {
        "state": "NSW",
        "price": "850",
        "price_per_unit": "213",
        "price_unit": "G"
      },
      {
        "state": "VIC",
        "price": "850",
        "price_per_unit": "213",
        "price_unit": "G"
      },
      {
        "state": "QLD",
        "price": "850",
        "price_per_unit": "213",
        "price_unit": "G"
      },
      {
        "state": "WA",
        "price": "850",
        "price_per_unit": "213",
        "price_unit": "G"
      },
      {
        "state": "SA",
        "price": "850",
        "price_per_unit": "213",
        "price_unit": "G"
      },
      {
        "state": "TAS",
        "price": "850",
        "price_per_unit": "213",
        "price_unit": "G"
      },
      {
        "state": "ACT",
        "price": "850",
        "price_per_unit": "213",
        "price_unit": "G"
      },
      {
        "state": "NT",
        "price": "918",
        "price_per_unit": "230",
        "price_unit": "G"
      }
    ]
  },
  {
    "source_url": "https://www.woolworths.com.au/shop/productdetails/112352/mccain-pizza-slice-snacks-cheese-bacon",
    "name": "McCain Pizza Slice Snacks Cheese & Bacon 2 Pack",
    "image_url": "https://cdn1.woolworths.media/content/wowproductimages/large/112352.jpg",
    "source_id": "Woolworths - 112352",
    "barcode": "9310174024827",
    "shop": "Woolworths",
    "weight": "100G",
    "prices": [
      {
        "state": "NSW",
        "price": "700",
        "price_per_unit": "117",
        "price_unit": "G"
      },
      {
        "state": "VIC",
        "price": "700",
        "price_per_unit": "117",
        "price_unit": "G"
      },
      {
        "state": "QLD",
        "price": "700",
        "price_per_unit": "117",
        "price_unit": "G"
      },
      {
        "state": "WA",
        "price": "700",
        "price_per_unit": "117",
        "price_unit": "G"
      },
      {
        "state": "SA",
        "price": "700",
        "price_per_unit": "117",
        "price_unit": "G"
      },
      {
        "state": "TAS",
        "price": "700",
        "price_per_unit": "117",
        "price_unit": "G"
      },
      {
        "state": "ACT",
        "price": "700",
        "price_per_unit": "117",
        "price_unit": "G"
      },
      {
        "state": "NT",
        "price": "972",
        "price_per_unit": "162",
        "price_unit": "G"
      }
    ]
  },
  {
    "source_url": "https://www.woolworths.com.au/shop/productdetails/3496/mccain-pizza-slice-snacks-ham-pineapple",
    "name": "McCain Pizza Slice Snacks Ham & Pineapple 2 Pack",
    "image_url": "https://cdn1.woolworths.media/content/wowproductimages/large/003496.jpg",
    "source_id": "Woolworths - 3496",
    "barcode": "9310174002719",
    "shop": "Woolworths",
    "weight": "100G",
    "prices": [
      {
        "state": "NSW",
        "price": "700",
        "price_per_unit": "117",
        "price_unit": "G"
      },
      {
        "state": "VIC",
        "price": "700",
        "price_per_unit": "117",
        "price_unit": "G"
      },
      {
        "state": "QLD",
        "price": "700",
        "price_per_unit": "117",
        "price_unit": "G"
      },
      {
        "state": "WA",
        "price": "700",
        "price_per_unit": "117",
        "price_unit": "G"
      },
      {
        "state": "SA",
        "price": "700",
        "price_per_unit": "117",
        "price_unit": "G"
      },
      {
        "state": "TAS",
        "price": "700",
        "price_per_unit": "117",
        "price_unit": "G"
      },
      {
        "state": "ACT",
        "price": "700",
        "price_per_unit": "117",
        "price_unit": "G"
      },
      {
        "state": "NT",
        "price": "972",
        "price_per_unit": "162",
        "price_unit": "G"
      }
    ]
  },
  {
    "source_url": "https://www.woolworths.com.au/shop/productdetails/315505/mccain-rustica-thin-crispy-australian-angus-beef-pizza",
    "name": "McCain Rustica Thin & Crispy Australian Angus Beef Pizza 370g",
    "image_url": "https://cdn1.woolworths.media/content/wowproductimages/large/315505.jpg",
    "source_id": "Woolworths - 315505",
    "barcode": "9310174113880",
    "shop": "Woolworths",
    "weight": "100G",
    "prices": [
      {
        "state": "NSW",
        "price": "880",
        "price_per_unit": "238",
        "price_unit": "G"
      },
      {
        "state": "VIC",
        "price": "880",
        "price_per_unit": "238",
        "price_unit": "G"
      },
      {
        "state": "QLD",
        "price": "880",
        "price_per_unit": "238",
        "price_unit": "G"
      },
      {
        "state": "WA",
        "price": "880",
        "price_per_unit": "238",
        "price_unit": "G"
      },
      {
        "state": "SA",
        "price": "880",
        "price_per_unit": "238",
        "price_unit": "G"
      },
      {
        "state": "TAS",
        "price": "880",
        "price_per_unit": "238",
        "price_unit": "G"
      },
      {
        "state": "ACT",
        "price": "880",
        "price_per_unit": "238",
        "price_unit": "G"
      },
      {
        "state": "NT",
        "price": "880",
        "price_per_unit": "238",
        "price_unit": "G"
      }
    ]
  },
  {
    "source_url": "https://www.woolworths.com.au/shop/productdetails/314045/mccain-rustica-thin-crispy-salami-four-cheese-pizza",
    "name": "McCain Rustica Thin & Crispy Salami & Four Cheese Pizza 335g",
    "image_url": "https://cdn1.woolworths.media/content/wowproductimages/large/314045.jpg",
    "source_id": "Woolworths - 314045",
    "barcode": "9310174113552",
    "shop": "Woolworths",
    "weight": "100G",
    "prices": [
      {
        "state": "NSW",
        "price": "880",
        "price_per_unit": "263",
        "price_unit": "G"
      },
      {
        "state": "VIC",
        "price": "880",
        "price_per_unit": "263",
        "price_unit": "G"
      },
      {
        "state": "QLD",
        "price": "880",
        "price_per_unit": "263",
        "price_unit": "G"
      },
      {
        "state": "WA",
        "price": "880",
        "price_per_unit": "263",
        "price_unit": "G"
      },
      {
        "state": "SA",
        "price": "880",
        "price_per_unit": "263",
        "price_unit": "G"
      },
      {
        "state": "TAS",
        "price": "880",
        "price_per_unit": "263",
        "price_unit": "G"
      },
      {
        "state": "ACT",
        "price": "880",
        "price_per_unit": "263",
        "price_unit": "G"
      }
    ]
  },
  {
    "source_url": "https://www.woolworths.com.au/shop/productdetails/386453/buonissimo-ham-pineapple-pizza",
    "name": "Buonissimo Ham & Pineapple Pizza 470g",
    "image_url": "https://cdn1.woolworths.media/content/wowproductimages/large/386453.jpg",
    "source_id": "Woolworths - 386453",
    "barcode": "9353348000197",
    "shop": "Woolworths",
    "weight": "100G",
    "prices": [
      {
        "state": "VIC",
        "price": "650",
        "price_per_unit": "138",
        "price_unit": "G"
      },
      {
        "state": "QLD",
        "price": "650",
        "price_per_unit": "138",
        "price_unit": "G"
      },
      {
        "state": "WA",
        "price": "650",
        "price_per_unit": "138",
        "price_unit": "G"
      },
      {
        "state": "SA",
        "price": "650",
        "price_per_unit": "138",
        "price_unit": "G"
      },
      {
        "state": "TAS",
        "price": "650",
        "price_per_unit": "138",
        "price_unit": "G"
      },
      {
        "state": "ACT",
        "price": "650",
        "price_per_unit": "138",
        "price_unit": "G"
      }
    ]
  },
  {
    "source_url": "https://www.woolworths.com.au/shop/productdetails/385394/buonissimo-margherita-pizza",
    "name": "Buonissimo Margherita Pizza 400g",
    "image_url": "https://cdn1.woolworths.media/content/wowproductimages/large/385394.jpg",
    "source_id": "Woolworths - 385394",
    "barcode": "9353348000166",
    "shop": "Woolworths",
    "weight": "100G",
    "prices": [
      {
        "state": "QLD",
        "price": "650",
        "price_per_unit": "163",
        "price_unit": "G"
      },
      {
        "state": "WA",
        "price": "650",
        "price_per_unit": "163",
        "price_unit": "G"
      },
      {
        "state": "SA",
        "price": "650",
        "price_per_unit": "163",
        "price_unit": "G"
      },
      {
        "state": "TAS",
        "price": "850",
        "price_per_unit": "213",
        "price_unit": "G"
      },
      {
        "state": "ACT",
        "price": "650",
        "price_per_unit": "163",
        "price_unit": "G"
      }
    ]
  },
  {
    "source_url": "https://www.woolworths.com.au/shop/productdetails/390931/della-rosa-bbq-bacon-cheese-pizza-subs",
    "name": "Della Rosa Bbq Bacon & Cheese Pizza Subs 2 Pack",
    "image_url": "https://cdn1.woolworths.media/content/wowproductimages/large/390931.jpg",
    "source_id": "Woolworths - 390931",
    "barcode": "9344378004057",
    "shop": "Woolworths",
    "weight": "100G",
    "prices": [
      {
        "state": "VIC",
        "price": "650",
        "price_per_unit": "108",
        "price_unit": "G"
      }
    ]
  },
  {
    "source_url": "https://www.woolworths.com.au/shop/productdetails/81977/della-rosa-bbq-meatlovers-family-pizza",
    "name": "Della Rosa Bbq Meatlovers Family Pizza 500g",
    "image_url": "https://cdn1.woolworths.media/content/wowproductimages/large/081977.jpg",
    "source_id": "Woolworths - 81977",
    "barcode": "9344378002121",
    "shop": "Woolworths",
    "weight": "100G",
    "prices": [
      {
        "state": "VIC",
        "price": "650",
        "price_per_unit": "130",
        "price_unit": "G"
      }
    ]
  },
  {
    "source_url": "https://www.woolworths.com.au/shop/productdetails/392794/della-rosa-cheese-pizza",
    "name": "Della Rosa Cheese Pizza 2 Pack",
    "image_url": "https://cdn1.woolworths.media/content/wowproductimages/large/392794.jpg",
    "source_id": "Woolworths - 392794",
    "barcode": "9344378004064",
    "shop": "Woolworths",
    "weight": "100G",
    "prices": [
      {
        "state": "VIC",
        "price": "650",
        "price_per_unit": "76",
        "price_unit": "G"
      },
      null
    ]
  },
  {
    "source_url": "https://www.woolworths.com.au/shop/productdetails/790526/dr-oetker-ristorante-pizza-quattro-formaggi",
    "name": "Dr. Oetker Ristorante Pizza Quattro Formaggi 340g",
    "image_url": "https://cdn1.woolworths.media/content/wowproductimages/large/790526.jpg",
    "source_id": "Woolworths - 790526",
    "barcode": "4001724818908",
    "shop": "Woolworths",
    "weight": "100G",
    "prices": [
      {
        "state": "VIC",
        "price": "900",
        "price_per_unit": "265",
        "price_unit": "G"
      }
    ]
  },
  {
    "source_url": "https://www.woolworths.com.au/shop/productdetails/205735/fropro-protein-pizza-pepperoni-ham",
    "name": "Fropro Protein Pizza Pepperoni & Ham 325g",
    "image_url": "https://cdn1.woolworths.media/content/wowproductimages/large/205735.jpg",
    "source_id": "Woolworths - 205735",
    "barcode": "9350539099015",
    "shop": "Woolworths",
    "weight": "100G",
    "prices": [
      {
        "state": "VIC",
        "price": "995",
        "price_per_unit": "306",
        "price_unit": "G"
      },
      {
        "state": "QLD",
        "price": "995",
        "price_per_unit": "306",
        "price_unit": "G"
      },
      {
        "state": "WA",
        "price": "995",
        "price_per_unit": "306",
        "price_unit": "G"
      },
      {
        "state": "SA",
        "price": "995",
        "price_per_unit": "306",
        "price_unit": "G"
      },
      {
        "state": "TAS",
        "price": "995",
        "price_per_unit": "306",
        "price_unit": "G"
      },
      {
        "state": "ACT",
        "price": "1295",
        "price_per_unit": "398",
        "price_unit": "G"
      }
    ]
  },
  {
    "source_url": "https://www.woolworths.com.au/shop/productdetails/93831/mccain-pizza-cheese-bacon",
    "name": "McCain Pizza Cheese & Bacon 500g",
    "image_url": "https://cdn1.woolworths.media/content/wowproductimages/large/093831.jpg",
    "source_id": "Woolworths - 93831",
    "barcode": "9310174002535",
    "shop": "Woolworths",
    "weight": "100G",
    "prices": [
      {
        "state": "VIC",
        "price": "850",
        "price_per_unit": "170",
        "price_unit": "G"
      },
      {
        "state": "QLD",
        "price": "850",
        "price_per_unit": "170",
        "price_unit": "G"
      },
      {
        "state": "WA",
        "price": "850",
        "price_per_unit": "170",
        "price_unit": "G"
      },
      {
        "state": "SA",
        "price": "850",
        "price_per_unit": "170",
        "price_unit": "G"
      },
      {
        "state": "TAS",
        "price": "850",
        "price_per_unit": "170",
        "price_unit": "G"
      },
      {
        "state": "ACT",
        "price": "850",
        "price_per_unit": "170",
        "price_unit": "G"
      }
    ]
  },
  {
    "source_url": "https://www.woolworths.com.au/shop/productdetails/252640/mccain-pizza-meatlovers-bbq",
    "name": "McCain Pizza Meatlovers Bbq 500g",
    "image_url": "https://cdn1.woolworths.media/content/wowproductimages/large/252640.jpg",
    "source_id": "Woolworths - 252640",
    "barcode": "9310174024346",
    "shop": "Woolworths",
    "weight": "100G",
    "prices": [
      {
        "state": "VIC",
        "price": "850",
        "price_per_unit": "170",
        "price_unit": "G"
      },
      {
        "state": "QLD",
        "price": "850",
        "price_per_unit": "170",
        "price_unit": "G"
      },
      {
        "state": "WA",
        "price": "850",
        "price_per_unit": "170",
        "price_unit": "G"
      },
      {
        "state": "SA",
        "price": "850",
        "price_per_unit": "170",
        "price_unit": "G"
      },
      {
        "state": "TAS",
        "price": "850",
        "price_per_unit": "170",
        "price_unit": "G"
      },
      {
        "state": "ACT",
        "price": "850",
        "price_per_unit": "170",
        "price_unit": "G"
      },
      {
        "state": "NT",
        "price": "918",
        "price_per_unit": "184",
        "price_unit": "G"
      }
    ]
  },
  {
    "source_url": "https://www.woolworths.com.au/shop/productdetails/112492/mccain-pizza-slice-snacks-meatlovers-meatlovers",
    "name": "McCain Pizza Slice Snacks Meatlovers 2 Pack",
    "image_url": "https://cdn1.woolworths.media/content/wowproductimages/large/112492.jpg",
    "source_id": "Woolworths - 112492",
    "barcode": "9310174024872",
    "shop": "Woolworths",
    "weight": "100G",
    "prices": [
      {
        "state": "VIC",
        "price": "700",
        "price_per_unit": "117",
        "price_unit": "G"
      },
      {
        "state": "QLD",
        "price": "700",
        "price_per_unit": "117",
        "price_unit": "G"
      },
      {
        "state": "WA",
        "price": "700",
        "price_per_unit": "117",
        "price_unit": "G"
      },
      {
        "state": "SA",
        "price": "700",
        "price_per_unit": "117",
        "price_unit": "G"
      },
      {
        "state": "TAS",
        "price": "700",
        "price_per_unit": "117",
        "price_unit": "G"
      },
      {
        "state": "ACT",
        "price": "700",
        "price_per_unit": "117",
        "price_unit": "G"
      }
    ]
  },
  {
    "source_url": "https://www.woolworths.com.au/shop/productdetails/918333/mccain-rustica-sourdough-frozen-pizza-supreme",
    "name": "McCain Rustica Sourdough Frozen Pizza Supreme 450g",
    "image_url": "https://cdn1.woolworths.media/content/wowproductimages/large/918333.jpg",
    "source_id": "Woolworths - 918333",
    "barcode": "9310174121731",
    "shop": "Woolworths",
    "weight": "100G",
    "prices": [
      {
        "state": "VIC",
        "price": "880",
        "price_per_unit": "196",
        "price_unit": "G"
      },
      {
        "state": "QLD",
        "price": "880",
        "price_per_unit": "196",
        "price_unit": "G"
      },
      {
        "state": "WA",
        "price": "880",
        "price_per_unit": "196",
        "price_unit": "G"
      },
      {
        "state": "SA",
        "price": "880",
        "price_per_unit": "196",
        "price_unit": "G"
      },
      {
        "state": "TAS",
        "price": "880",
        "price_per_unit": "196",
        "price_unit": "G"
      },
      {
        "state": "ACT",
        "price": "880",
        "price_per_unit": "196",
        "price_unit": "G"
      }
    ]
  },
  {
    "source_url": "https://www.woolworths.com.au/shop/productdetails/96415/mccain-supreme-pizza",
    "name": "McCain Supreme Pizza 500g",
    "image_url": "https://cdn1.woolworths.media/content/wowproductimages/large/096415.jpg",
    "source_id": "Woolworths - 96415",
    "barcode": "9310174002504",
    "shop": "Woolworths",
    "weight": "100G",
    "prices": [
      {
        "state": "VIC",
        "price": "850",
        "price_per_unit": "170",
        "price_unit": "G"
      },
      {
        "state": "QLD",
        "price": "850",
        "price_per_unit": "170",
        "price_unit": "G"
      },
      {
        "state": "WA",
        "price": "850",
        "price_per_unit": "170",
        "price_unit": "G"
      },
      {
        "state": "SA",
        "price": "850",
        "price_per_unit": "170",
        "price_unit": "G"
      },
      {
        "state": "TAS",
        "price": "850",
        "price_per_unit": "170",
        "price_unit": "G"
      },
      {
        "state": "ACT",
        "price": "850",
        "price_per_unit": "170",
        "price_unit": "G"
      },
      {
        "state": "NT",
        "price": "918",
        "price_per_unit": "184",
        "price_unit": "G"
      }
    ]
  },
  {
    "source_url": "https://www.woolworths.com.au/shop/productdetails/385146/papa-giuseppi-s-pizza-flatbread-tomato-mozzarella-pesto",
    "name": "Papa Giuseppi's Pizza Flatbread Tomato Mozzarella & Pesto 185g",
    "image_url": "https://cdn1.woolworths.media/content/wowproductimages/large/385146.jpg",
    "source_id": "Woolworths - 385146",
    "barcode": "9344988000562",
    "shop": "Woolworths",
    "weight": "100G",
    "prices": [
      {
        "state": "VIC",
        "price": "600",
        "price_per_unit": "324",
        "price_unit": "G"
      }
    ]
  },
  {
    "source_url": "https://www.woolworths.com.au/shop/productdetails/705357/dr-oetker-ristorante-pizza-hawaii",
    "name": "Dr. Oetker Ristorante Pizza Hawaii 355g",
    "image_url": "https://cdn1.woolworths.media/content/wowproductimages/large/705357.jpg",
    "source_id": "Woolworths - 705357",
    "barcode": "9344988000043",
    "shop": "Woolworths",
    "weight": "100G",
    "prices": [
      {
        "state": "QLD",
        "price": "900",
        "price_per_unit": "254",
        "price_unit": "G"
      },
      {
        "state": "WA",
        "price": "900",
        "price_per_unit": "254",
        "price_unit": "G"
      },
      {
        "state": "SA",
        "price": "900",
        "price_per_unit": "254",
        "price_unit": "G"
      },
      {
        "state": "ACT",
        "price": "900",
        "price_per_unit": "254",
        "price_unit": "G"
      }
    ]
  },
  {
    "source_url": "https://www.woolworths.com.au/shop/productdetails/385422/fropro-protein-pizza-bbq-meatlovers",
    "name": "Fropro Protein Pizza Bbq Meatlovers 325g",
    "image_url": "https://cdn1.woolworths.media/content/wowproductimages/large/385422.jpg",
    "source_id": "Woolworths - 385422",
    "barcode": "9350539001148",
    "shop": "Woolworths",
    "weight": "100G",
    "prices": [
      {
        "state": "QLD",
        "price": "995",
        "price_per_unit": "306",
        "price_unit": "G"
      },
      {
        "state": "WA",
        "price": "995",
        "price_per_unit": "306",
        "price_unit": "G"
      },
      {
        "state": "SA",
        "price": "995",
        "price_per_unit": "306",
        "price_unit": "G"
      },
      {
        "state": "TAS",
        "price": "995",
        "price_per_unit": "306",
        "price_unit": "G"
      },
      {
        "state": "ACT",
        "price": "1295",
        "price_per_unit": "398",
        "price_unit": "G"
      }
    ]
  },
  {
    "source_url": "https://www.woolworths.com.au/shop/productdetails/96406/mccain-pizza-ham-pineapple",
    "name": "McCain Pizza Ham & Pineapple 500g",
    "image_url": "https://cdn1.woolworths.media/content/wowproductimages/large/096406.jpg",
    "source_id": "Woolworths - 96406",
    "barcode": "9310174002528",
    "shop": "Woolworths",
    "weight": "100G",
    "prices": [
      {
        "state": "QLD",
        "price": "850",
        "price_per_unit": "170",
        "price_unit": "G"
      },
      {
        "state": "WA",
        "price": "850",
        "price_per_unit": "170",
        "price_unit": "G"
      },
      {
        "state": "SA",
        "price": "850",
        "price_per_unit": "170",
        "price_unit": "G"
      },
      {
        "state": "TAS",
        "price": "850",
        "price_per_unit": "170",
        "price_unit": "G"
      },
      {
        "state": "ACT",
        "price": "850",
        "price_per_unit": "170",
        "price_unit": "G"
      }
    ]
  },
  {
    "source_url": "https://www.woolworths.com.au/shop/productdetails/315481/mccain-rustica-sourdough-salami-double-smoked-leg-ham-pizza",
    "name": "McCain Rustica Sourdough Salami & Double Smoked Leg Ham Pizza 430g",
    "image_url": "https://cdn1.woolworths.media/content/wowproductimages/large/315481.jpg",
    "source_id": "Woolworths - 315481",
    "barcode": "9310174113866",
    "shop": "Woolworths",
    "weight": "100G",
    "prices": [
      {
        "state": "QLD",
        "price": "880",
        "price_per_unit": "263",
        "price_unit": "G"
      },
      {
        "state": "WA",
        "price": "880",
        "price_per_unit": "263",
        "price_unit": "G"
      },
      {
        "state": "SA",
        "price": "880",
        "price_per_unit": "263",
        "price_unit": "G"
      },
      {
        "state": "TAS",
        "price": "880",
        "price_per_unit": "263",
        "price_unit": "G"
      },
      {
        "state": "ACT",
        "price": "880",
        "price_per_unit": "263",
        "price_unit": "G"
      }
    ]
  },
  {
    "source_url": "https://www.woolworths.com.au/shop/productdetails/733157/papa-giuseppi-s-panini-tomato-cheese",
    "name": "Papa Giuseppi's Panini Tomato & Cheese 250g 2 Pack",
    "image_url": "https://cdn1.woolworths.media/content/wowproductimages/large/733157.jpg",
    "source_id": "Woolworths - 733157",
    "barcode": "9344988000319",
    "shop": "Woolworths",
    "weight": "100G",
    "prices": [
      {
        "state": "QLD",
        "price": "550",
        "price_per_unit": "220",
        "price_unit": "G"
      },
      {
        "state": "WA",
        "price": "550",
        "price_per_unit": "220",
        "price_unit": "G"
      },
      {
        "state": "SA",
        "price": "550",
        "price_per_unit": "220",
        "price_unit": "G"
      },
      {
        "state": "TAS",
        "price": "550",
        "price_per_unit": "220",
        "price_unit": "G"
      },
      {
        "state": "ACT",
        "price": "550",
        "price_per_unit": "220",
        "price_unit": "G"
      },
      {
        "state": "NT",
        "price": "400",
        "price_per_unit": "160",
        "price_unit": "G"
      }
    ]
  },
  {
    "source_url": "https://www.woolworths.com.au/shop/productdetails/508042/woolworths-frozen-pizza-bbq-meat-lovers",
    "name": "Woolworths Frozen Pizza Bbq Meat Lovers 500g",
    "image_url": "https://cdn1.woolworths.media/content/wowproductimages/large/508042.jpg",
    "source_id": "Woolworths - 508042",
    "barcode": "9300633559090",
    "shop": "Woolworths",
    "weight": "100G",
    "prices": [
      {
        "state": "SA",
        "price": "550",
        "price_per_unit": "110",
        "price_unit": "G"
      },
      {
        "state": "TAS",
        "price": "550",
        "price_per_unit": "110",
        "price_unit": "G"
      },
      {
        "state": "ACT",
        "price": "550",
        "price_per_unit": "110",
        "price_unit": "G"
      },
      {
        "state": "NT",
        "price": "550",
        "price_per_unit": "110",
        "price_unit": "G"
      }
    ]
  },
  {
    "source_url": "https://www.woolworths.com.au/shop/productdetails/165354/mccain-family-pizza-pepperoni",
    "name": "McCain Family Pizza Pepperoni 490g",
    "image_url": "https://cdn1.woolworths.media/content/wowproductimages/large/165354.jpg",
    "source_id": "Woolworths - 165354",
    "barcode": "9310174198108",
    "shop": "Woolworths",
    "weight": "100G",
    "prices": [
      {
        "state": "NT",
        "price": "918",
        "price_per_unit": "187",
        "price_unit": "G"
      }
    ]
  },
  {
    "source_url": "https://www.woolworths.com.au/shop/productdetails/508041/woolworths-frozen-pizza-hawaiian",
    "name": "Woolworths Frozen Pizza Hawaiian 500g",
    "image_url": "https://cdn1.woolworths.media/content/wowproductimages/large/508041.jpg",
    "source_id": "Woolworths - 508041",
    "barcode": "9300633558994",
    "shop": "Woolworths",
    "weight": "100G",
    "prices": [
      {
        "state": "NT",
        "price": "550",
        "price_per_unit": "110",
        "price_unit": "G"
      }
    ]
  }
]