[
  {
    "source_url": "https://www.woolworths.com.au/shop/productdetails/345039/ben-jerry-s-ice-cream-tub-chocolate-chip-cookie-dough",
    "name": "Ben & Jerry's Ice Cream Tub Chocolate Chip Cookie Dough 458ml",
    "image_url": "https://cdn1.woolworths.media/content/wowproductimages/large/345039.jpg",
    "source_id": "Woolworths - 345039",
    "barcode": "76840055357",
    "shop": "Woolworths",
    "weight": "100ML",
    "prices": [
      {
        "state": "NSW",
        "price": "1450",
        "price_per_unit": "317",
        "price_unit": "ML"
      },
      {
        "state": "VIC",
        "price": "1450",
        "price_per_unit": "317",
        "price_unit": "ML"
      },
      {
        "state": "QLD",
        "price": "1450",
        "price_per_unit": "317",
        "price_unit": "ML"
      },
      {
        "state": "WA",
        "price": "1450",
        "price_per_unit": "317",
        "price_unit": "ML"
      },
      {
        "state": "SA",
        "price": "1450",
        "price_per_unit": "317",
        "price_unit": "ML"
      },
      {
        "state": "TAS",
        "price": "1450",
        "price_per_unit": "317",
        "price_unit": "ML"
      },
      {
        "state": "ACT",
        "price": "1450",
        "price_per_unit": "317",
        "price_unit": "ML"
      }
    ]
  },
  {
    "source_url": "https://www.woolworths.com.au/shop/productdetails/345040/ben-jerry-s-ice-cream-tub-chocolate-fudge-brownie",
    "name": "Ben & Jerry's Ice Cream Tub Chocolate Fudge Brownie 458ml",
    "image_url": "https://cdn1.woolworths.media/content/wowproductimages/large/345040.jpg",
    "source_id": "Woolworths - 345040",
    "barcode": "76840055302",
    "shop": "Woolworths",
    "weight": "100ML",
    "prices": [
      {
        "state": "NSW",
        "price": "1450",
        "price_per_unit": "317",
        "price_unit": "ML"
      },
      {
        "state": "VIC",
        "price": "1450",
        "price_per_unit": "317",
        "price_unit": "ML"
      },
      {
        "state": "QLD",
        "price": "1450",
        "price_per_unit": "317",
        "price_unit": "ML"
      },
      {
        "state": "WA",
        "price": "1450",
        "price_per_unit": "317",
        "price_unit": "ML"
      },
      {
        "state": "SA",
        "price": "1450",
        "price_per_unit": "317",
        "price_unit": "ML"
      },
      {
        "state": "TAS",
        "price": "1450",
        "price_per_unit": "317",
        "price_unit": "ML"
      },
      {
        "state": "ACT",
        "price": "1450",
        "price_per_unit": "317",
        "price_unit": "ML"
      },
      {
        "state": "NT",
        "price": "870",
        "price_per_unit": "190",
        "price_unit": "ML"
      }
    ]
  },
  {
    "source_url": "https://www.woolworths.com.au/shop/productdetails/40568/blue-ribbon-frozen-dessert-classic-vanilla-classic-vanilla-dessert-tub",
    "name": "Blue Ribbon Frozen Dessert Classic Vanilla 2L",
    "image_url": "https://cdn1.woolworths.media/content/wowproductimages/large/040568.jpg",
    "source_id": "Woolworths - 40568",
    "barcode": "9310016801609",
    "shop": "Woolworths",
    "weight": "100ML",
    "prices": [
      {
        "state": "NSW",
        "price": "650",
        "price_per_unit": "33",
        "price_unit": "ML"
      },
      {
        "state": "VIC",
        "price": "650",
        "price_per_unit": "33",
        "price_unit": "ML"
      },
      {
        "state": "QLD",
        "price": "650",
        "price_per_unit": "33",
        "price_unit": "ML"
      },
      {
        "state": "WA",
        "price": "650",
        "price_per_unit": "33",
        "price_unit": "ML"
      },
      {
        "state": "SA",
        "price": "650",
        "price_per_unit": "33",
        "price_unit": "ML"
      },
      {
        "state": "TAS",
        "price": "650",
        "price_per_unit": "33",
        "price_unit": "ML"
      },
      {
        "state": "ACT",
        "price": "650",
        "price_per_unit": "33",
        "price_unit": "ML"
      },
      {
        "state": "NT",
        "price": "650",
        "price_per_unit": "33",
        "price_unit": "ML"
      }
    ]
  },
  {
    "source_url": "https://www.woolworths.com.au/shop/productdetails/684/blue-ribbon-frozen-dessert-light-vanilla-fat-ice-cream-dessert-tub",
    "name": "Blue Ribbon Frozen Dessert Light Vanilla 2L",
    "image_url": "https://cdn1.woolworths.media/content/wowproductimages/large/000684.jpg",
    "source_id": "Woolworths - 684",
    "barcode": "9310016801616",
    "shop": "Woolworths",
    "weight": "100ML",
    "prices": [
      {
        "state": "NSW",
        "price": "650",
        "price_per_unit": "33",
        "price_unit": "ML"
      },
      {
        "state": "VIC",
        "price": "650",
        "price_per_unit": "33",
        "price_unit": "ML"
      },
      {
        "state": "QLD",
        "price": "650",
        "price_per_unit": "33",
        "price_unit": "ML"
      },
      {
        "state": "WA",
        "price": "650",
        "price_per_unit": "33",
        "price_unit": "ML"
      },
      {
        "state": "SA",
        "price": "650",
        "price_per_unit": "33",
        "price_unit": "ML"
      },
      {
        "state": "TAS",
        "price": "650",
        "price_per_unit": "33",
        "price_unit": "ML"
      },
      {
        "state": "ACT",
        "price": "650",
        "price_per_unit": "33",
        "price_unit": "ML"
      },
      {
        "state": "NT",
        "price": "650",
        "price_per_unit": "33",
        "price_unit": "ML"
      }
    ]
  },
  {
    "source_url": "https://www.woolworths.com.au/shop/productdetails/739602/blue-ribbon-neapolitan-reduced-fat-ice-cream-dessert-tub",
    "name": "Blue Ribbon Neapolitan Reduced Fat Ice Cream Dessert Tub 2L",
    "image_url": "https://cdn1.woolworths.media/content/wowproductimages/large/739602.jpg",
    "source_id": "Woolworths - 739602",
    "barcode": "9300830045556",
    "shop": "Woolworths",
    "weight": "100ML",
    "prices": [
      {
        "state": "NSW",
        "price": "650",
        "price_per_unit": "33",
        "price_unit": "ML"
      },
      {
        "state": "VIC",
        "price": "650",
        "price_per_unit": "33",
        "price_unit": "ML"
      },
      {
        "state": "QLD",
        "price": "650",
        "price_per_unit": "33",
        "price_unit": "ML"
      },
      {
        "state": "WA",
        "price": "650",
        "price_per_unit": "33",
        "price_unit": "ML"
      },
      {
        "state": "SA",
        "price": "650",
        "price_per_unit": "33",
        "price_unit": "ML"
      },
      {
        "state": "TAS",
        "price": "650",
        "price_per_unit": "33",
        "price_unit": "ML"
      },
      {
        "state": "ACT",
        "price": "650",
        "price_per_unit": "33",
        "price_unit": "ML"
      },
      {
        "state": "NT",
        "price": "650",
        "price_per_unit": "33",
        "price_unit": "ML"
      }
    ]
  },
  {
    "source_url": "https://www.woolworths.com.au/shop/productdetails/191046/bulla-creamy-classics-ice-cream-cookies-cream",
    "name": "Bulla Creamy Classics Ice Cream Cookies & Cream 2l Tub",
    "image_url": "https://cdn1.woolworths.media/content/wowproductimages/large/191046.jpg",
    "source_id": "Woolworths - 191046",
    "barcode": "9310161001480",
    "shop": "Woolworths",
    "weight": "100ML",
    "prices": [
      {
        "state": "NSW",
        "price": "1100",
        "price_per_unit": "55",
        "price_unit": "ML"
      },
      {
        "state": "VIC",
        "price": "1100",
        "price_per_unit": "55",
        "price_unit": "ML"
      },
      {
        "state": "QLD",
        "price": "1100",
        "price_per_unit": "55",
        "price_unit": "ML"
      },
      {
        "state": "WA",
        "price": "1100",
        "price_per_unit": "55",
        "price_unit": "ML"
      },
      {
        "state": "SA",
        "price": "1100",
        "price_per_unit": "55",
        "price_unit": "ML"
      },
      {
        "state": "TAS",
        "price": "1100",
        "price_per_unit": "55",
        "price_unit": "ML"
      },
      {
        "state": "ACT",
        "price": "550",
        "price_per_unit": "28",
        "price_unit": "ML"
      }
    ]
  },
  {
    "source_url": "https://www.woolworths.com.au/shop/productdetails/259612/bulla-creamy-classics-ice-cream-mint-choc-chip",
    "name": "Bulla Creamy Classics Ice Cream Mint Choc Chip 2l Tub",
    "image_url": "https://cdn1.woolworths.media/content/wowproductimages/large/259612.jpg",
    "source_id": "Woolworths - 259612",
    "barcode": "9310161005488",
    "shop": "Woolworths",
    "weight": "100ML",
    "prices": [
      {
        "state": "NSW",
        "price": "1100",
        "price_per_unit": "55",
        "price_unit": "ML"
      },
      {
        "state": "VIC",
        "price": "1100",
        "price_per_unit": "55",
        "price_unit": "ML"
      },
      {
        "state": "QLD",
        "price": "1100",
        "price_per_unit": "55",
        "price_unit": "ML"
      },
      {
        "state": "WA",
        "price": "1100",
        "price_per_unit": "55",
        "price_unit": "ML"
      },
      {
        "state": "SA",
        "price": "1100",
        "price_per_unit": "55",
        "price_unit": "ML"
      },
      {
        "state": "TAS",
        "price": "1100",
        "price_per_unit": "55",
        "price_unit": "ML"
      },
      {
        "state": "ACT",
        "price": "550",
        "price_per_unit": "28",
        "price_unit": "ML"
      }
    ]
  },
  {
    "source_url": "https://www.woolworths.com.au/shop/productdetails/191048/bulla-creamy-classics-ice-cream-rich-choc-chip",
    "name": "Bulla Creamy Classics Ice Cream Rich Choc Chip 2l Tub",
    "image_url": "https://cdn1.woolworths.media/content/wowproductimages/large/191048.jpg",
    "source_id": "Woolworths - 191048",
    "barcode": "9310161001497",
    "shop": "Woolworths",
    "weight": "100ML",
    "prices": [
      {
        "state": "NSW",
        "price": "1100",
        "price_per_unit": "55",
        "price_unit": "ML"
      },
      {
        "state": "VIC",
        "price": "1100",
        "price_per_unit": "55",
        "price_unit": "ML"
      },
      {
        "state": "QLD",
        "price": "1100",
        "price_per_unit": "55",
        "price_unit": "ML"
      },
      {
        "state": "WA",
        "price": "1100",
        "price_per_unit": "55",
        "price_unit": "ML"
      },
      {
        "state": "SA",
        "price": "1100",
        "price_per_unit": "55",
        "price_unit": "ML"
      },
      {
        "state": "TAS",
        "price": "1100",
        "price_per_unit": "55",
        "price_unit": "ML"
      },
      {
        "state": "ACT",
        "price": "550",
        "price_per_unit": "28",
        "price_unit": "ML"
      }
    ]
  },
  {
    "source_url": "https://www.woolworths.com.au/shop/productdetails/574618/bulla-creamy-classics-ice-cream-vanilla-boysenberry",
    "name": "Bulla Creamy Classics Ice Cream Vanilla & Boysenberry 2l",
    "image_url": "https://cdn1.woolworths.media/content/wowproductimages/large/574618.jpg",
    "source_id": "Woolworths - 574618",
    "barcode": "9310161012110",
    "shop": "Woolworths",
    "weight": "100ML",
    "prices": [
      {
        "state": "NSW",
        "price": "1100",
        "price_per_unit": "55",
        "price_unit": "ML"
      },
      {
        "state": "VIC",
        "price": "1100",
        "price_per_unit": "55",
        "price_unit": "ML"
      },
      {
        "state": "QLD",
        "price": "1100",
        "price_per_unit": "55",
        "price_unit": "ML"
      },
      {
        "state": "WA",
        "price": "1100",
        "price_per_unit": "55",
        "price_unit": "ML"
      },
      {
        "state": "SA",
        "price": "1100",
        "price_per_unit": "55",
        "price_unit": "ML"
      },
      {
        "state": "TAS",
        "price": "1100",
        "price_per_unit": "55",
        "price_unit": "ML"
      },
      {
        "state": "ACT",
        "price": "550",
        "price_per_unit": "28",
        "price_unit": "ML"
      }
    ]
  },
  {
    "source_url": "https://www.woolworths.com.au/shop/productdetails/191043/bulla-creamy-classics-ice-cream-vanilla",
    "name": "Bulla Creamy Classics Ice Cream Vanilla 2l",
    "image_url": "https://cdn1.woolworths.media/content/wowproductimages/large/191043.jpg",
    "source_id": "Woolworths - 191043",
    "barcode": "9310161001343",
    "shop": "Woolworths",
    "weight": "100ML",
    "prices": [
      {
        "state": "NSW",
        "price": "1100",
        "price_per_unit": "55",
        "price_unit": "ML"
      },
      {
        "state": "VIC",
        "price": "1100",
        "price_per_unit": "55",
        "price_unit": "ML"
      },
      {
        "state": "QLD",
        "price": "1100",
        "price_per_unit": "55",
        "price_unit": "ML"
      },
      {
        "state": "WA",
        "price": "1100",
        "price_per_unit": "55",
        "price_unit": "ML"
      },
      {
        "state": "SA",
        "price": "1100",
        "price_per_unit": "55",
        "price_unit": "ML"
      },
      {
        "state": "TAS",
        "price": "1100",
        "price_per_unit": "55",
        "price_unit": "ML"
      },
      {
        "state": "ACT",
        "price": "550",
        "price_per_unit": "28",
        "price_unit": "ML"
      }
    ]
  },
  {
    "source_url": "https://www.woolworths.com.au/shop/productdetails/86412/bulla-ice-cream-vanilla-tub",
    "name": "Bulla Ice Cream Vanilla Tub 4l",
    "image_url": "https://cdn1.woolworths.media/content/wowproductimages/large/086412.jpg",
    "source_id": "Woolworths - 86412",
    "barcode": "9310161002111",
    "shop": "Woolworths",
    "weight": "100ML",
    "prices": [
      {
        "state": "NSW",
        "price": "1150",
        "price_per_unit": "29",
        "price_unit": "ML"
      },
      {
        "state": "VIC",
        "price": "1150",
        "price_per_unit": "29",
        "price_unit": "ML"
      },
      {
        "state": "QLD",
        "price": "1150",
        "price_per_unit": "29",
        "price_unit": "ML"
      },
      {
        "state": "WA",
        "price": "1150",
        "price_per_unit": "29",
        "price_unit": "ML"
      },
      {
        "state": "SA",
        "price": "1150",
        "price_per_unit": "29",
        "price_unit": "ML"
      },
      {
        "state": "TAS",
        "price": "1150",
        "price_per_unit": "29",
        "price_unit": "ML"
      },
      {
        "state": "ACT",
        "price": "1150",
        "price_per_unit": "29",
        "price_unit": "ML"
      }
    ]
  },
  {
    "source_url": "https://www.woolworths.com.au/shop/productdetails/231444/bulla-murray-st-chocolate-fudge-ripple-ice-cream",
    "name": "Bulla Murray St Chocolate Fudge Ripple Ice Cream 1l",
    "image_url": "https://cdn1.woolworths.media/content/wowproductimages/large/231444.jpg",
    "source_id": "Woolworths - 231444",
    "barcode": "9310161018167",
    "shop": "Woolworths",
    "weight": "100ML",
    "prices": [
      {
        "state": "NSW",
        "price": "1200",
        "price_per_unit": "120",
        "price_unit": "ML"
      },
      {
        "state": "VIC",
        "price": "1200",
        "price_per_unit": "120",
        "price_unit": "ML"
      },
      {
        "state": "QLD",
        "price": "1200",
        "price_per_unit": "120",
        "price_unit": "ML"
      },
      {
        "state": "WA",
        "price": "1200",
        "price_per_unit": "120",
        "price_unit": "ML"
      },
      {
        "state": "SA",
        "price": "1200",
        "price_per_unit": "120",
        "price_unit": "ML"
      },
      {
        "state": "TAS",
        "price": "1200",
        "price_per_unit": "120",
        "price_unit": "ML"
      },
      {
        "state": "ACT",
        "price": "1200",
        "price_per_unit": "120",
        "price_unit": "ML"
      },
      {
        "state": "NT",
        "price": "1200",
        "price_per_unit": "120",
        "price_unit": "ML"
      }
    ]
  },
  {
    "source_url": "https://www.woolworths.com.au/shop/productdetails/232126/bulla-murray-st-ice-creamery-honey-salted-caramel-peanut-icecream",
    "name": "Bulla Murray St Ice Creamery Honey & Salted Caramel Peanut Icecream 1l",
    "image_url": "https://cdn1.woolworths.media/content/wowproductimages/large/232126.jpg",
    "source_id": "Woolworths - 232126",
    "barcode": "9310161018198",
    "shop": "Woolworths",
    "weight": "100ML",
    "prices": [
      {
        "state": "NSW",
        "price": "1200",
        "price_per_unit": "120",
        "price_unit": "ML"
      },
      {
        "state": "VIC",
        "price": "1200",
        "price_per_unit": "120",
        "price_unit": "ML"
      },
      {
        "state": "QLD",
        "price": "1200",
        "price_per_unit": "120",
        "price_unit": "ML"
      },
      {
        "state": "WA",
        "price": "1200",
        "price_per_unit": "120",
        "price_unit": "ML"
      },
      {
        "state": "SA",
        "price": "1200",
        "price_per_unit": "120",
        "price_unit": "ML"
      },
      {
        "state": "TAS",
        "price": "1200",
        "price_per_unit": "120",
        "price_unit": "ML"
      },
      {
        "state": "ACT",
        "price": "1200",
        "price_per_unit": "120",
        "price_unit": "ML"
      }
    ]
  },
  {
    "source_url": "https://www.woolworths.com.au/shop/productdetails/232149/bulla-murray-st-ice-creamery-vanilla-bean-ice-cream",
    "name": "Bulla Murray St Ice Creamery Vanilla Bean Ice Cream 1l",
    "image_url": "https://cdn1.woolworths.media/content/wowproductimages/large/232149.jpg",
    "source_id": "Woolworths - 232149",
    "barcode": "9310161018150",
    "shop": "Woolworths",
    "weight": "100ML",
    "prices": [
      {
        "state": "NSW",
        "price": "1200",
        "price_per_unit": "120",
        "price_unit": "ML"
      },
      {
        "state": "VIC",
        "price": "1200",
        "price_per_unit": "120",
        "price_unit": "ML"
      },
      {
        "state": "QLD",
        "price": "1200",
        "price_per_unit": "120",
        "price_unit": "ML"
      },
      {
        "state": "WA",
        "price": "1200",
        "price_per_unit": "120",
        "price_unit": "ML"
      },
      {
        "state": "SA",
        "price": "1200",
        "price_per_unit": "120",
        "price_unit": "ML"
      },
      {
        "state": "TAS",
        "price": "1200",
        "price_per_unit": "120",
        "price_unit": "ML"
      },
      {
        "state": "ACT",
        "price": "1200",
        "price_per_unit": "120",
        "price_unit": "ML"
      }
    ]
  },
  {
    "source_url": "https://www.woolworths.com.au/shop/productdetails/37697/bulla-real-dairy-chocolate-ice-cream",
    "name": "Bulla Real Dairy Chocolate Ice Cream 2l",
    "image_url": "https://cdn1.woolworths.media/content/wowproductimages/large/037697.jpg",
    "source_id": "Woolworths - 37697",
    "barcode": "9310161002104",
    "shop": "Woolworths",
    "weight": "100ML",
    "prices": [
      {
        "state": "VIC",
        "price": "600",
        "price_per_unit": "30",
        "price_unit": "ML"
      },
      {
        "state": "QLD",
        "price": "600",
        "price_per_unit": "30",
        "price_unit": "ML"
      },
      {
        "state": "WA",
        "price": "600",
        "price_per_unit": "30",
        "price_unit": "ML"
      },
      {
        "state": "SA",
        "price": "600",
        "price_per_unit": "30",
        "price_unit": "ML"
      },
      {
        "state": "TAS",
        "price": "600",
        "price_per_unit": "30",
        "price_unit": "ML"
      },
      {
        "state": "ACT",
        "price": "600",
        "price_per_unit": "30",
        "price_unit": "ML"
      },
      {
        "state": "NT",
        "price": "600",
        "price_per_unit": "30",
        "price_unit": "ML"
      }
    ]
  },
  {
    "source_url": "https://www.woolworths.com.au/shop/productdetails/42620/bulla-vanilla-ice-cream",
    "name": "Bulla Vanilla Ice Cream 2l",
    "image_url": "https://cdn1.woolworths.media/content/wowproductimages/large/042620.jpg",
    "source_id": "Woolworths - 42620",
    "barcode": "9310161002074",
    "shop": "Woolworths",
    "weight": "100ML",
    "prices": [
      {
        "state": "VIC",
        "price": "600",
        "price_per_unit": "30",
        "price_unit": "ML"
      },
      {
        "state": "QLD",
        "price": "600",
        "price_per_unit": "30",
        "price_unit": "ML"
      },
      {
        "state": "WA",
        "price": "600",
        "price_per_unit": "30",
        "price_unit": "ML"
      },
      {
        "state": "SA",
        "price": "600",
        "price_per_unit": "30",
        "price_unit": "ML"
      },
      {
        "state": "TAS",
        "price": "600",
        "price_per_unit": "30",
        "price_unit": "ML"
      },
      {
        "state": "ACT",
        "price": "600",
        "price_per_unit": "30",
        "price_unit": "ML"
      },
      {
        "state": "NT",
        "price": "600",
        "price_per_unit": "30",
        "price_unit": "ML"
      }
    ]
  },
  {
    "source_url": "https://www.woolworths.com.au/shop/productdetails/384044/connoisseur-ice-cream-belgian-chocolate",
    "name": "Connoisseur Ice Cream Belgian Chocolate 1l Tub",
    "image_url": "https://cdn1.woolworths.media/content/wowproductimages/large/384044.jpg",
    "source_id": "Woolworths - 384044",
    "barcode": "9310080109069",
    "shop": "Woolworths",
    "weight": "100ML",
    "prices": [
      {
        "state": "NSW",
        "price": "900",
        "price_per_unit": "90",
        "price_unit": "ML"
      },
      {
        "state": "VIC",
        "price": "900",
        "price_per_unit": "90",
        "price_unit": "ML"
      },
      {
        "state": "QLD",
        "price": "900",
        "price_per_unit": "90",
        "price_unit": "ML"
      },
      {
        "state": "WA",
        "price": "900",
        "price_per_unit": "90",
        "price_unit": "ML"
      },
      {
        "state": "SA",
        "price": "900",
        "price_per_unit": "90",
        "price_unit": "ML"
      },
      {
        "state": "TAS",
        "price": "900",
        "price_per_unit": "90",
        "price_unit": "ML"
      },
      {
        "state": "ACT",
        "price": "900",
        "price_per_unit": "90",
        "price_unit": "ML"
      }
    ]
  },
  {
    "source_url": "https://www.woolworths.com.au/shop/productdetails/1793/connoisseur-ice-cream-cafe-grande",
    "name": "Connoisseur Ice Cream Cafe Grande 1l Tub",
    "image_url": "https://cdn1.woolworths.media/content/wowproductimages/large/001793.jpg",
    "source_id": "Woolworths - 1793",
    "barcode": "9300662011804",
    "shop": "Woolworths",
    "weight": "100ML",
    "prices": [
      {
        "state": "NSW",
        "price": "900",
        "price_per_unit": "90",
        "price_unit": "ML"
      },
      {
        "state": "VIC",
        "price": "900",
        "price_per_unit": "90",
        "price_unit": "ML"
      },
      {
        "state": "QLD",
        "price": "900",
        "price_per_unit": "90",
        "price_unit": "ML"
      },
      {
        "state": "WA",
        "price": "900",
        "price_per_unit": "90",
        "price_unit": "ML"
      },
      {
        "state": "SA",
        "price": "900",
        "price_per_unit": "90",
        "price_unit": "ML"
      },
      {
        "state": "TAS",
        "price": "900",
        "price_per_unit": "90",
        "price_unit": "ML"
      },
      {
        "state": "ACT",
        "price": "900",
        "price_per_unit": "90",
        "price_unit": "ML"
      },
      {
        "state": "NT",
        "price": "900",
        "price_per_unit": "90",
        "price_unit": "ML"
      }
    ]
  },
  {
    "source_url": "https://www.woolworths.com.au/shop/productdetails/259609/connoisseur-ice-cream-caramel-honey-macadamia",
    "name": "Connoisseur Ice Cream Caramel Honey Macadamia 1l Tub",
    "image_url": "https://cdn1.woolworths.media/content/wowproductimages/large/259609.jpg",
    "source_id": "Woolworths - 259609",
    "barcode": "9300662869375",
    "shop": "Woolworths",
    "weight": "100ML",
    "prices": [
      {
        "state": "NSW",
        "price": "900",
        "price_per_unit": "90",
        "price_unit": "ML"
      },
      {
        "state": "VIC",
        "price": "900",
        "price_per_unit": "90",
        "price_unit": "ML"
      },
      {
        "state": "QLD",
        "price": "900",
        "price_per_unit": "90",
        "price_unit": "ML"
      },
      {
        "state": "WA",
        "price": "900",
        "price_per_unit": "90",
        "price_unit": "ML"
      },
      {
        "state": "SA",
        "price": "900",
        "price_per_unit": "90",
        "price_unit": "ML"
      },
      {
        "state": "TAS",
        "price": "900",
        "price_per_unit": "90",
        "price_unit": "ML"
      },
      {
        "state": "ACT",
        "price": "900",
        "price_per_unit": "90",
        "price_unit": "ML"
      }
    ]
  },
  {
    "source_url": "https://www.woolworths.com.au/shop/productdetails/508517/connoisseur-ice-cream-chocolate-brownie",
    "name": "Connoisseur Ice Cream Chocolate Brownie 1l Tub",
    "image_url": "https://cdn1.woolworths.media/content/wowproductimages/large/508517.jpg",
    "source_id": "Woolworths - 508517",
    "barcode": "9347042001918",
    "shop": "Woolworths",
    "weight": "100ML",
    "prices": [
      {
        "state": "NSW",
        "price": "900",
        "price_per_unit": "90",
        "price_unit": "ML"
      },
      {
        "state": "VIC",
        "price": "900",
        "price_per_unit": "90",
        "price_unit": "ML"
      },
      {
        "state": "QLD",
        "price": "900",
        "price_per_unit": "90",
        "price_unit": "ML"
      },
      {
        "state": "WA",
        "price": "900",
        "price_per_unit": "90",
        "price_unit": "ML"
      },
      {
        "state": "SA",
        "price": "900",
        "price_per_unit": "90",
        "price_unit": "ML"
      },
      null,
      {
        "state": "ACT",
        "price": "900",
        "price_per_unit": "90",
        "price_unit": "ML"
      },
      {
        "state": "NT",
        "price": "900",
        "price_per_unit": "90",
        "price_unit": "ML"
      }
    ]
  },
  {
    "source_url": "https://www.woolworths.com.au/shop/productdetails/96190/connoisseur-ice-cream-classic-vanilla-tub",
    "name": "Connoisseur Ice Cream Classic Vanilla Tub 1l",
    "image_url": "https://cdn1.woolworths.media/content/wowproductimages/large/096190.jpg",
    "source_id": "Woolworths - 96190",
    "barcode": "9300662127994",
    "shop": "Woolworths",
    "weight": "100ML",
    "prices": [
      {
        "state": "NSW",
        "price": "900",
        "price_per_unit": "90",
        "price_unit": "ML"
      },
      {
        "state": "VIC",
        "price": "900",
        "price_per_unit": "90",
        "price_unit": "ML"
      },
      {
        "state": "QLD",
        "price": "900",
        "price_per_unit": "90",
        "price_unit": "ML"
      },
      {
        "state": "WA",
        "price": "900",
        "price_per_unit": "90",
        "price_unit": "ML"
      },
      {
        "state": "SA",
        "price": "900",
        "price_per_unit": "90",
        "price_unit": "ML"
      },
      {
        "state": "TAS",
        "price": "900",
        "price_per_unit": "90",
        "price_unit": "ML"
      },
      {
        "state": "ACT",
        "price": "900",
        "price_per_unit": "90",
        "price_unit": "ML"
      },
      {
        "state": "NT",
        "price": "900",
        "price_per_unit": "90",
        "price_unit": "ML"
      }
    ]
  },
  {
    "source_url": "https://www.woolworths.com.au/shop/productdetails/66363/connoisseur-ice-cream-cookies-cream",
    "name": "Connoisseur Ice Cream Cookies & Cream 1l Tub",
    "image_url": "https://cdn1.woolworths.media/content/wowproductimages/large/066363.jpg",
    "source_id": "Woolworths - 66363",
    "barcode": "9300662179542",
    "shop": "Woolworths",
    "weight": "100ML",
    "prices": [
      {
        "state": "NSW",
        "price": "900",
        "price_per_unit": "90",
        "price_unit": "ML"
      },
      {
        "state": "VIC",
        "price": "900",
        "price_per_unit": "90",
        "price_unit": "ML"
      },
      {
        "state": "QLD",
        "price": "900",
        "price_per_unit": "90",
        "price_unit": "ML"
      },
      {
        "state": "WA",
        "price": "900",
        "price_per_unit": "90",
        "price_unit": "ML"
      },
      {
        "state": "SA",
        "price": "900",
        "price_per_unit": "90",
        "price_unit": "ML"
      },
      null,
      {
        "state": "ACT",
        "price": "900",
        "price_per_unit": "90",
        "price_unit": "ML"
      }
    ]
  },
  {
    "source_url": "https://www.woolworths.com.au/shop/productdetails/699140/connoisseur-ice-cream-vanilla-caramel-brownie",
    "name": "Connoisseur Ice Cream Vanilla Caramel Brownie 1l",
    "image_url": "https://cdn1.woolworths.media/content/wowproductimages/large/699140.jpg",
    "source_id": "Woolworths - 699140",
    "barcode": "9347042002502",
    "shop": "Woolworths",
    "weight": "100ML",
    "prices": [
      {
        "state": "NSW",
        "price": "900",
        "price_per_unit": "90",
        "price_unit": "ML"
      },
      {
        "state": "VIC",
        "price": "900",
        "price_per_unit": "90",
        "price_unit": "ML"
      },
      {
        "state": "QLD",
        "price": "900",
        "price_per_unit": "90",
        "price_unit": "ML"
      },
      {
        "state": "WA",
        "price": "900",
        "price_per_unit": "90",
        "price_unit": "ML"
      },
      {
        "state": "SA",
        "price": "900",
        "price_per_unit": "90",
        "price_unit": "ML"
      },
      {
        "state": "TAS",
        "price": "900",
        "price_per_unit": "90",
        "price_unit": "ML"
      },
      {
        "state": "ACT",
        "price": "900",
        "price_per_unit": "90",
        "price_unit": "ML"
      },
      {
        "state": "NT",
        "price": "900",
        "price_per_unit": "90",
        "price_unit": "ML"
      }
    ]
  },
  {
    "source_url": "https://www.woolworths.com.au/shop/productdetails/505061/haagen-dazs-ice-cream-belgian-chocolate",
    "name": "Haagen-Dazs Ice Cream Belgian Chocolate 457mL",
    "image_url": "https://cdn1.woolworths.media/content/wowproductimages/large/505061.jpg",
    "source_id": "Woolworths - 505061",
    "barcode": "3415581113365",
    "shop": "Woolworths",
    "weight": "100ML",
    "prices": [
      {
        "state": "NSW",
        "price": "1350",
        "price_per_unit": "295",
        "price_unit": "ML"
      },
      {
        "state": "VIC",
        "price": "1350",
        "price_per_unit": "295",
        "price_unit": "ML"
      },
      {
        "state": "QLD",
        "price": "1350",
        "price_per_unit": "295",
        "price_unit": "ML"
      },
      {
        "state": "WA",
        "price": "1350",
        "price_per_unit": "295",
        "price_unit": "ML"
      },
      {
        "state": "SA",
        "price": "1350",
        "price_per_unit": "295",
        "price_unit": "ML"
      },
      {
        "state": "TAS",
        "price": "1350",
        "price_per_unit": "295",
        "price_unit": "ML"
      },
      {
        "state": "ACT",
        "price": "1350",
        "price_per_unit": "295",
        "price_unit": "ML"
      },
      {
        "state": "NT",
        "price": "1350",
        "price_per_unit": "295",
        "price_unit": "ML"
      }
    ]
  },
  {
    "source_url": "https://www.woolworths.com.au/shop/productdetails/505069/haagen-dazs-ice-cream-salted-caramel",
    "name": "Haagen-Dazs Ice Cream Salted Caramel 457mL",
    "image_url": "https://cdn1.woolworths.media/content/wowproductimages/large/505069.jpg",
    "source_id": "Woolworths - 505069",
    "barcode": "3415581114362",
    "shop": "Woolworths",
    "weight": "100ML",
    "prices": [
      {
        "state": "NSW",
        "price": "1350",
        "price_per_unit": "295",
        "price_unit": "ML"
      },
      {
        "state": "VIC",
        "price": "1350",
        "price_per_unit": "295",
        "price_unit": "ML"
      },
      {
        "state": "QLD",
        "price": "1350",
        "price_per_unit": "295",
        "price_unit": "ML"
      },
      {
        "state": "WA",
        "price": "1350",
        "price_per_unit": "295",
        "price_unit": "ML"
      },
      {
        "state": "SA",
        "price": "1350",
        "price_per_unit": "295",
        "price_unit": "ML"
      },
      {
        "state": "TAS",
        "price": "1350",
        "price_per_unit": "295",
        "price_unit": "ML"
      },
      {
        "state": "ACT",
        "price": "1350",
        "price_per_unit": "295",
        "price_unit": "ML"
      },
      {
        "state": "NT",
        "price": "1350",
        "price_per_unit": "295",
        "price_unit": "ML"
      }
    ]
  },
  {
    "source_url": "https://www.woolworths.com.au/shop/productdetails/505074/haagen-dazs-ice-cream-strawberries-cream",
    "name": "Haagen-Dazs Ice Cream Strawberries & Cream 457mL",
    "image_url": "https://cdn1.woolworths.media/content/wowproductimages/large/505074.jpg",
    "source_id": "Woolworths - 505074",
    "barcode": "3415581105360",
    "shop": "Woolworths",
    "weight": "100ML",
    "prices": [
      {
        "state": "NSW",
        "price": "1350",
        "price_per_unit": "295",
        "price_unit": "ML"
      },
      {
        "state": "VIC",
        "price": "1350",
        "price_per_unit": "295",
        "price_unit": "ML"
      },
      {
        "state": "QLD",
        "price": "1350",
        "price_per_unit": "295",
        "price_unit": "ML"
      },
      {
        "state": "WA",
        "price": "1350",
        "price_per_unit": "295",
        "price_unit": "ML"
      },
      {
        "state": "SA",
        "price": "1350",
        "price_per_unit": "295",
        "price_unit": "ML"
      },
      {
        "state": "TAS",
        "price": "1350",
        "price_per_unit": "295",
        "price_unit": "ML"
      },
      {
        "state": "ACT",
        "price": "1350",
        "price_per_unit": "295",
        "price_unit": "ML"
      }
    ]
  },
  {
    "source_url": "https://www.woolworths.com.au/shop/productdetails/503673/haagen-dazs-ice-cream-vanilla-ice-cream",
    "name": "Haagen-Dazs Ice Cream Vanilla 457mL",
    "image_url": "https://cdn1.woolworths.media/content/wowproductimages/large/503673.jpg",
    "source_id": "Woolworths - 503673",
    "barcode": "3415581101362",
    "shop": "Woolworths",
    "weight": "100ML",
    "prices": [
      {
        "state": "NSW",
        "price": "1350",
        "price_per_unit": "295",
        "price_unit": "ML"
      },
      {
        "state": "VIC",
        "price": "1350",
        "price_per_unit": "295",
        "price_unit": "ML"
      },
      {
        "state": "QLD",
        "price": "1350",
        "price_per_unit": "295",
        "price_unit": "ML"
      },
      {
        "state": "WA",
        "price": "1350",
        "price_per_unit": "295",
        "price_unit": "ML"
      },
      {
        "state": "SA",
        "price": "1350",
        "price_per_unit": "295",
        "price_unit": "ML"
      },
      {
        "state": "TAS",
        "price": "1350",
        "price_per_unit": "295",
        "price_unit": "ML"
      },
      {
        "state": "ACT",
        "price": "1350",
        "price_per_unit": "295",
        "price_unit": "ML"
      },
      {
        "state": "NT",
        "price": "1350",
        "price_per_unit": "295",
        "price_unit": "ML"
      }
    ]
  },
  {
    "source_url": "https://www.woolworths.com.au/shop/productdetails/247799/lotte-yukimi-mochi-ice-confectionery-mango",
    "name": "Lotte Yukimi Mochi Ice Confectionery Mango 270ml",
    "image_url": "https://cdn1.woolworths.media/content/wowproductimages/large/247799.jpg",
    "source_id": "Woolworths - 247799",
    "barcode": "4953823194752",
    "shop": "Woolworths",
    "weight": "100ML",
    "prices": [
      {
        "state": "NSW",
        "price": "800",
        "price_per_unit": "296",
        "price_unit": "ML"
      },
      {
        "state": "VIC",
        "price": "800",
        "price_per_unit": "296",
        "price_unit": "ML"
      },
      {
        "state": "SA",
        "price": "800",
        "price_per_unit": "296",
        "price_unit": "ML"
      },
      {
        "state": "ACT",
        "price": "800",
        "price_per_unit": "296",
        "price_unit": "ML"
      },
      {
        "state": "NT",
        "price": "840",
        "price_per_unit": "311",
        "price_unit": "ML"
      }
    ]
  },
  {
    "source_url": "https://www.woolworths.com.au/shop/productdetails/170932/lotte-yukimi-mochi-ice-confectionery-strawberry",
    "name": "Lotte Yukimi Mochi Ice Confectionery Strawberry 270ml",
    "image_url": "https://cdn1.woolworths.media/content/wowproductimages/large/170932.jpg",
    "source_id": "Woolworths - 170932",
    "barcode": "4953823243498",
    "shop": "Woolworths",
    "weight": "100ML",
    "prices": [
      {
        "state": "NSW",
        "price": "800",
        "price_per_unit": "296",
        "price_unit": "ML"
      },
      {
        "state": "VIC",
        "price": "800",
        "price_per_unit": "296",
        "price_unit": "ML"
      },
      {
        "state": "SA",
        "price": "800",
        "price_per_unit": "296",
        "price_unit": "ML"
      },
      {
        "state": "ACT",
        "price": "800",
        "price_per_unit": "296",
        "price_unit": "ML"
      },
      {
        "state": "NT",
        "price": "840",
        "price_per_unit": "311",
        "price_unit": "ML"
      }
    ]
  },
  {
    "source_url": "https://www.woolworths.com.au/shop/productdetails/170733/lotte-yukimi-mochi-ice-confectionery-vanilla",
    "name": "Lotte Yukimi Mochi Ice Confectionery Vanilla 270ml",
    "image_url": "https://cdn1.woolworths.media/content/wowproductimages/large/170733.jpg",
    "source_id": "Woolworths - 170733",
    "barcode": "4953823095042",
    "shop": "Woolworths",
    "weight": "100ML",
    "prices": [
      {
        "state": "NSW",
        "price": "800",
        "price_per_unit": "296",
        "price_unit": "ML"
      },
      {
        "state": "VIC",
        "price": "800",
        "price_per_unit": "296",
        "price_unit": "ML"
      },
      {
        "state": "ACT",
        "price": "800",
        "price_per_unit": "296",
        "price_unit": "ML"
      }
    ]
  },
  {
    "source_url": "https://www.woolworths.com.au/shop/productdetails/178818/milo-frozen-dessert-tub",
    "name": "Milo Frozen Dessert Tub 1.2l",
    "image_url": "https://cdn1.woolworths.media/content/wowproductimages/large/178818.jpg",
    "source_id": "Woolworths - 178818",
    "barcode": "9347043002303",
    "shop": "Woolworths",
    "weight": "100ML",
    "prices": [
      {
        "state": "NSW",
        "price": "1000",
        "price_per_unit": "83",
        "price_unit": "ML"
      },
      {
        "state": "VIC",
        "price": "1000",
        "price_per_unit": "83",
        "price_unit": "ML"
      },
      {
        "state": "QLD",
        "price": "1000",
        "price_per_unit": "83",
        "price_unit": "ML"
      },
      {
        "state": "WA",
        "price": "1000",
        "price_per_unit": "83",
        "price_unit": "ML"
      },
      {
        "state": "SA",
        "price": "1000",
        "price_per_unit": "83",
        "price_unit": "ML"
      },
      {
        "state": "TAS",
        "price": "1000",
        "price_per_unit": "83",
        "price_unit": "ML"
      },
      {
        "state": "ACT",
        "price": "1000",
        "price_per_unit": "83",
        "price_unit": "ML"
      },
      {
        "state": "NT",
        "price": "1000",
        "price_per_unit": "83",
        "price_unit": "ML"
      }
    ]
  },
  {
    "source_url": "https://www.woolworths.com.au/shop/productdetails/246028/pana-organic-vanilla-bean-frozen-dessert-tub",
    "name": "Pana Organic Vanilla Bean Frozen Dessert Tub 950ml",
    "image_url": "https://cdn1.woolworths.media/content/wowproductimages/large/246028.jpg",
    "source_id": "Woolworths - 246028",
    "barcode": "9346758005104",
    "shop": "Woolworths",
    "weight": "100ML",
    "prices": [
      {
        "state": "NSW",
        "price": "1650",
        "price_per_unit": "174",
        "price_unit": "ML"
      },
      {
        "state": "VIC",
        "price": "1650",
        "price_per_unit": "174",
        "price_unit": "ML"
      },
      {
        "state": "QLD",
        "price": "1650",
        "price_per_unit": "174",
        "price_unit": "ML"
      },
      {
        "state": "WA",
        "price": "1650",
        "price_per_unit": "174",
        "price_unit": "ML"
      },
      {
        "state": "SA",
        "price": "1650",
        "price_per_unit": "174",
        "price_unit": "ML"
      },
      {
        "state": "TAS",
        "price": "1650",
        "price_per_unit": "174",
        "price_unit": "ML"
      },
      {
        "state": "ACT",
        "price": "1650",
        "price_per_unit": "174",
        "price_unit": "ML"
      }
    ]
  },
  {
    "source_url": "https://www.woolworths.com.au/shop/productdetails/120079/peters-no-sugar-added-vanilla-tub",
    "name": "Peters No Sugar Added Vanilla Tub 1.2l",
    "image_url": "https://cdn1.woolworths.media/content/wowproductimages/large/120079.jpg",
    "source_id": "Woolworths - 120079",
    "barcode": "9347042002960",
    "shop": "Woolworths",
    "weight": "100ML",
    "prices": [
      {
        "state": "NSW",
        "price": "800",
        "price_per_unit": "67",
        "price_unit": "ML"
      },
      {
        "state": "VIC",
        "price": "800",
        "price_per_unit": "67",
        "price_unit": "ML"
      },
      {
        "state": "QLD",
        "price": "800",
        "price_per_unit": "67",
        "price_unit": "ML"
      },
      {
        "state": "WA",
        "price": "800",
        "price_per_unit": "67",
        "price_unit": "ML"
      },
      {
        "state": "SA",
        "price": "800",
        "price_per_unit": "67",
        "price_unit": "ML"
      },
      {
        "state": "TAS",
        "price": "800",
        "price_per_unit": "67",
        "price_unit": "ML"
      },
      {
        "state": "ACT",
        "price": "800",
        "price_per_unit": "67",
        "price_unit": "ML"
      }
    ]
  },
  {
    "source_url": "https://www.woolworths.com.au/shop/productdetails/40960/peters-original-neapolitan-ice-cream",
    "name": "Peters Original Neapolitan Ice Cream 2l",
    "image_url": "https://cdn1.woolworths.media/content/wowproductimages/large/040960.jpg",
    "source_id": "Woolworths - 40960",
    "barcode": "9310080236567",
    "shop": "Woolworths",
    "weight": "100ML",
    "prices": [
      {
        "state": "NSW",
        "price": "550",
        "price_per_unit": "28",
        "price_unit": "ML"
      },
      {
        "state": "VIC",
        "price": "550",
        "price_per_unit": "28",
        "price_unit": "ML"
      },
      {
        "state": "QLD",
        "price": "550",
        "price_per_unit": "28",
        "price_unit": "ML"
      },
      {
        "state": "WA",
        "price": "550",
        "price_per_unit": "28",
        "price_unit": "ML"
      },
      {
        "state": "SA",
        "price": "550",
        "price_per_unit": "28",
        "price_unit": "ML"
      },
      {
        "state": "TAS",
        "price": "550",
        "price_per_unit": "28",
        "price_unit": "ML"
      },
      {
        "state": "ACT",
        "price": "550",
        "price_per_unit": "28",
        "price_unit": "ML"
      }
    ]
  },
  {
    "source_url": "https://www.woolworths.com.au/shop/productdetails/574411/peters-original-rainbow",
    "name": "Peters Original Rainbow 2l",
    "image_url": "https://cdn1.woolworths.media/content/wowproductimages/large/574411.jpg",
    "source_id": "Woolworths - 574411",
    "barcode": "9347042002113",
    "shop": "Woolworths",
    "weight": "100ML",
    "prices": [
      {
        "state": "NSW",
        "price": "550",
        "price_per_unit": "28",
        "price_unit": "ML"
      },
      {
        "state": "VIC",
        "price": "550",
        "price_per_unit": "28",
        "price_unit": "ML"
      },
      {
        "state": "QLD",
        "price": "550",
        "price_per_unit": "28",
        "price_unit": "ML"
      },
      {
        "state": "WA",
        "price": "550",
        "price_per_unit": "28",
        "price_unit": "ML"
      },
      {
        "state": "TAS",
        "price": "550",
        "price_per_unit": "28",
        "price_unit": "ML"
      },
      {
        "state": "ACT",
        "price": "550",
        "price_per_unit": "28",
        "price_unit": "ML"
      }
    ]
  },
  {
    "source_url": "https://www.woolworths.com.au/shop/productdetails/34673/peters-original-vanilla",
    "name": "Peters Original Vanilla 4l",
    "image_url": "https://cdn1.woolworths.media/content/wowproductimages/large/034673.jpg",
    "source_id": "Woolworths - 34673",
    "barcode": "9310080257418",
    "shop": "Woolworths",
    "weight": "100ML",
    "prices": [
      {
        "state": "NSW",
        "price": "1090",
        "price_per_unit": "27",
        "price_unit": "ML"
      },
      {
        "state": "VIC",
        "price": "1090",
        "price_per_unit": "27",
        "price_unit": "ML"
      },
      {
        "state": "QLD",
        "price": "1090",
        "price_per_unit": "27",
        "price_unit": "ML"
      },
      {
        "state": "WA",
        "price": "1090",
        "price_per_unit": "27",
        "price_unit": "ML"
      },
      {
        "state": "SA",
        "price": "1090",
        "price_per_unit": "27",
        "price_unit": "ML"
      },
      {
        "state": "TAS",
        "price": "1090",
        "price_per_unit": "27",
        "price_unit": "ML"
      },
      {
        "state": "ACT",
        "price": "1090",
        "price_per_unit": "27",
        "price_unit": "ML"
      },
      {
        "state": "NT",
        "price": "1090",
        "price_per_unit": "27",
        "price_unit": "ML"
      }
    ]
  },
  {
    "source_url": "https://www.woolworths.com.au/shop/productdetails/40518/peters-original-vanilla-ice-cream-ice-cream",
    "name": "Peters Original Vanilla Ice Cream 2L",
    "image_url": "https://cdn1.woolworths.media/content/wowproductimages/large/040518.jpg",
    "source_id": "Woolworths - 40518",
    "barcode": "9310080236550",
    "shop": "Woolworths",
    "weight": "100ML",
    "prices": [
      {
        "state": "NSW",
        "price": "550",
        "price_per_unit": "28",
        "price_unit": "ML"
      },
      {
        "state": "VIC",
        "price": "550",
        "price_per_unit": "28",
        "price_unit": "ML"
      },
      {
        "state": "QLD",
        "price": "550",
        "price_per_unit": "28",
        "price_unit": "ML"
      },
      {
        "state": "WA",
        "price": "550",
        "price_per_unit": "28",
        "price_unit": "ML"
      },
      {
        "state": "SA",
        "price": "550",
        "price_per_unit": "28",
        "price_unit": "ML"
      },
      {
        "state": "TAS",
        "price": "550",
        "price_per_unit": "28",
        "price_unit": "ML"
      },
      {
        "state": "ACT",
        "price": "550",
        "price_per_unit": "28",
        "price_unit": "ML"
      },
      {
        "state": "NT",
        "price": "550",
        "price_per_unit": "28",
        "price_unit": "ML"
      }
    ]
  },
  {
    "source_url": "https://www.woolworths.com.au/shop/productdetails/218387/reese-s-nutrageous-peanut-butter-peanuts-chocolate-caramel",
    "name": "Reese's Nutrageous Peanut Butter, Peanuts, Chocolate & Caramel 1l",
    "image_url": "https://cdn1.woolworths.media/content/wowproductimages/large/218387.jpg",
    "source_id": "Woolworths - 218387",
    "barcode": "9310161017603",
    "shop": "Woolworths",
    "weight": "100ML",
    "prices": [
      {
        "state": "NSW",
        "price": "850",
        "price_per_unit": "85",
        "price_unit": "ML"
      },
      {
        "state": "VIC",
        "price": "850",
        "price_per_unit": "85",
        "price_unit": "ML"
      },
      {
        "state": "QLD",
        "price": "850",
        "price_per_unit": "85",
        "price_unit": "ML"
      },
      {
        "state": "WA",
        "price": "850",
        "price_per_unit": "85",
        "price_unit": "ML"
      },
      {
        "state": "SA",
        "price": "850",
        "price_per_unit": "85",
        "price_unit": "ML"
      },
      {
        "state": "TAS",
        "price": "1000",
        "price_per_unit": "100",
        "price_unit": "ML"
      },
      {
        "state": "ACT",
        "price": "1000",
        "price_per_unit": "100",
        "price_unit": "ML"
      },
      {
        "state": "NT",
        "price": "1000",
        "price_per_unit": "100",
        "price_unit": "ML"
      }
    ]
  },
  {
    "source_url": "https://www.woolworths.com.au/shop/productdetails/188029/samanco-binggrae-green-tea-dessert-sandwich",
    "name": "Samanco Binggrae Green Tea Dessert Sandwich 4 Pack",
    "image_url": "https://cdn1.woolworths.media/content/wowproductimages/large/188029.jpg",
    "source_id": "Woolworths - 188029",
    "barcode": "8801104306416",
    "shop": "Woolworths",
    "weight": "100ML",
    "prices": [
      {
        "state": "NSW",
        "price": "1100",
        "price_per_unit": "183",
        "price_unit": "ML"
      },
      {
        "state": "VIC",
        "price": "1100",
        "price_per_unit": "183",
        "price_unit": "ML"
      },
      {
        "state": "SA",
        "price": "1100",
        "price_per_unit": "183",
        "price_unit": "ML"
      },
      {
        "state": "ACT",
        "price": "1100",
        "price_per_unit": "183",
        "price_unit": "ML"
      },
      {
        "state": "NT",
        "price": "1100",
        "price_per_unit": "183",
        "price_unit": "ML"
      }
    ]
  },
  {
    "source_url": "https://www.woolworths.com.au/shop/productdetails/188663/samanco-red-bean-dessert-sandwich",
    "name": "Samanco Red Bean Dessert Sandwich 4 Pack",
    "image_url": "https://cdn1.woolworths.media/content/wowproductimages/large/188663.jpg",
    "source_id": "Woolworths - 188663",
    "barcode": "8801104910019",
    "shop": "Woolworths",
    "weight": "100ML",
    "prices": [
      {
        "state": "NSW",
        "price": "1100",
        "price_per_unit": "183",
        "price_unit": "ML"
      },
      {
        "state": "VIC",
        "price": "1100",
        "price_per_unit": "183",
        "price_unit": "ML"
      },
      {
        "state": "SA",
        "price": "1100",
        "price_per_unit": "183",
        "price_unit": "ML"
      },
      {
        "state": "ACT",
        "price": "1100",
        "price_per_unit": "183",
        "price_unit": "ML"
      },
      {
        "state": "NT",
        "price": "1100",
        "price_per_unit": "183",
        "price_unit": "ML"
      }
    ]
  },
  {
    "source_url": "https://www.woolworths.com.au/shop/productdetails/94996/sanitarium-so-good-vanilla-bliss-frozen-dessert",
    "name": "Sanitarium So Good Vanilla Bliss Frozen Dessert 1l",
    "image_url": "https://cdn1.woolworths.media/content/wowproductimages/large/094996.jpg",
    "source_id": "Woolworths - 94996",
    "barcode": "9300652014075",
    "shop": "Woolworths",
    "weight": "100ML",
    "prices": [
      {
        "state": "NSW",
        "price": "950",
        "price_per_unit": "95",
        "price_unit": "ML"
      },
      {
        "state": "VIC",
        "price": "950",
        "price_per_unit": "95",
        "price_unit": "ML"
      },
      {
        "state": "QLD",
        "price": "950",
        "price_per_unit": "95",
        "price_unit": "ML"
      },
      {
        "state": "WA",
        "price": "950",
        "price_per_unit": "95",
        "price_unit": "ML"
      },
      {
        "state": "SA",
        "price": "950",
        "price_per_unit": "95",
        "price_unit": "ML"
      },
      {
        "state": "TAS",
        "price": "950",
        "price_per_unit": "95",
        "price_unit": "ML"
      },
      null,
      {
        "state": "NT",
        "price": "1000",
        "price_per_unit": "100",
        "price_unit": "ML"
      }
    ]
  },
  {
    "source_url": "https://www.woolworths.com.au/shop/productdetails/388375/twisted-protein-frozen-dessert-double-choc-fudge",
    "name": "Twisted Protein Frozen Dessert Double Choc Fudge 475ml",
    "image_url": "https://cdn1.woolworths.media/content/wowproductimages/large/388375.jpg",
    "source_id": "Woolworths - 388375",
    "barcode": "9349107001116",
    "shop": "Woolworths",
    "weight": "100ML",
    "prices": [
      {
        "state": "NSW",
        "price": "1000",
        "price_per_unit": "211",
        "price_unit": "ML"
      },
      {
        "state": "VIC",
        "price": "1000",
        "price_per_unit": "211",
        "price_unit": "ML"
      },
      {
        "state": "QLD",
        "price": "1000",
        "price_per_unit": "211",
        "price_unit": "ML"
      },
      {
        "state": "WA",
        "price": "1000",
        "price_per_unit": "211",
        "price_unit": "ML"
      },
      {
        "state": "SA",
        "price": "1000",
        "price_per_unit": "211",
        "price_unit": "ML"
      },
      {
        "state": "ACT",
        "price": "1000",
        "price_per_unit": "211",
        "price_unit": "ML"
      }
    ]
  },
  {
    "source_url": "https://www.woolworths.com.au/shop/productdetails/281379/woolworths-essential-reduced-fat-neapolitan-ice-cream",
    "name": "Woolworths Essential Reduced Fat Neapolitan Ice Cream 4L",
    "image_url": "https://cdn1.woolworths.media/content/wowproductimages/large/281379.jpg",
    "source_id": "Woolworths - 281379",
    "barcode": "9339687338818",
    "shop": "Woolworths",
    "weight": "100ML",
    "prices": [
      {
        "state": "NSW",
        "price": "700",
        "price_per_unit": "18",
        "price_unit": "ML"
      },
      {
        "state": "VIC",
        "price": "700",
        "price_per_unit": "18",
        "price_unit": "ML"
      },
      {
        "state": "SA",
        "price": "700",
        "price_per_unit": "18",
        "price_unit": "ML"
      },
      {
        "state": "TAS",
        "price": "700",
        "price_per_unit": "18",
        "price_unit": "ML"
      },
      {
        "state": "ACT",
        "price": "700",
        "price_per_unit": "18",
        "price_unit": "ML"
      },
      {
        "state": "NT",
        "price": "700",
        "price_per_unit": "18",
        "price_unit": "ML"
      }
    ]
  },
  {
    "source_url": "https://www.woolworths.com.au/shop/productdetails/281393/woolworths-essential-reduced-fat-vanilla-ice-cream",
    "name": "Woolworths Essential Reduced Fat Vanilla Ice Cream 2L",
    "image_url": "https://cdn1.woolworths.media/content/wowproductimages/large/281393.jpg",
    "source_id": "Woolworths - 281393",
    "barcode": "9339687338849",
    "shop": "Woolworths",
    "weight": "100ML",
    "prices": [
      {
        "state": "NSW",
        "price": "450",
        "price_per_unit": "23",
        "price_unit": "ML"
      },
      {
        "state": "ACT",
        "price": "450",
        "price_per_unit": "23",
        "price_unit": "ML"
      }
    ]
  },
  {
    "source_url": "https://www.woolworths.com.au/shop/productdetails/281380/woolworths-essential-reduced-fat-vanilla-ice-cream",
    "name": "Woolworths Essential Reduced Fat Vanilla Ice Cream 4L",
    "image_url": "https://cdn1.woolworths.media/content/wowproductimages/large/281380.jpg",
    "source_id": "Woolworths - 281380",
    "barcode": "9339687338825",
    "shop": "Woolworths",
    "weight": "100ML",
    "prices": [
      {
        "state": "NSW",
        "price": "700",
        "price_per_unit": "18",
        "price_unit": "ML"
      },
      {
        "state": "ACT",
        "price": "700",
        "price_per_unit": "18",
        "price_unit": "ML"
      }
    ]
  },
  {
    "source_url": "https://www.woolworths.com.au/shop/productdetails/348629/ben-jerry-s-ice-cream-triple-caramel-chunk-ice-cream",
    "name": "Ben & Jerry's Ice Cream Triple Caramel Chunk 458mL",
    "image_url": "https://cdn1.woolworths.media/content/wowproductimages/large/348629.jpg",
    "source_id": "Woolworths - 348629",
    "barcode": "76840100774",
    "shop": "Woolworths",
    "weight": "100ML",
    "prices": [
      {
        "state": "VIC",
        "price": "1450",
        "price_per_unit": "317",
        "price_unit": "ML"
      },
      {
        "state": "QLD",
        "price": "1450",
        "price_per_unit": "317",
        "price_unit": "ML"
      },
      {
        "state": "WA",
        "price": "1450",
        "price_per_unit": "317",
        "price_unit": "ML"
      },
      {
        "state": "SA",
        "price": "1450",
        "price_per_unit": "317",
        "price_unit": "ML"
      },
      {
        "state": "TAS",
        "price": "1450",
        "price_per_unit": "317",
        "price_unit": "ML"
      },
      {
        "state": "ACT",
        "price": "870",
        "price_per_unit": "190",
        "price_unit": "ML"
      },
      {
        "state": "NT",
        "price": "870",
        "price_per_unit": "190",
        "price_unit": "ML"
      }
    ]
  },
  {
    "source_url": "https://www.woolworths.com.au/shop/productdetails/441151/ben-jerry-s-ice-cream-tub-the-tonight-dough",
    "name": "Ben & Jerry’s Ice Cream Tub The Tonight Dough 458 Ml",
    "image_url": "https://cdn1.woolworths.media/content/wowproductimages/large/441151.jpg",
    "source_id": "Woolworths - 441151",
    "barcode": "76840551965",
    "shop": "Woolworths",
    "weight": "100ML",
    "prices": [
      {
        "state": "VIC",
        "price": "1450",
        "price_per_unit": "317",
        "price_unit": "ML"
      },
      {
        "state": "QLD",
        "price": "1450",
        "price_per_unit": "317",
        "price_unit": "ML"
      },
      {
        "state": "WA",
        "price": "1450",
        "price_per_unit": "317",
        "price_unit": "ML"
      },
      {
        "state": "SA",
        "price": "1450",
        "price_per_unit": "317",
        "price_unit": "ML"
      },
      {
        "state": "TAS",
        "price": "1450",
        "price_per_unit": "317",
        "price_unit": "ML"
      },
      {
        "state": "ACT",
        "price": "870",
        "price_per_unit": "190",
        "price_unit": "ML"
      },
      {
        "state": "NT",
        "price": "870",
        "price_per_unit": "190",
        "price_unit": "ML"
      }
    ]
  },
  {
    "source_url": "https://www.woolworths.com.au/shop/productdetails/636654/blue-ribbon-classic-chocolate-reduced-fat-ice-cream-dessert-tub",
    "name": "Blue Ribbon Classic Chocolate Reduced Fat Ice Cream Dessert Tub 2L",
    "image_url": "https://cdn1.woolworths.media/content/wowproductimages/large/636654.jpg",
    "source_id": "Woolworths - 636654",
    "barcode": "9300830042517",
    "shop": "Woolworths",
    "weight": "100ML",
    "prices": [
      {
        "state": "VIC",
        "price": "650",
        "price_per_unit": "33",
        "price_unit": "ML"
      },
      {
        "state": "QLD",
        "price": "650",
        "price_per_unit": "33",
        "price_unit": "ML"
      },
      {
        "state": "WA",
        "price": "650",
        "price_per_unit": "33",
        "price_unit": "ML"
      },
      {
        "state": "SA",
        "price": "650",
        "price_per_unit": "33",
        "price_unit": "ML"
      },
      {
        "state": "TAS",
        "price": "650",
        "price_per_unit": "33",
        "price_unit": "ML"
      },
      {
        "state": "ACT",
        "price": "650",
        "price_per_unit": "33",
        "price_unit": "ML"
      },
      {
        "state": "NT",
        "price": "650",
        "price_per_unit": "33",
        "price_unit": "ML"
      }
    ]
  },
  {
    "source_url": "https://www.woolworths.com.au/shop/productdetails/972243/blue-ribbon-plant-based-creamy-vanilla",
    "name": "Blue Ribbon Plant Based Creamy Vanilla 2L",
    "image_url": "https://cdn1.woolworths.media/content/wowproductimages/large/972243.jpg",
    "source_id": "Woolworths - 972243",
    "barcode": "9300830091249",
    "shop": "Woolworths",
    "weight": "100ML",
    "prices": [
      {
        "state": "VIC",
        "price": "650",
        "price_per_unit": "33",
        "price_unit": "ML"
      },
      {
        "state": "QLD",
        "price": "650",
        "price_per_unit": "33",
        "price_unit": "ML"
      },
      {
        "state": "WA",
        "price": "650",
        "price_per_unit": "33",
        "price_unit": "ML"
      },
      {
        "state": "SA",
        "price": "650",
        "price_per_unit": "33",
        "price_unit": "ML"
      },
      {
        "state": "TAS",
        "price": "650",
        "price_per_unit": "33",
        "price_unit": "ML"
      },
      {
        "state": "ACT",
        "price": "650",
        "price_per_unit": "33",
        "price_unit": "ML"
      }
    ]
  },
  {
    "source_url": "https://www.woolworths.com.au/shop/productdetails/231194/bulla-murray-st-ice-creamery-vanilla-boysenberry-swirl-ice-cream",
    "name": "Bulla Murray St Ice Creamery Vanilla & Boysenberry Swirl Ice Cream 1l",
    "image_url": "https://cdn1.woolworths.media/content/wowproductimages/large/231194.jpg",
    "source_id": "Woolworths - 231194",
    "barcode": "9310161018181",
    "shop": "Woolworths",
    "weight": "100ML",
    "prices": [
      {
        "state": "VIC",
        "price": "1200",
        "price_per_unit": "120",
        "price_unit": "ML"
      },
      {
        "state": "QLD",
        "price": "1200",
        "price_per_unit": "120",
        "price_unit": "ML"
      },
      {
        "state": "WA",
        "price": "1200",
        "price_per_unit": "120",
        "price_unit": "ML"
      },
      {
        "state": "SA",
        "price": "1200",
        "price_per_unit": "120",
        "price_unit": "ML"
      },
      {
        "state": "TAS",
        "price": "1200",
        "price_per_unit": "120",
        "price_unit": "ML"
      },
      {
        "state": "ACT",
        "price": "1200",
        "price_per_unit": "120",
        "price_unit": "ML"
      }
    ]
  },
  {
    "source_url": "https://www.woolworths.com.au/shop/productdetails/119800/bulla-real-dairy-chocolate-vanilla-tub",
    "name": "Bulla Real Dairy Chocolate & Vanilla Tub 4l",
    "image_url": "https://cdn1.woolworths.media/content/wowproductimages/large/119800.jpg",
    "source_id": "Woolworths - 119800",
    "barcode": "9310161016415",
    "shop": "Woolworths",
    "weight": "100ML",
    "prices": [
      {
        "state": "VIC",
        "price": "1150",
        "price_per_unit": "29",
        "price_unit": "ML"
      },
      {
        "state": "QLD",
        "price": "1150",
        "price_per_unit": "29",
        "price_unit": "ML"
      },
      {
        "state": "WA",
        "price": "1150",
        "price_per_unit": "29",
        "price_unit": "ML"
      },
      {
        "state": "SA",
        "price": "1150",
        "price_per_unit": "29",
        "price_unit": "ML"
      },
      {
        "state": "TAS",
        "price": "1150",
        "price_per_unit": "29",
        "price_unit": "ML"
      },
      {
        "state": "ACT",
        "price": "1150",
        "price_per_unit": "29",
        "price_unit": "ML"
      }
    ]
  },
  {
    "source_url": "https://www.woolworths.com.au/shop/productdetails/881471/connoisseur-ice-cream-raspberry-white-chocolate-tub",
    "name": "Connoisseur Ice Cream Raspberry White Chocolate Tub 1l",
    "image_url": "https://cdn1.woolworths.media/content/wowproductimages/large/881471.jpg",
    "source_id": "Woolworths - 881471",
    "barcode": "9347042001437",
    "shop": "Woolworths",
    "weight": "100ML",
    "prices": [
      {
        "state": "VIC",
        "price": "900",
        "price_per_unit": "90",
        "price_unit": "ML"
      },
      {
        "state": "QLD",
        "price": "900",
        "price_per_unit": "90",
        "price_unit": "ML"
      },
      {
        "state": "WA",
        "price": "900",
        "price_per_unit": "90",
        "price_unit": "ML"
      },
      {
        "state": "SA",
        "price": "900",
        "price_per_unit": "90",
        "price_unit": "ML"
      },
      null,
      {
        "state": "ACT",
        "price": "900",
        "price_per_unit": "90",
        "price_unit": "ML"
      },
      {
        "state": "NT",
        "price": "900",
        "price_per_unit": "90",
        "price_unit": "ML"
      }
    ]
  },
  {
    "source_url": "https://www.woolworths.com.au/shop/productdetails/633610/connoisseur-mint-with-cookies-ice-cream-tub",
    "name": "Connoisseur Mint With Cookies Ice Cream Tub 1l",
    "image_url": "https://cdn1.woolworths.media/content/wowproductimages/large/633610.jpg",
    "source_id": "Woolworths - 633610",
    "barcode": "9347042002236",
    "shop": "Woolworths",
    "weight": "100ML",
    "prices": [
      {
        "state": "VIC",
        "price": "900",
        "price_per_unit": "90",
        "price_unit": "ML"
      },
      {
        "state": "QLD",
        "price": "900",
        "price_per_unit": "90",
        "price_unit": "ML"
      },
      {
        "state": "WA",
        "price": "900",
        "price_per_unit": "90",
        "price_unit": "ML"
      },
      {
        "state": "SA",
        "price": "900",
        "price_per_unit": "90",
        "price_unit": "ML"
      },
      {
        "state": "TAS",
        "price": "900",
        "price_per_unit": "90",
        "price_unit": "ML"
      },
      {
        "state": "ACT",
        "price": "900",
        "price_per_unit": "90",
        "price_unit": "ML"
      },
      {
        "state": "NT",
        "price": "900",
        "price_per_unit": "90",
        "price_unit": "ML"
      }
    ]
  },
  {
    "source_url": "https://www.woolworths.com.au/shop/productdetails/103194/denada-dulce-de-leche-frozen-dessert-tub",
    "name": "Denada Dulce De Leche Frozen Dessert Tub 473mL",
    "image_url": "https://cdn1.woolworths.media/content/wowproductimages/large/103194.jpg",
    "source_id": "Woolworths - 103194",
    "barcode": "9355540000487",
    "shop": "Woolworths",
    "weight": "100ML",
    "prices": [
      {
        "state": "VIC",
        "price": "1250",
        "price_per_unit": "264",
        "price_unit": "ML"
      },
      {
        "state": "SA",
        "price": "1250",
        "price_per_unit": "264",
        "price_unit": "ML"
      },
      {
        "state": "TAS",
        "price": "1250",
        "price_per_unit": "264",
        "price_unit": "ML"
      },
      {
        "state": "ACT",
        "price": "1250",
        "price_per_unit": "264",
        "price_unit": "ML"
      }
    ]
  },
  {
    "source_url": "https://www.woolworths.com.au/shop/productdetails/103303/denada-triple-choc-frozen-dessert-tub",
    "name": "Denada Triple Choc Frozen Dessert Tub 473mL",
    "image_url": "https://cdn1.woolworths.media/content/wowproductimages/large/103303.jpg",
    "source_id": "Woolworths - 103303",
    "barcode": "9355540000555",
    "shop": "Woolworths",
    "weight": "100ML",
    "prices": [
      {
        "state": "VIC",
        "price": "1250",
        "price_per_unit": "264",
        "price_unit": "ML"
      },
      {
        "state": "SA",
        "price": "1250",
        "price_per_unit": "264",
        "price_unit": "ML"
      },
      {
        "state": "TAS",
        "price": "1250",
        "price_per_unit": "264",
        "price_unit": "ML"
      },
      {
        "state": "ACT",
        "price": "1250",
        "price_per_unit": "264",
        "price_unit": "ML"
      }
    ]
  },
  {
    "source_url": "https://www.woolworths.com.au/shop/productdetails/674016/haagen-dazs-ice-cream-caramel-biscuit-cream",
    "name": "Haagen-Dazs Ice Cream Caramel Biscuit & Cream 457mL",
    "image_url": "https://cdn1.woolworths.media/content/wowproductimages/large/674016.jpg",
    "source_id": "Woolworths - 674016",
    "barcode": "3415581117363",
    "shop": "Woolworths",
    "weight": "100ML",
    "prices": [
      {
        "state": "VIC",
        "price": "1350",
        "price_per_unit": "295",
        "price_unit": "ML"
      },
      {
        "state": "QLD",
        "price": "1350",
        "price_per_unit": "295",
        "price_unit": "ML"
      },
      {
        "state": "WA",
        "price": "1350",
        "price_per_unit": "295",
        "price_unit": "ML"
      },
      {
        "state": "SA",
        "price": "1350",
        "price_per_unit": "295",
        "price_unit": "ML"
      },
      {
        "state": "TAS",
        "price": "1350",
        "price_per_unit": "295",
        "price_unit": "ML"
      },
      {
        "state": "ACT",
        "price": "1350",
        "price_per_unit": "295",
        "price_unit": "ML"
      },
      {
        "state": "NT",
        "price": "1350",
        "price_per_unit": "295",
        "price_unit": "ML"
      }
    ]
  },
  {
    "source_url": "https://www.woolworths.com.au/shop/productdetails/816259/haagen-dazs-ice-cream-cookie-dough-chip",
    "name": "Haagen-Dazs Ice Cream Cookie Dough Chip 457mL",
    "image_url": "https://cdn1.woolworths.media/content/wowproductimages/large/816259.jpg",
    "source_id": "Woolworths - 816259",
    "barcode": "3415581154368",
    "shop": "Woolworths",
    "weight": "100ML",
    "prices": [
      {
        "state": "VIC",
        "price": "1350",
        "price_per_unit": "295",
        "price_unit": "ML"
      },
      {
        "state": "SA",
        "price": "1350",
        "price_per_unit": "295",
        "price_unit": "ML"
      },
      {
        "state": "TAS",
        "price": "1350",
        "price_per_unit": "295",
        "price_unit": "ML"
      },
      {
        "state": "ACT",
        "price": "1350",
        "price_per_unit": "295",
        "price_unit": "ML"
      },
      {
        "state": "NT",
        "price": "1350",
        "price_per_unit": "295",
        "price_unit": "ML"
      }
    ]
  },
  {
    "source_url": "https://www.woolworths.com.au/shop/productdetails/505059/haagen-dazs-macadamia-nut-brittle-ice-cream",
    "name": "Haagen-Dazs Ice Cream Macadamia Nut Brittle 457mL",
    "image_url": "https://cdn1.woolworths.media/content/wowproductimages/large/505059.jpg",
    "source_id": "Woolworths - 505059",
    "barcode": "3415581122367",
    "shop": "Woolworths",
    "weight": "100ML",
    "prices": [
      {
        "state": "VIC",
        "price": "1350",
        "price_per_unit": "295",
        "price_unit": "ML"
      },
      {
        "state": "QLD",
        "price": "1350",
        "price_per_unit": "295",
        "price_unit": "ML"
      },
      {
        "state": "WA",
        "price": "1350",
        "price_per_unit": "295",
        "price_unit": "ML"
      },
      {
        "state": "SA",
        "price": "1350",
        "price_per_unit": "295",
        "price_unit": "ML"
      },
      {
        "state": "ACT",
        "price": "1350",
        "price_per_unit": "295",
        "price_unit": "ML"
      },
      {
        "state": "NT",
        "price": "1350",
        "price_per_unit": "295",
        "price_unit": "ML"
      }
    ]
  },
  {
    "source_url": "https://www.woolworths.com.au/shop/productdetails/180088/hershey-s-chocolate-ripple-tub",
    "name": "Hershey's Chocolate Ripple Tub 1L",
    "image_url": "https://cdn1.woolworths.media/content/wowproductimages/large/180088.jpg",
    "source_id": "Woolworths - 180088",
    "barcode": "9310161017429",
    "shop": "Woolworths",
    "weight": "100ML",
    "prices": [
      {
        "state": "VIC",
        "price": "850",
        "price_per_unit": "85",
        "price_unit": "ML"
      },
      {
        "state": "QLD",
        "price": "850",
        "price_per_unit": "85",
        "price_unit": "ML"
      },
      {
        "state": "WA",
        "price": "850",
        "price_per_unit": "85",
        "price_unit": "ML"
      },
      {
        "state": "SA",
        "price": "850",
        "price_per_unit": "85",
        "price_unit": "ML"
      },
      {
        "state": "TAS",
        "price": "1000",
        "price_per_unit": "100",
        "price_unit": "ML"
      },
      {
        "state": "ACT",
        "price": "1000",
        "price_per_unit": "100",
        "price_unit": "ML"
      },
      {
        "state": "NT",
        "price": "1000",
        "price_per_unit": "100",
        "price_unit": "ML"
      }
    ]
  },
  {
    "source_url": "https://www.woolworths.com.au/shop/productdetails/972181/hershey-s-cookies-n-creme-tub",
    "name": "Hershey's Cookies 'N' Creme Tub 1L",
    "image_url": "https://cdn1.woolworths.media/content/wowproductimages/large/972181.jpg",
    "source_id": "Woolworths - 972181",
    "barcode": "9310161018914",
    "shop": "Woolworths",
    "weight": "100ML",
    "prices": [
      {
        "state": "VIC",
        "price": "850",
        "price_per_unit": "85",
        "price_unit": "ML"
      },
      {
        "state": "SA",
        "price": "850",
        "price_per_unit": "85",
        "price_unit": "ML"
      },
      {
        "state": "TAS",
        "price": "1000",
        "price_per_unit": "100",
        "price_unit": "ML"
      },
      {
        "state": "ACT",
        "price": "1000",
        "price_per_unit": "100",
        "price_unit": "ML"
      },
      {
        "state": "NT",
        "price": "1000",
        "price_per_unit": "100",
        "price_unit": "ML"
      }
    ]
  },
  {
    "source_url": "https://www.woolworths.com.au/shop/productdetails/303065/maggie-beer-burnt-fig-honeycomb-caramel-ice-cream",
    "name": "Maggie Beer Burnt Fig Honeycomb & Caramel Ice Cream 500ml",
    "image_url": "https://cdn1.woolworths.media/content/wowproductimages/large/303065.jpg",
    "source_id": "Woolworths - 303065",
    "barcode": "873006000073",
    "shop": "Woolworths",
    "weight": "100ML",
    "prices": [
      {
        "state": "SA",
        "price": "1200",
        "price_per_unit": "240",
        "price_unit": "ML"
      },
      {
        "state": "ACT",
        "price": "1200",
        "price_per_unit": "240",
        "price_unit": "ML"
      }
    ]
  },
  {
    "source_url": "https://www.woolworths.com.au/shop/productdetails/636655/magnum-ice-cream-tub-classic",
    "name": "Magnum Ice Cream Tub Classic 440 Ml",
    "image_url": "https://cdn1.woolworths.media/content/wowproductimages/large/636655.jpg",
    "source_id": "Woolworths - 636655",
    "barcode": "9300830041299",
    "shop": "Woolworths",
    "weight": "100ML",
    "prices": [
      {
        "state": "VIC",
        "price": "1200",
        "price_per_unit": "273",
        "price_unit": "ML"
      },
      {
        "state": "QLD",
        "price": "1200",
        "price_per_unit": "273",
        "price_unit": "ML"
      },
      {
        "state": "WA",
        "price": "1200",
        "price_per_unit": "273",
        "price_unit": "ML"
      },
      {
        "state": "SA",
        "price": "1200",
        "price_per_unit": "273",
        "price_unit": "ML"
      },
      {
        "state": "TAS",
        "price": "1200",
        "price_per_unit": "273",
        "price_unit": "ML"
      },
      {
        "state": "ACT",
        "price": "840",
        "price_per_unit": "191",
        "price_unit": "ML"
      }
    ]
  },
  {
    "source_url": "https://www.woolworths.com.au/shop/productdetails/83347/muscle-nation-protein-frozen-dessert-caramel-cheesecake",
    "name": "Muscle Nation Protein  Frozen Dessert Caramel Cheesecake 475mL",
    "image_url": "https://cdn1.woolworths.media/content/wowproductimages/large/083347.jpg",
    "source_id": "Woolworths - 83347",
    "barcode": "9359054001176",
    "shop": "Woolworths",
    "weight": "100ML",
    "prices": [
      {
        "state": "QLD",
        "price": "960",
        "price_per_unit": "202",
        "price_unit": "ML"
      },
      {
        "state": "WA",
        "price": "960",
        "price_per_unit": "202",
        "price_unit": "ML"
      },
      {
        "state": "SA",
        "price": "960",
        "price_per_unit": "202",
        "price_unit": "ML"
      },
      {
        "state": "TAS",
        "price": "1200",
        "price_per_unit": "253",
        "price_unit": "ML"
      },
      {
        "state": "ACT",
        "price": "1200",
        "price_per_unit": "253",
        "price_unit": "ML"
      }
    ]
  },
  {
    "source_url": "https://www.woolworths.com.au/shop/productdetails/83377/muscle-nation-protein-frozen-dessert-double-chocolate",
    "name": "Muscle Nation Protein  Frozen Dessert Double Chocolate 475mL",
    "image_url": "https://cdn1.woolworths.media/content/wowproductimages/large/083377.jpg",
    "source_id": "Woolworths - 83377",
    "barcode": "9359054001183",
    "shop": "Woolworths",
    "weight": "100ML",
    "prices": [
      {
        "state": "QLD",
        "price": "960",
        "price_per_unit": "202",
        "price_unit": "ML"
      },
      {
        "state": "WA",
        "price": "960",
        "price_per_unit": "202",
        "price_unit": "ML"
      },
      {
        "state": "SA",
        "price": "960",
        "price_per_unit": "202",
        "price_unit": "ML"
      },
      {
        "state": "TAS",
        "price": "1200",
        "price_per_unit": "253",
        "price_unit": "ML"
      },
      {
        "state": "ACT",
        "price": "1200",
        "price_per_unit": "253",
        "price_unit": "ML"
      },
      {
        "state": "NT",
        "price": "1200",
        "price_per_unit": "253",
        "price_unit": "ML"
      }
    ]
  },
  {
    "source_url": "https://www.woolworths.com.au/shop/productdetails/71789/muscle-nation-protein-frozen-dessert-cookies-cream",
    "name": "Muscle Nation Protein Frozen Dessert Cookies & Cream 475mL",
    "image_url": "https://cdn1.woolworths.media/content/wowproductimages/large/071789.jpg",
    "source_id": "Woolworths - 71789",
    "barcode": "9359054001169",
    "shop": "Woolworths",
    "weight": "100ML",
    "prices": [
      {
        "state": "QLD",
        "price": "960",
        "price_per_unit": "202",
        "price_unit": "ML"
      },
      {
        "state": "WA",
        "price": "960",
        "price_per_unit": "202",
        "price_unit": "ML"
      },
      {
        "state": "SA",
        "price": "960",
        "price_per_unit": "202",
        "price_unit": "ML"
      },
      {
        "state": "TAS",
        "price": "960",
        "price_per_unit": "202",
        "price_unit": "ML"
      },
      {
        "state": "ACT",
        "price": "1200",
        "price_per_unit": "253",
        "price_unit": "ML"
      },
      {
        "state": "NT",
        "price": "1200",
        "price_per_unit": "253",
        "price_unit": "ML"
      }
    ]
  },
  {
    "source_url": "https://www.woolworths.com.au/shop/productdetails/387454/norco-caramel-choc-honeycomb-frozen-dessert",
    "name": "Norco Caramel Choc Honeycomb Frozen Dessert 2l",
    "image_url": "https://cdn1.woolworths.media/content/wowproductimages/large/387454.jpg",
    "source_id": "Woolworths - 387454",
    "barcode": "9341661005609",
    "shop": "Woolworths",
    "weight": "100ML",
    "prices": [
      {
        "state": "VIC",
        "price": "600",
        "price_per_unit": "30",
        "price_unit": "ML"
      },
      {
        "state": "QLD",
        "price": "600",
        "price_per_unit": "30",
        "price_unit": "ML"
      },
      {
        "state": "WA",
        "price": "600",
        "price_per_unit": "30",
        "price_unit": "ML"
      },
      {
        "state": "SA",
        "price": "600",
        "price_per_unit": "30",
        "price_unit": "ML"
      },
      {
        "state": "TAS",
        "price": "600",
        "price_per_unit": "30",
        "price_unit": "ML"
      },
      {
        "state": "ACT",
        "price": "600",
        "price_per_unit": "30",
        "price_unit": "ML"
      },
      {
        "state": "NT",
        "price": "630",
        "price_per_unit": "32",
        "price_unit": "ML"
      }
    ]
  },
  {
    "source_url": "https://www.woolworths.com.au/shop/productdetails/387208/norco-classic-vanilla-frozen-dessert",
    "name": "Norco Classic Vanilla Frozen Dessert 2L",
    "image_url": "https://cdn1.woolworths.media/content/wowproductimages/large/387208.jpg",
    "source_id": "Woolworths - 387208",
    "barcode": "9341661005760",
    "shop": "Woolworths",
    "weight": "100ML",
    "prices": [
      {
        "state": "VIC",
        "price": "600",
        "price_per_unit": "30",
        "price_unit": "ML"
      },
      {
        "state": "QLD",
        "price": "600",
        "price_per_unit": "30",
        "price_unit": "ML"
      },
      {
        "state": "WA",
        "price": "600",
        "price_per_unit": "30",
        "price_unit": "ML"
      },
      {
        "state": "SA",
        "price": "600",
        "price_per_unit": "30",
        "price_unit": "ML"
      },
      {
        "state": "TAS",
        "price": "600",
        "price_per_unit": "30",
        "price_unit": "ML"
      },
      {
        "state": "ACT",
        "price": "600",
        "price_per_unit": "30",
        "price_unit": "ML"
      },
      {
        "state": "NT",
        "price": "630",
        "price_per_unit": "32",
        "price_unit": "ML"
      }
    ]
  },
  {
    "source_url": "https://www.woolworths.com.au/shop/productdetails/53739/oreo-tub",
    "name": "Oreo Tub 1.2l",
    "image_url": "https://cdn1.woolworths.media/content/wowproductimages/large/053739.jpg",
    "source_id": "Woolworths - 53739",
    "barcode": "9347043001504",
    "shop": "Woolworths",
    "weight": "100ML",
    "prices": [
      {
        "state": "VIC",
        "price": "1000",
        "price_per_unit": "83",
        "price_unit": "ML"
      },
      {
        "state": "QLD",
        "price": "1000",
        "price_per_unit": "83",
        "price_unit": "ML"
      },
      {
        "state": "WA",
        "price": "1000",
        "price_per_unit": "83",
        "price_unit": "ML"
      },
      {
        "state": "SA",
        "price": "1000",
        "price_per_unit": "83",
        "price_unit": "ML"
      },
      {
        "state": "TAS",
        "price": "1000",
        "price_per_unit": "83",
        "price_unit": "ML"
      },
      {
        "state": "ACT",
        "price": "1000",
        "price_per_unit": "83",
        "price_unit": "ML"
      },
      {
        "state": "NT",
        "price": "1000",
        "price_per_unit": "83",
        "price_unit": "ML"
      }
    ]
  },
  {
    "source_url": "https://www.woolworths.com.au/shop/productdetails/246768/pana-organic-double-chocolate-frozen-dessert-tub",
    "name": "Pana Organic Double Chocolate Frozen Dessert Tub 950ml",
    "image_url": "https://cdn1.woolworths.media/content/wowproductimages/large/246768.jpg",
    "source_id": "Woolworths - 246768",
    "barcode": "9346758005210",
    "shop": "Woolworths",
    "weight": "100ML",
    "prices": [
      {
        "state": "VIC",
        "price": "1650",
        "price_per_unit": "174",
        "price_unit": "ML"
      },
      {
        "state": "QLD",
        "price": "1650",
        "price_per_unit": "174",
        "price_unit": "ML"
      },
      {
        "state": "WA",
        "price": "1650",
        "price_per_unit": "174",
        "price_unit": "ML"
      },
      {
        "state": "SA",
        "price": "1650",
        "price_per_unit": "174",
        "price_unit": "ML"
      },
      {
        "state": "TAS",
        "price": "1650",
        "price_per_unit": "174",
        "price_unit": "ML"
      },
      {
        "state": "ACT",
        "price": "1650",
        "price_per_unit": "174",
        "price_unit": "ML"
      },
      {
        "state": "NT",
        "price": "1650",
        "price_per_unit": "174",
        "price_unit": "ML"
      }
    ]
  },
  {
    "source_url": "https://www.woolworths.com.au/shop/productdetails/387189/pana-organic-mint-chocolate-chip-frozen-dessert-tub",
    "name": "Pana Organic Mint Chocolate Chip Frozen Dessert Tub 950ml",
    "image_url": "https://cdn1.woolworths.media/content/wowproductimages/large/387189.jpg",
    "source_id": "Woolworths - 387189",
    "barcode": "9346758005197",
    "shop": "Woolworths",
    "weight": "100ML",
    "prices": [
      {
        "state": "VIC",
        "price": "1650",
        "price_per_unit": "174",
        "price_unit": "ML"
      },
      {
        "state": "QLD",
        "price": "1650",
        "price_per_unit": "174",
        "price_unit": "ML"
      },
      {
        "state": "WA",
        "price": "1650",
        "price_per_unit": "174",
        "price_unit": "ML"
      },
      {
        "state": "TAS",
        "price": "1650",
        "price_per_unit": "174",
        "price_unit": "ML"
      },
      {
        "state": "ACT",
        "price": "1300",
        "price_per_unit": "137",
        "price_unit": "ML"
      }
    ]
  },
  {
    "source_url": "https://www.woolworths.com.au/shop/productdetails/121116/peters-lactose-free-vanilla-tub",
    "name": "Peters Lactose Free Vanilla Tub 1.2l",
    "image_url": "https://cdn1.woolworths.media/content/wowproductimages/large/121116.jpg",
    "source_id": "Woolworths - 121116",
    "barcode": "9347042002977",
    "shop": "Woolworths",
    "weight": "100ML",
    "prices": [
      {
        "state": "VIC",
        "price": "900",
        "price_per_unit": "75",
        "price_unit": "ML"
      },
      {
        "state": "QLD",
        "price": "900",
        "price_per_unit": "75",
        "price_unit": "ML"
      },
      {
        "state": "WA",
        "price": "900",
        "price_per_unit": "75",
        "price_unit": "ML"
      },
      {
        "state": "SA",
        "price": "900",
        "price_per_unit": "75",
        "price_unit": "ML"
      },
      {
        "state": "TAS",
        "price": "900",
        "price_per_unit": "75",
        "price_unit": "ML"
      },
      {
        "state": "ACT",
        "price": "900",
        "price_per_unit": "75",
        "price_unit": "ML"
      }
    ]
  },
  {
    "source_url": "https://www.woolworths.com.au/shop/productdetails/330844/peters-light-creamy-choc-caramel-vanilla-swirl-ice-cream",
    "name": "Peters Light & Creamy Choc Caramel & Vanilla Swirl Ice Cream 1.8l",
    "image_url": "https://cdn1.woolworths.media/content/wowproductimages/large/330844.jpg",
    "source_id": "Woolworths - 330844",
    "barcode": "9310080107850",
    "shop": "Woolworths",
    "weight": "100ML",
    "prices": [
      {
        "state": "VIC",
        "price": "650",
        "price_per_unit": "36",
        "price_unit": "ML"
      },
      {
        "state": "QLD",
        "price": "650",
        "price_per_unit": "36",
        "price_unit": "ML"
      },
      {
        "state": "WA",
        "price": "650",
        "price_per_unit": "36",
        "price_unit": "ML"
      },
      {
        "state": "SA",
        "price": "650",
        "price_per_unit": "36",
        "price_unit": "ML"
      },
      {
        "state": "TAS",
        "price": "650",
        "price_per_unit": "36",
        "price_unit": "ML"
      },
      {
        "state": "ACT",
        "price": "650",
        "price_per_unit": "36",
        "price_unit": "ML"
      },
      {
        "state": "NT",
        "price": "650",
        "price_per_unit": "36",
        "price_unit": "ML"
      }
    ]
  },
  {
    "source_url": "https://www.woolworths.com.au/shop/productdetails/330841/peters-light-creamy-classic-vanilla-ice-cream",
    "name": "Peters Light & Creamy Classic Vanilla Ice Cream 1.8l",
    "image_url": "https://cdn1.woolworths.media/content/wowproductimages/large/330841.jpg",
    "source_id": "Woolworths - 330841",
    "barcode": "9310080107942",
    "shop": "Woolworths",
    "weight": "100ML",
    "prices": [
      {
        "state": "VIC",
        "price": "650",
        "price_per_unit": "36",
        "price_unit": "ML"
      },
      {
        "state": "SA",
        "price": "650",
        "price_per_unit": "36",
        "price_unit": "ML"
      },
      {
        "state": "TAS",
        "price": "650",
        "price_per_unit": "36",
        "price_unit": "ML"
      },
      {
        "state": "ACT",
        "price": "650",
        "price_per_unit": "36",
        "price_unit": "ML"
      },
      {
        "state": "NT",
        "price": "650",
        "price_per_unit": "36",
        "price_unit": "ML"
      }
    ]
  },
  {
    "source_url": "https://www.woolworths.com.au/shop/productdetails/231981/peters-light-creamy-classic-vanilla-ice-cream-slices",
    "name": "Peters Light & Creamy Classic Vanilla Ice Cream Slices 12 Pack",
    "image_url": "https://cdn1.woolworths.media/content/wowproductimages/large/231981.jpg",
    "source_id": "Woolworths - 231981",
    "barcode": "9310080103333",
    "shop": "Woolworths",
    "weight": "100ML",
    "prices": [
      {
        "state": "VIC",
        "price": "900",
        "price_per_unit": "75",
        "price_unit": "ML"
      },
      {
        "state": "QLD",
        "price": "900",
        "price_per_unit": "75",
        "price_unit": "ML"
      },
      {
        "state": "WA",
        "price": "900",
        "price_per_unit": "75",
        "price_unit": "ML"
      },
      {
        "state": "SA",
        "price": "900",
        "price_per_unit": "75",
        "price_unit": "ML"
      },
      {
        "state": "TAS",
        "price": "900",
        "price_per_unit": "75",
        "price_unit": "ML"
      },
      {
        "state": "ACT",
        "price": "900",
        "price_per_unit": "75",
        "price_unit": "ML"
      }
    ]
  },
  {
    "source_url": "https://www.woolworths.com.au/shop/productdetails/330839/peters-light-creamy-french-vanilla-ice-cream",
    "name": "Peters Light & Creamy French Vanilla Ice Cream 1.8l",
    "image_url": "https://cdn1.woolworths.media/content/wowproductimages/large/330839.jpg",
    "source_id": "Woolworths - 330839",
    "barcode": "9310080107867",
    "shop": "Woolworths",
    "weight": "100ML",
    "prices": [
      {
        "state": "VIC",
        "price": "650",
        "price_per_unit": "36",
        "price_unit": "ML"
      },
      {
        "state": "QLD",
        "price": "650",
        "price_per_unit": "36",
        "price_unit": "ML"
      },
      {
        "state": "WA",
        "price": "650",
        "price_per_unit": "36",
        "price_unit": "ML"
      },
      {
        "state": "SA",
        "price": "650",
        "price_per_unit": "36",
        "price_unit": "ML"
      },
      {
        "state": "TAS",
        "price": "650",
        "price_per_unit": "36",
        "price_unit": "ML"
      },
      {
        "state": "ACT",
        "price": "650",
        "price_per_unit": "36",
        "price_unit": "ML"
      },
      {
        "state": "NT",
        "price": "650",
        "price_per_unit": "36",
        "price_unit": "ML"
      }
    ]
  },
  {
    "source_url": "https://www.woolworths.com.au/shop/productdetails/330915/peters-light-creamy-raspberry-ripple-ice-cream",
    "name": "Peters Light & Creamy Raspberry Ripple Ice Cream 1.8l",
    "image_url": "https://cdn1.woolworths.media/content/wowproductimages/large/330915.jpg",
    "source_id": "Woolworths - 330915",
    "barcode": "9310080107904",
    "shop": "Woolworths",
    "weight": "100ML",
    "prices": [
      {
        "state": "VIC",
        "price": "650",
        "price_per_unit": "36",
        "price_unit": "ML"
      },
      {
        "state": "SA",
        "price": "650",
        "price_per_unit": "36",
        "price_unit": "ML"
      },
      {
        "state": "TAS",
        "price": "650",
        "price_per_unit": "36",
        "price_unit": "ML"
      },
      {
        "state": "ACT",
        "price": "650",
        "price_per_unit": "36",
        "price_unit": "ML"
      },
      {
        "state": "NT",
        "price": "650",
        "price_per_unit": "36",
        "price_unit": "ML"
      }
    ]
  },
  {
    "source_url": "https://www.woolworths.com.au/shop/productdetails/70438/peters-original-ice-cream-choc-mint-swirl",
    "name": "Peters Original Ice Cream Choc Mint Swirl 2L",
    "image_url": "https://cdn1.woolworths.media/content/wowproductimages/large/070438.jpg",
    "source_id": "Woolworths - 70438",
    "barcode": "9347042003615",
    "shop": "Woolworths",
    "weight": "100ML",
    "prices": [
      {
        "state": "VIC",
        "price": "550",
        "price_per_unit": "28",
        "price_unit": "ML"
      },
      {
        "state": "QLD",
        "price": "550",
        "price_per_unit": "28",
        "price_unit": "ML"
      },
      {
        "state": "WA",
        "price": "550",
        "price_per_unit": "28",
        "price_unit": "ML"
      },
      {
        "state": "SA",
        "price": "550",
        "price_per_unit": "28",
        "price_unit": "ML"
      },
      {
        "state": "TAS",
        "price": "550",
        "price_per_unit": "28",
        "price_unit": "ML"
      },
      {
        "state": "ACT",
        "price": "550",
        "price_per_unit": "28",
        "price_unit": "ML"
      },
      {
        "state": "NT",
        "price": "550",
        "price_per_unit": "28",
        "price_unit": "ML"
      }
    ]
  },
  {
    "source_url": "https://www.woolworths.com.au/shop/productdetails/66170/peters-original-neapolitan",
    "name": "Peters Original Neapolitan 4l",
    "image_url": "https://cdn1.woolworths.media/content/wowproductimages/large/066170.jpg",
    "source_id": "Woolworths - 66170",
    "barcode": "9310080208571",
    "shop": "Woolworths",
    "weight": "100ML",
    "prices": [
      {
        "state": "VIC",
        "price": "1090",
        "price_per_unit": "27",
        "price_unit": "ML"
      },
      {
        "state": "QLD",
        "price": "1090",
        "price_per_unit": "27",
        "price_unit": "ML"
      },
      {
        "state": "WA",
        "price": "1090",
        "price_per_unit": "27",
        "price_unit": "ML"
      },
      {
        "state": "SA",
        "price": "1090",
        "price_per_unit": "27",
        "price_unit": "ML"
      },
      {
        "state": "TAS",
        "price": "1090",
        "price_per_unit": "27",
        "price_unit": "ML"
      },
      {
        "state": "ACT",
        "price": "1090",
        "price_per_unit": "27",
        "price_unit": "ML"
      },
      {
        "state": "NT",
        "price": "1090",
        "price_per_unit": "27",
        "price_unit": "ML"
      }
    ]
  },
  {
    "source_url": "https://www.woolworths.com.au/shop/productdetails/246964/potong-bamboo-stick-ice-cream-coconut",
    "name": "Potong Bamboo Stick Ice Cream Coconut 390g",
    "image_url": "https://cdn1.woolworths.media/content/wowproductimages/large/246964.jpg",
    "source_id": "Woolworths - 246964",
    "barcode": "9555317206597",
    "shop": "Woolworths",
    "weight": "100G",
    "prices": [
      {
        "state": "VIC",
        "price": "700",
        "price_per_unit": "179",
        "price_unit": "G"
      }
    ]
  },
  {
    "source_url": "https://www.woolworths.com.au/shop/productdetails/69811/sanitarium-so-good-choc-bliss-frozen-dessert",
    "name": "Sanitarium So Good Choc Bliss Frozen Dessert 1l",
    "image_url": "https://cdn1.woolworths.media/content/wowproductimages/large/069811.jpg",
    "source_id": "Woolworths - 69811",
    "barcode": "9300652014068",
    "shop": "Woolworths",
    "weight": "100ML",
    "prices": [
      {
        "state": "VIC",
        "price": "950",
        "price_per_unit": "95",
        "price_unit": "ML"
      },
      {
        "state": "QLD",
        "price": "950",
        "price_per_unit": "95",
        "price_unit": "ML"
      },
      {
        "state": "WA",
        "price": "950",
        "price_per_unit": "95",
        "price_unit": "ML"
      },
      {
        "state": "SA",
        "price": "950",
        "price_per_unit": "95",
        "price_unit": "ML"
      },
      {
        "state": "TAS",
        "price": "950",
        "price_per_unit": "95",
        "price_unit": "ML"
      },
      {
        "state": "ACT",
        "price": "950",
        "price_per_unit": "95",
        "price_unit": "ML"
      },
      {
        "state": "NT",
        "price": "1000",
        "price_per_unit": "100",
        "price_unit": "ML"
      }
    ]
  },
  {
    "source_url": "https://www.woolworths.com.au/shop/productdetails/383768/skinny-cow-ice-cream-sundaes-chocolate-vanilla-caramel",
    "name": "Skinny Cow Ice Cream Sundaes Chocolate Vanilla Caramel 4 Pack",
    "image_url": "https://cdn1.woolworths.media/content/wowproductimages/large/383768.jpg",
    "source_id": "Woolworths - 383768",
    "barcode": "9347043002655",
    "shop": "Woolworths",
    "weight": "100ML",
    "prices": [
      {
        "state": "VIC",
        "price": "700",
        "price_per_unit": "109",
        "price_unit": "ML"
      },
      {
        "state": "QLD",
        "price": "700",
        "price_per_unit": "109",
        "price_unit": "ML"
      },
      {
        "state": "WA",
        "price": "700",
        "price_per_unit": "109",
        "price_unit": "ML"
      },
      {
        "state": "SA",
        "price": "700",
        "price_per_unit": "109",
        "price_unit": "ML"
      },
      {
        "state": "TAS",
        "price": "700",
        "price_per_unit": "109",
        "price_unit": "ML"
      },
      {
        "state": "ACT",
        "price": "700",
        "price_per_unit": "109",
        "price_unit": "ML"
      },
      {
        "state": "NT",
        "price": "700",
        "price_per_unit": "109",
        "price_unit": "ML"
      }
    ]
  },
  {
    "source_url": "https://www.woolworths.com.au/shop/productdetails/385416/skinny-cow-ice-cream-sundaes-vanilla-chocolate",
    "name": "Skinny Cow Ice Cream Sundaes Vanilla Chocolate 4 Pack",
    "image_url": "https://cdn1.woolworths.media/content/wowproductimages/large/385416.jpg",
    "source_id": "Woolworths - 385416",
    "barcode": "9347043002662",
    "shop": "Woolworths",
    "weight": "100ML",
    "prices": [
      {
        "state": "VIC",
        "price": "700",
        "price_per_unit": "109",
        "price_unit": "ML"
      },
      {
        "state": "QLD",
        "price": "700",
        "price_per_unit": "109",
        "price_unit": "ML"
      },
      {
        "state": "WA",
        "price": "700",
        "price_per_unit": "109",
        "price_unit": "ML"
      },
      {
        "state": "SA",
        "price": "700",
        "price_per_unit": "109",
        "price_unit": "ML"
      },
      {
        "state": "TAS",
        "price": "700",
        "price_per_unit": "109",
        "price_unit": "ML"
      },
      {
        "state": "ACT",
        "price": "700",
        "price_per_unit": "109",
        "price_unit": "ML"
      }
    ]
  },
  {
    "source_url": "https://www.woolworths.com.au/shop/productdetails/499741/streets-golden-gaytime-frozen-dessert",
    "name": "Streets Golden Gaytime Frozen Dessert 1L",
    "image_url": "https://cdn1.woolworths.media/content/wowproductimages/large/499741.jpg",
    "source_id": "Woolworths - 499741",
    "barcode": "9300830089215",
    "shop": "Woolworths",
    "weight": "100ML",
    "prices": [
      {
        "state": "VIC",
        "price": "1000",
        "price_per_unit": "100",
        "price_unit": "ML"
      },
      {
        "state": "QLD",
        "price": "1000",
        "price_per_unit": "100",
        "price_unit": "ML"
      },
      {
        "state": "WA",
        "price": "1000",
        "price_per_unit": "100",
        "price_unit": "ML"
      },
      {
        "state": "SA",
        "price": "1000",
        "price_per_unit": "100",
        "price_unit": "ML"
      },
      {
        "state": "TAS",
        "price": "1000",
        "price_per_unit": "100",
        "price_unit": "ML"
      },
      {
        "state": "ACT",
        "price": "500",
        "price_per_unit": "50",
        "price_unit": "ML"
      }
    ]
  },
  {
    "source_url": "https://www.woolworths.com.au/shop/productdetails/499468/streets-paddle-pop-frozen-thickshake-chocolate-frozen-dessert",
    "name": "Streets Paddle Pop Frozen Thickshake Chocolate Frozen Dessert 1L",
    "image_url": "https://cdn1.woolworths.media/content/wowproductimages/large/499468.jpg",
    "source_id": "Woolworths - 499468",
    "barcode": "9300830089239",
    "shop": "Woolworths",
    "weight": "100ML",
    "prices": [
      {
        "state": "VIC",
        "price": "1000",
        "price_per_unit": "100",
        "price_unit": "ML"
      },
      {
        "state": "QLD",
        "price": "1000",
        "price_per_unit": "100",
        "price_unit": "ML"
      },
      {
        "state": "WA",
        "price": "1000",
        "price_per_unit": "100",
        "price_unit": "ML"
      },
      {
        "state": "TAS",
        "price": "1000",
        "price_per_unit": "100",
        "price_unit": "ML"
      },
      {
        "state": "ACT",
        "price": "500",
        "price_per_unit": "50",
        "price_unit": "ML"
      }
    ]
  },
  {
    "source_url": "https://www.woolworths.com.au/shop/productdetails/498711/streets-paddle-pop-rainbow-frozen-dessert",
    "name": "Streets Paddle Pop Rainbow Frozen Dessert 1L",
    "image_url": "https://cdn1.woolworths.media/content/wowproductimages/large/498711.jpg",
    "source_id": "Woolworths - 498711",
    "barcode": "9300830089222",
    "shop": "Woolworths",
    "weight": "100ML",
    "prices": [
      {
        "state": "VIC",
        "price": "1000",
        "price_per_unit": "100",
        "price_unit": "ML"
      },
      {
        "state": "QLD",
        "price": "1000",
        "price_per_unit": "100",
        "price_unit": "ML"
      },
      {
        "state": "WA",
        "price": "1000",
        "price_per_unit": "100",
        "price_unit": "ML"
      },
      {
        "state": "SA",
        "price": "1000",
        "price_per_unit": "100",
        "price_unit": "ML"
      },
      {
        "state": "TAS",
        "price": "500",
        "price_per_unit": "50",
        "price_unit": "ML"
      },
      {
        "state": "ACT",
        "price": "500",
        "price_per_unit": "50",
        "price_unit": "ML"
      }
    ]
  },
  {
    "source_url": "https://www.woolworths.com.au/shop/productdetails/74170/twisted-protein-frozen-dessert-chocolate-brownie-batter",
    "name": "Twisted Protein  Frozen Dessert Chocolate Brownie Batter 475mL",
    "image_url": "https://cdn1.woolworths.media/content/wowproductimages/large/074170.jpg",
    "source_id": "Woolworths - 74170",
    "barcode": "9349107001291",
    "shop": "Woolworths",
    "weight": "100ML",
    "prices": [
      {
        "state": "SA",
        "price": "1000",
        "price_per_unit": "211",
        "price_unit": "ML"
      },
      {
        "state": "TAS",
        "price": "1000",
        "price_per_unit": "211",
        "price_unit": "ML"
      },
      {
        "state": "ACT",
        "price": "1000",
        "price_per_unit": "211",
        "price_unit": "ML"
      },
      {
        "state": "NT",
        "price": "1050",
        "price_per_unit": "221",
        "price_unit": "ML"
      }
    ]
  },
  {
    "source_url": "https://www.woolworths.com.au/shop/productdetails/389102/twisted-protein-frozen-dessert-butter-caramel-cookie",
    "name": "Twisted Protein Frozen Dessert Butter Caramel Cookie 475ml",
    "image_url": "https://cdn1.woolworths.media/content/wowproductimages/large/389102.jpg",
    "source_id": "Woolworths - 389102",
    "barcode": "9349107001130",
    "shop": "Woolworths",
    "weight": "100ML",
    "prices": [
      {
        "state": "QLD",
        "price": "1000",
        "price_per_unit": "211",
        "price_unit": "ML"
      },
      {
        "state": "WA",
        "price": "1000",
        "price_per_unit": "211",
        "price_unit": "ML"
      },
      {
        "state": "ACT",
        "price": "1000",
        "price_per_unit": "211",
        "price_unit": "ML"
      }
    ]
  },
  {
    "source_url": "https://www.woolworths.com.au/shop/productdetails/103285/twisted-protein-pint-frozen-dessert-banana-custard",
    "name": "Twisted Protein Pint Frozen Dessert Banana Custard 475mL",
    "image_url": "https://cdn1.woolworths.media/content/wowproductimages/large/103285.jpg",
    "source_id": "Woolworths - 103285",
    "barcode": "9349107001321",
    "shop": "Woolworths",
    "weight": "100ML",
    "prices": [
      {
        "state": "VIC",
        "price": "1000",
        "price_per_unit": "211",
        "price_unit": "ML"
      },
      {
        "state": "SA",
        "price": "1000",
        "price_per_unit": "211",
        "price_unit": "ML"
      },
      {
        "state": "TAS",
        "price": "1000",
        "price_per_unit": "211",
        "price_unit": "ML"
      },
      {
        "state": "ACT",
        "price": "1000",
        "price_per_unit": "211",
        "price_unit": "ML"
      }
    ]
  },
  {
    "source_url": "https://www.woolworths.com.au/shop/productdetails/281381/woolworths-essential-reduced-fat-neapolitan-ice-cream",
    "name": "Woolworths Essential Reduced Fat Neapolitan Ice Cream 2L",
    "image_url": "https://cdn1.woolworths.media/content/wowproductimages/large/281381.jpg",
    "source_id": "Woolworths - 281381",
    "barcode": "9339687338832",
    "shop": "Woolworths",
    "weight": "100ML",
    "prices": [
      {
        "state": "VIC",
        "price": "450",
        "price_per_unit": "23",
        "price_unit": "ML"
      },
      {
        "state": "SA",
        "price": "450",
        "price_per_unit": "23",
        "price_unit": "ML"
      },
      {
        "state": "TAS",
        "price": "450",
        "price_per_unit": "23",
        "price_unit": "ML"
      },
      {
        "state": "ACT",
        "price": "450",
        "price_per_unit": "23",
        "price_unit": "ML"
      },
      {
        "state": "NT",
        "price": "450",
        "price_per_unit": "23",
        "price_unit": "ML"
      }
    ]
  },
  {
    "source_url": "https://www.woolworths.com.au/shop/productdetails/4296/golden-north-boysenberry-ice-cream-tub",
    "name": "Golden North Boysenberry Ice Cream Tub 2l",
    "image_url": "https://cdn1.woolworths.media/content/wowproductimages/large/004296.jpg",
    "source_id": "Woolworths - 4296",
    "barcode": "9331587000048",
    "shop": "Woolworths",
    "weight": "100ML",
    "prices": [
      {
        "state": "SA",
        "price": "790",
        "price_per_unit": "40",
        "price_unit": "ML"
      },
      {
        "state": "NT",
        "price": "1000",
        "price_per_unit": "50",
        "price_unit": "ML"
      }
    ]
  },
  {
    "source_url": "https://www.woolworths.com.au/shop/productdetails/767738/golden-north-ice-cream-country-style-vanilla-tub",
    "name": "Golden North Ice Cream Country Style Vanilla Tub 5l",
    "image_url": "https://cdn1.woolworths.media/content/wowproductimages/large/767738.jpg",
    "source_id": "Woolworths - 767738",
    "barcode": "9331587000130",
    "shop": "Woolworths",
    "weight": "100ML",
    "prices": [
      {
        "state": "SA",
        "price": "1390",
        "price_per_unit": "28",
        "price_unit": "ML"
      },
      {
        "state": "NT",
        "price": "1290",
        "price_per_unit": "26",
        "price_unit": "ML"
      }
    ]
  },
  {
    "source_url": "https://www.woolworths.com.au/shop/productdetails/97419/golden-north-ice-cream-vanilla-tub",
    "name": "Golden North Ice Cream Vanilla Tub 2l",
    "image_url": "https://cdn1.woolworths.media/content/wowproductimages/large/097419.jpg",
    "source_id": "Woolworths - 97419",
    "barcode": "9331587000086",
    "shop": "Woolworths",
    "weight": "100ML",
    "prices": [
      {
        "state": "SA",
        "price": "790",
        "price_per_unit": "40",
        "price_unit": "ML"
      },
      {
        "state": "NT",
        "price": "1000",
        "price_per_unit": "50",
        "price_unit": "ML"
      }
    ]
  },
  {
    "source_url": "https://www.woolworths.com.au/shop/productdetails/74273/woolworths-essential-reduced-fat-vanilla-ice-cream",
    "name": "Woolworths Essential Reduced Fat Vanilla Ice Cream 2L",
    "image_url": "https://cdn1.woolworths.media/content/wowproductimages/large/074273.jpg",
    "source_id": "Woolworths - 74273",
    "barcode": "9339687306633",
    "shop": "Woolworths",
    "weight": "100ML",
    "prices": [
      {
        "state": "SA",
        "price": "450",
        "price_per_unit": "23",
        "price_unit": "ML"
      },
      {
        "state": "TAS",
        "price": "450",
        "price_per_unit": "23",
        "price_unit": "ML"
      }
    ]
  },
  {
    "source_url": "https://www.woolworths.com.au/shop/productdetails/281378/woolworths-essential-reduced-fat-vanilla-ice-cream",
    "name": "Woolworths Essential Reduced Fat Vanilla Ice Cream 4L",
    "image_url": "https://cdn1.woolworths.media/content/wowproductimages/large/281378.jpg",
    "source_id": "Woolworths - 281378",
    "barcode": "9339687338801",
    "shop": "Woolworths",
    "weight": "100ML",
    "prices": [
      {
        "state": "SA",
        "price": "700",
        "price_per_unit": "18",
        "price_unit": "ML"
      },
      {
        "state": "TAS",
        "price": "700",
        "price_per_unit": "18",
        "price_unit": "ML"
      },
      {
        "state": "NT",
        "price": "700",
        "price_per_unit": "18",
        "price_unit": "ML"
      }
    ]
  }
]