[
  {
    "source_url": "https://www.woolworths.com.au/shop/productdetails/185008/ingham-s-christmas-turkey-nuggets",
    "name": "Ingham's Christmas Turkey Nuggets 350g",
    "image_url": "https://cdn1.woolworths.media/content/wowproductimages/large/185008.jpg",
    "source_id": "Woolworths - 185008",
    "barcode": "9358553100045",
    "shop": "Woolworths",
    "weight": "1KG",
    "prices": [
      {
        "state": "VIC",
        "price": "700",
        "price_per_unit": "2000",
        "price_unit": "KG"
      },
      {
        "state": "WA",
        "price": "700",
        "price_per_unit": "2000",
        "price_unit": "KG"
      },
      {
        "state": "SA",
        "price": "700",
        "price_per_unit": "2000",
        "price_unit": "KG"
      },
      {
        "state": "TAS",
        "price": "600",
        "price_per_unit": "1714",
        "price_unit": "KG"
      },
      {
        "state": "TAS",
        "price": "600",
        "price_per_unit": "1714",
        "price_unit": "KG"
      },
      {
        "state": "ACT",
        "price": "600",
        "price_per_unit": "1714",
        "price_unit": "KG"
      },
      {
        "state": "ACT",
        "price": "600",
        "price_per_unit": "1714",
        "price_unit": "KG"
      },
      {
        "state": "NT",
        "price": "600",
        "price_per_unit": "1714",
        "price_unit": "KG"
      },
      {
        "state": "NT",
        "price": "600",
        "price_per_unit": "1714",
        "price_unit": "KG"
      }
    ]
  },
  {
    "source_url": "https://www.woolworths.com.au/shop/productdetails/767632/ingham-s-frozen-frozen-buffe-turkey-breast",
    "name": "Ingham's Frozen Frozen Buffe Turkey Breast 3kg",
    "image_url": "https://cdn1.woolworths.media/content/wowproductimages/large/767632.jpg",
    "source_id": "Woolworths - 767632",
    "barcode": "9310037147069",
    "shop": "Woolworths",
    "weight": "1KG",
    "prices": [
      {
        "state": "VIC",
        "price": "2850",
        "price_per_unit": "950",
        "price_unit": "KG"
      },
      {
        "state": "QLD",
        "price": "2850",
        "price_per_unit": "950",
        "price_unit": "KG"
      },
      {
        "state": "WA",
        "price": "2850",
        "price_per_unit": "950",
        "price_unit": "KG"
      },
      {
        "state": "SA",
        "price": "2850",
        "price_per_unit": "950",
        "price_unit": "KG"
      },
      {
        "state": "TAS",
        "price": "2850",
        "price_per_unit": "950",
        "price_unit": "KG"
      },
      {
        "state": "TAS",
        "price": "2850",
        "price_per_unit": "950",
        "price_unit": "KG"
      },
      {
        "state": "ACT",
        "price": "2850",
        "price_per_unit": "950",
        "price_unit": "KG"
      },
      {
        "state": "ACT",
        "price": "2850",
        "price_per_unit": "950",
        "price_unit": "KG"
      },
      {
        "state": "NT",
        "price": "2850",
        "price_per_unit": "950",
        "price_unit": "KG"
      },
      {
        "state": "NT",
        "price": "2850",
        "price_per_unit": "950",
        "price_unit": "KG"
      }
    ]
  },
  {
    "source_url": "https://www.woolworths.com.au/shop/productdetails/767606/ingham-s-frozen-turkey-breast-easy-carve",
    "name": "Ingham's Frozen Turkey Breast Easy Carve 4kg",
    "image_url": "https://cdn1.woolworths.media/content/wowproductimages/large/767606.jpg",
    "source_id": "Woolworths - 767606",
    "barcode": "9310037147083",
    "shop": "Woolworths",
    "weight": "1KG",
    "prices": [
      {
        "state": "QLD",
        "price": "3800",
        "price_per_unit": "950",
        "price_unit": "KG"
      },
      {
        "state": "WA",
        "price": "3800",
        "price_per_unit": "950",
        "price_unit": "KG"
      },
      {
        "state": "TAS",
        "price": "3800",
        "price_per_unit": "950",
        "price_unit": "KG"
      },
      {
        "state": "TAS",
        "price": "3800",
        "price_per_unit": "950",
        "price_unit": "KG"
      },
      null,
      null,
      {
        "state": "NT",
        "price": "3800",
        "price_per_unit": "950",
        "price_unit": "KG"
      },
      {
        "state": "NT",
        "price": "3800",
        "price_per_unit": "950",
        "price_unit": "KG"
      }
    ]
  },
  {
    "source_url": "https://www.woolworths.com.au/shop/productdetails/767652/ingham-s-frozen-turkey-breast-easy-carve",
    "name": "Ingham's Frozen Turkey Breast Easy Carve 5kg",
    "image_url": "https://cdn1.woolworths.media/content/wowproductimages/large/767652.jpg",
    "source_id": "Woolworths - 767652",
    "barcode": "9310037147106",
    "shop": "Woolworths",
    "weight": "1KG",
    "prices": [
      {
        "state": "VIC",
        "price": "4750",
        "price_per_unit": "950",
        "price_unit": "KG"
      },
      {
        "state": "QLD",
        "price": "4750",
        "price_per_unit": "950",
        "price_unit": "KG"
      },
      {
        "state": "WA",
        "price": "4750",
        "price_per_unit": "950",
        "price_unit": "KG"
      },
      {
        "state": "SA",
        "price": "4750",
        "price_per_unit": "950",
        "price_unit": "KG"
      },
      null,
      null,
      {
        "state": "ACT",
        "price": "4750",
        "price_per_unit": "950",
        "price_unit": "KG"
      },
      {
        "state": "ACT",
        "price": "4750",
        "price_per_unit": "950",
        "price_unit": "KG"
      },
      {
        "state": "NT",
        "price": "4750",
        "price_per_unit": "950",
        "price_unit": "KG"
      },
      {
        "state": "NT",
        "price": "4750",
        "price_per_unit": "950",
        "price_unit": "KG"
      }
    ]
  },
  {
    "source_url": "https://www.woolworths.com.au/shop/productdetails/55321/ingham-s-frozen-turkey-breast-ready-to-roast",
    "name": "Ingham's Frozen Turkey Breast Ready To Roast 2kg",
    "image_url": "https://cdn1.woolworths.media/content/wowproductimages/large/055321.jpg",
    "source_id": "Woolworths - 55321",
    "barcode": "9310037100224",
    "shop": "Woolworths",
    "weight": "1KG",
    "prices": [
      {
        "state": "VIC",
        "price": "3000",
        "price_per_unit": "1500",
        "price_unit": "KG"
      },
      {
        "state": "SA",
        "price": "3000",
        "price_per_unit": "1500",
        "price_unit": "KG"
      },
      {
        "state": "TAS",
        "price": "3000",
        "price_per_unit": "1500",
        "price_unit": "KG"
      },
      {
        "state": "TAS",
        "price": "3000",
        "price_per_unit": "1500",
        "price_unit": "KG"
      },
      {
        "state": "ACT",
        "price": "3000",
        "price_per_unit": "1500",
        "price_unit": "KG"
      },
      {
        "state": "ACT",
        "price": "3000",
        "price_per_unit": "1500",
        "price_unit": "KG"
      },
      null,
      null
    ]
  },
  {
    "source_url": "https://www.woolworths.com.au/shop/productdetails/41929/ingham-s-frozen-turkey-breast-traditional-roast",
    "name": "Ingham's Frozen Turkey Breast Traditional Roast 1kg",
    "image_url": "https://cdn1.woolworths.media/content/wowproductimages/large/041929.jpg",
    "source_id": "Woolworths - 41929",
    "barcode": "9310037149247",
    "shop": "Woolworths",
    "weight": "1KG",
    "prices": [
      {
        "state": "NSW",
        "price": "1550",
        "price_per_unit": "1550",
        "price_unit": "KG"
      },
      {
        "state": "VIC",
        "price": "1550",
        "price_per_unit": "1550",
        "price_unit": "KG"
      },
      {
        "state": "QLD",
        "price": "1550",
        "price_per_unit": "1550",
        "price_unit": "KG"
      },
      {
        "state": "WA",
        "price": "1550",
        "price_per_unit": "1550",
        "price_unit": "KG"
      },
      {
        "state": "SA",
        "price": "1550",
        "price_per_unit": "1550",
        "price_unit": "KG"
      },
      {
        "state": "TAS",
        "price": "1550",
        "price_per_unit": "1550",
        "price_unit": "KG"
      },
      {
        "state": "TAS",
        "price": "1550",
        "price_per_unit": "1550",
        "price_unit": "KG"
      },
      {
        "state": "ACT",
        "price": "1550",
        "price_per_unit": "1550",
        "price_unit": "KG"
      },
      {
        "state": "ACT",
        "price": "1550",
        "price_per_unit": "1550",
        "price_unit": "KG"
      }
    ]
  },
  {
    "source_url": "https://www.woolworths.com.au/shop/productdetails/89785/ingham-s-frozen-turkey-thigh-roast-traditional-roast",
    "name": "Ingham's Frozen Turkey Thigh Roast 1kg",
    "image_url": "https://cdn1.woolworths.media/content/wowproductimages/large/089785.jpg",
    "source_id": "Woolworths - 89785",
    "barcode": "9310037102358",
    "shop": "Woolworths",
    "weight": "1KG",
    "prices": [
      {
        "state": "VIC",
        "price": "1300",
        "price_per_unit": "1300",
        "price_unit": "KG"
      },
      {
        "state": "QLD",
        "price": "1300",
        "price_per_unit": "1300",
        "price_unit": "KG"
      },
      {
        "state": "WA",
        "price": "1300",
        "price_per_unit": "1300",
        "price_unit": "KG"
      },
      {
        "state": "SA",
        "price": "1300",
        "price_per_unit": "1300",
        "price_unit": "KG"
      },
      {
        "state": "TAS",
        "price": "1300",
        "price_per_unit": "1300",
        "price_unit": "KG"
      },
      {
        "state": "TAS",
        "price": "1300",
        "price_per_unit": "1300",
        "price_unit": "KG"
      },
      {
        "state": "ACT",
        "price": "1300",
        "price_per_unit": "1300",
        "price_unit": "KG"
      },
      {
        "state": "ACT",
        "price": "1300",
        "price_per_unit": "1300",
        "price_unit": "KG"
      },
      {
        "state": "NT",
        "price": "1300",
        "price_per_unit": "1300",
        "price_unit": "KG"
      },
      {
        "state": "NT",
        "price": "1300",
        "price_per_unit": "1300",
        "price_unit": "KG"
      }
    ]
  },
  {
    "source_url": "https://www.woolworths.com.au/shop/productdetails/29487/ingham-s-frozen-whole-turkey-turkey",
    "name": "Ingham's Frozen Whole Turkey 5kg",
    "image_url": "https://cdn1.woolworths.media/content/wowproductimages/large/029487.jpg",
    "source_id": "Woolworths - 29487",
    "barcode": "9310037220502",
    "shop": "Woolworths",
    "weight": "1KG",
    "prices": [
      {
        "state": "VIC",
        "price": "4000",
        "price_per_unit": "800",
        "price_unit": "KG"
      },
      {
        "state": "SA",
        "price": "4000",
        "price_per_unit": "800",
        "price_unit": "KG"
      },
      {
        "state": "TAS",
        "price": "4000",
        "price_per_unit": "800",
        "price_unit": "KG"
      },
      {
        "state": "TAS",
        "price": "4000",
        "price_per_unit": "800",
        "price_unit": "KG"
      },
      {
        "state": "ACT",
        "price": "4000",
        "price_per_unit": "800",
        "price_unit": "KG"
      },
      {
        "state": "ACT",
        "price": "4000",
        "price_per_unit": "800",
        "price_unit": "KG"
      },
      {
        "state": "NT",
        "price": "4000",
        "price_per_unit": "800",
        "price_unit": "KG"
      },
      {
        "state": "NT",
        "price": "4000",
        "price_per_unit": "800",
        "price_unit": "KG"
      }
    ]
  },
  {
    "source_url": "https://www.woolworths.com.au/shop/productdetails/55083/ingham-s-frozen-whole-turkey-self-basting",
    "name": "Ingham's Frozen Whole Turkey Self Basting 3kg",
    "image_url": "https://cdn1.woolworths.media/content/wowproductimages/large/055083.jpg",
    "source_id": "Woolworths - 55083",
    "barcode": "9310037220304",
    "shop": "Woolworths",
    "weight": "1KG",
    "prices": [
      {
        "state": "QLD",
        "price": "2400",
        "price_per_unit": "800",
        "price_unit": "KG"
      },
      {
        "state": "WA",
        "price": "2400",
        "price_per_unit": "800",
        "price_unit": "KG"
      },
      {
        "state": "TAS",
        "price": "2400",
        "price_per_unit": "800",
        "price_unit": "KG"
      },
      {
        "state": "TAS",
        "price": "2400",
        "price_per_unit": "800",
        "price_unit": "KG"
      },
      null,
      null,
      {
        "state": "NT",
        "price": "2400",
        "price_per_unit": "800",
        "price_unit": "KG"
      },
      {
        "state": "NT",
        "price": "2400",
        "price_per_unit": "800",
        "price_unit": "KG"
      }
    ]
  },
  {
    "source_url": "https://www.woolworths.com.au/shop/productdetails/55097/ingham-s-frozen-whole-turkey-self-basting",
    "name": "Ingham's Frozen Whole Turkey Self Basting 4kg",
    "image_url": "https://cdn1.woolworths.media/content/wowproductimages/large/055097.jpg",
    "source_id": "Woolworths - 55097",
    "barcode": "9310037220403",
    "shop": "Woolworths",
    "weight": "1KG",
    "prices": [
      {
        "state": "VIC",
        "price": "3200",
        "price_per_unit": "800",
        "price_unit": "KG"
      },
      {
        "state": "QLD",
        "price": "3200",
        "price_per_unit": "800",
        "price_unit": "KG"
      },
      {
        "state": "WA",
        "price": "3200",
        "price_per_unit": "800",
        "price_unit": "KG"
      },
      {
        "state": "SA",
        "price": "3200",
        "price_per_unit": "800",
        "price_unit": "KG"
      },
      {
        "state": "TAS",
        "price": "3200",
        "price_per_unit": "800",
        "price_unit": "KG"
      },
      {
        "state": "TAS",
        "price": "3200",
        "price_per_unit": "800",
        "price_unit": "KG"
      },
      null,
      null,
      {
        "state": "NT",
        "price": "3200",
        "price_per_unit": "800",
        "price_unit": "KG"
      },
      {
        "state": "NT",
        "price": "3200",
        "price_per_unit": "800",
        "price_unit": "KG"
      }
    ]
  },
  {
    "source_url": "https://www.woolworths.com.au/shop/productdetails/62144/ingham-s-ready-to-roast-turkey-breast-apple-cranberry-stuffing",
    "name": "Ingham's Ready To Roast Turkey Breast Apple & Cranberry Stuffing 1kg",
    "image_url": "https://cdn1.woolworths.media/content/wowproductimages/large/062144.jpg",
    "source_id": "Woolworths - 62144",
    "barcode": "9358553100205",
    "shop": "Woolworths",
    "weight": "1KG",
    "prices": [
      {
        "state": "VIC",
        "price": "1990",
        "price_per_unit": "1990",
        "price_unit": "KG"
      },
      {
        "state": "WA",
        "price": "1990",
        "price_per_unit": "1990",
        "price_unit": "KG"
      },
      {
        "state": "SA",
        "price": "1990",
        "price_per_unit": "1990",
        "price_unit": "KG"
      },
      {
        "state": "TAS",
        "price": "1990",
        "price_per_unit": "1990",
        "price_unit": "KG"
      },
      {
        "state": "TAS",
        "price": "1990",
        "price_per_unit": "1990",
        "price_unit": "KG"
      },
      {
        "state": "ACT",
        "price": "1990",
        "price_per_unit": "1990",
        "price_unit": "KG"
      },
      {
        "state": "ACT",
        "price": "1990",
        "price_per_unit": "1990",
        "price_unit": "KG"
      },
      null,
      null
    ]
  },
  {
    "source_url": "https://www.woolworths.com.au/shop/productdetails/623653/pepe-s-frozen-duck-no-23",
    "name": "Pepe's Frozen Duck No. 23 2.3kg",
    "image_url": "https://cdn1.woolworths.media/content/wowproductimages/large/623653.jpg",
    "source_id": "Woolworths - 623653",
    "barcode": "9340435000239",
    "shop": "Woolworths",
    "weight": "1KG",
    "prices": [
      null,
      null,
      null
    ]
  },
  {
    "source_url": "https://www.woolworths.com.au/shop/productdetails/663678/pepe-s-frozen-duck-no25",
    "name": "Pepe's Frozen Duck No25 2.5kg",
    "image_url": "https://cdn1.woolworths.media/content/wowproductimages/large/663678.jpg",
    "source_id": "Woolworths - 663678",
    "barcode": "9340435000376",
    "shop": "Woolworths",
    "weight": "1KG",
    "prices": [
      null,
      null,
      null
    ]
  },
  {
    "source_url": "https://www.woolworths.com.au/shop/productdetails/964160/ingham-s-buttermilk-chicken-tenders",
    "name": "Ingham's Buttermilk Chicken Tenders 550g",
    "image_url": "https://cdn1.woolworths.media/content/wowproductimages/large/964160.jpg",
    "source_id": "Woolworths - 964160",
    "barcode": "9358553100588",
    "shop": "Woolworths",
    "weight": "1KG",
    "prices": [
      {
        "state": "VIC",
        "price": "1450",
        "price_per_unit": "2636",
        "price_unit": "KG"
      },
      {
        "state": "QLD",
        "price": "1450",
        "price_per_unit": "2636",
        "price_unit": "KG"
      },
      {
        "state": "WA",
        "price": "1450",
        "price_per_unit": "2636",
        "price_unit": "KG"
      },
      {
        "state": "SA",
        "price": "1450",
        "price_per_unit": "2636",
        "price_unit": "KG"
      },
      {
        "state": "TAS",
        "price": "1450",
        "price_per_unit": "2636",
        "price_unit": "KG"
      },
      {
        "state": "ACT",
        "price": "1450",
        "price_per_unit": "2636",
        "price_unit": "KG"
      }
    ]
  },
  {
    "source_url": "https://www.woolworths.com.au/shop/productdetails/962016/ingham-s-spicy-buttermilk-chicken-tenders",
    "name": "Ingham's Spicy Buttermilk Chicken Tenders 550g",
    "image_url": "https://cdn1.woolworths.media/content/wowproductimages/large/962016.jpg",
    "source_id": "Woolworths - 962016",
    "barcode": "9358553100595",
    "shop": "Woolworths",
    "weight": "1KG",
    "prices": [
      {
        "state": "VIC",
        "price": "1450",
        "price_per_unit": "2636",
        "price_unit": "KG"
      },
      {
        "state": "QLD",
        "price": "1450",
        "price_per_unit": "2636",
        "price_unit": "KG"
      },
      {
        "state": "WA",
        "price": "1450",
        "price_per_unit": "2636",
        "price_unit": "KG"
      },
      {
        "state": "SA",
        "price": "1450",
        "price_per_unit": "2636",
        "price_unit": "KG"
      },
      {
        "state": "TAS",
        "price": "1450",
        "price_per_unit": "2636",
        "price_unit": "KG"
      },
      {
        "state": "ACT",
        "price": "1450",
        "price_per_unit": "2636",
        "price_unit": "KG"
      }
    ]
  }
]