[
  {
    "source_url": "https://www.woolworths.com.au/shop/productdetails/111368/birds-eye-deli-south-atlantic-flathead-bites-light-batter",
    "name": "Birds Eye Deli South Atlantic Flathead Bites Light Batter 250g",
    "image_url": "https://cdn1.woolworths.media/content/wowproductimages/large/111368.jpg",
    "source_id": "Woolworths - 111368",
    "barcode": "9310081127413",
    "shop": "Woolworths",
    "weight": "1KG",
    "prices": [
      {
        "state": "NSW",
        "price": "1000",
        "price_per_unit": "4000",
        "price_unit": "KG"
      },
      {
        "state": "QLD",
        "price": "1000",
        "price_per_unit": "4000",
        "price_unit": "KG"
      },
      {
        "state": "WA",
        "price": "1000",
        "price_per_unit": "4000",
        "price_unit": "KG"
      },
      {
        "state": "SA",
        "price": "1000",
        "price_per_unit": "4000",
        "price_unit": "KG"
      },
      {
        "state": "TAS",
        "price": "1000",
        "price_per_unit": "4000",
        "price_unit": "KG"
      },
      {
        "state": "ACT",
        "price": "1000",
        "price_per_unit": "4000",
        "price_unit": "KG"
      }
    ]
  },
  {
    "source_url": "https://www.woolworths.com.au/shop/productdetails/373350/i-j-classic-south-pacific-calamari-rings",
    "name": "I&J Classic South Pacific Calamari Rings 360g",
    "image_url": "https://cdn1.woolworths.media/content/wowproductimages/large/373350.jpg",
    "source_id": "Woolworths - 373350",
    "barcode": "9310139132734",
    "shop": "Woolworths",
    "weight": "1KG",
    "prices": [
      {
        "state": "NSW",
        "price": "800",
        "price_per_unit": "2222",
        "price_unit": "KG"
      },
      {
        "state": "QLD",
        "price": "800",
        "price_per_unit": "2222",
        "price_unit": "KG"
      },
      {
        "state": "WA",
        "price": "800",
        "price_per_unit": "2222",
        "price_unit": "KG"
      },
      {
        "state": "SA",
        "price": "800",
        "price_per_unit": "2222",
        "price_unit": "KG"
      },
      null,
      {
        "state": "ACT",
        "price": "800",
        "price_per_unit": "2222",
        "price_unit": "KG"
      },
      {
        "state": "NT",
        "price": "800",
        "price_per_unit": "2222",
        "price_unit": "KG"
      }
    ]
  },
  {
    "source_url": "https://www.woolworths.com.au/shop/productdetails/571927/i-j-salt-pepper-squid-bites-lightly-crumbed",
    "name": "I&J Salt & Pepper Squid Bites Lightly Crumbed 360g",
    "image_url": "https://cdn1.woolworths.media/content/wowproductimages/large/571927.jpg",
    "source_id": "Woolworths - 571927",
    "barcode": "9310139117847",
    "shop": "Woolworths",
    "weight": "1KG",
    "prices": [
      {
        "state": "NSW",
        "price": "800",
        "price_per_unit": "2222",
        "price_unit": "KG"
      },
      {
        "state": "QLD",
        "price": "800",
        "price_per_unit": "2222",
        "price_unit": "KG"
      },
      {
        "state": "WA",
        "price": "800",
        "price_per_unit": "2222",
        "price_unit": "KG"
      },
      {
        "state": "SA",
        "price": "800",
        "price_per_unit": "2222",
        "price_unit": "KG"
      },
      {
        "state": "TAS",
        "price": "800",
        "price_per_unit": "2222",
        "price_unit": "KG"
      },
      {
        "state": "ACT",
        "price": "800",
        "price_per_unit": "2222",
        "price_unit": "KG"
      }
    ]
  },
  {
    "source_url": "https://www.woolworths.com.au/shop/productdetails/245443/just-caught-classic-crumbed-seafood-basket",
    "name": "Just Caught Classic Crumbed Seafood Basket 500g",
    "image_url": "https://cdn1.woolworths.media/content/wowproductimages/large/245443.jpg",
    "source_id": "Woolworths - 245443",
    "barcode": "9315822019330",
    "shop": "Woolworths",
    "weight": "1KG",
    "prices": [
      {
        "state": "NSW",
        "price": "1350",
        "price_per_unit": "2700",
        "price_unit": "KG"
      },
      {
        "state": "VIC",
        "price": "1350",
        "price_per_unit": "2700",
        "price_unit": "KG"
      },
      {
        "state": "QLD",
        "price": "1350",
        "price_per_unit": "2700",
        "price_unit": "KG"
      },
      {
        "state": "WA",
        "price": "1350",
        "price_per_unit": "2700",
        "price_unit": "KG"
      },
      {
        "state": "SA",
        "price": "1350",
        "price_per_unit": "2700",
        "price_unit": "KG"
      },
      {
        "state": "TAS",
        "price": "1400",
        "price_per_unit": "2800",
        "price_unit": "KG"
      },
      {
        "state": "ACT",
        "price": "1400",
        "price_per_unit": "2800",
        "price_unit": "KG"
      },
      {
        "state": "NT",
        "price": "1400",
        "price_per_unit": "2800",
        "price_unit": "KG"
      }
    ]
  },
  {
    "source_url": "https://www.woolworths.com.au/shop/productdetails/245442/just-caught-crumbed-squid-rings",
    "name": "Just Caught Crumbed Squid Rings 800g",
    "image_url": "https://cdn1.woolworths.media/content/wowproductimages/large/245442.jpg",
    "source_id": "Woolworths - 245442",
    "barcode": "9315822019224",
    "shop": "Woolworths",
    "weight": "1KG",
    "prices": [
      {
        "state": "NSW",
        "price": "1350",
        "price_per_unit": "1688",
        "price_unit": "KG"
      },
      {
        "state": "QLD",
        "price": "1350",
        "price_per_unit": "1688",
        "price_unit": "KG"
      },
      {
        "state": "WA",
        "price": "1350",
        "price_per_unit": "1688",
        "price_unit": "KG"
      },
      {
        "state": "SA",
        "price": "1350",
        "price_per_unit": "1688",
        "price_unit": "KG"
      },
      {
        "state": "TAS",
        "price": "1400",
        "price_per_unit": "1750",
        "price_unit": "KG"
      },
      null,
      {
        "state": "NT",
        "price": "1400",
        "price_per_unit": "1750",
        "price_unit": "KG"
      }
    ]
  },
  {
    "source_url": "https://www.woolworths.com.au/shop/productdetails/918356/just-caught-lemon-pepper-squid",
    "name": "Just Caught Lemon & Pepper Squid 280g",
    "image_url": "https://cdn1.woolworths.media/content/wowproductimages/large/918356.jpg",
    "source_id": "Woolworths - 918356",
    "barcode": "9315822022019",
    "shop": "Woolworths",
    "weight": "1KG",
    "prices": [
      {
        "state": "NSW",
        "price": "800",
        "price_per_unit": "2857",
        "price_unit": "KG"
      },
      {
        "state": "VIC",
        "price": "800",
        "price_per_unit": "2857",
        "price_unit": "KG"
      },
      {
        "state": "QLD",
        "price": "800",
        "price_per_unit": "2857",
        "price_unit": "KG"
      },
      {
        "state": "WA",
        "price": "800",
        "price_per_unit": "2857",
        "price_unit": "KG"
      },
      {
        "state": "SA",
        "price": "800",
        "price_per_unit": "2857",
        "price_unit": "KG"
      },
      {
        "state": "TAS",
        "price": "640",
        "price_per_unit": "2286",
        "price_unit": "KG"
      },
      {
        "state": "ACT",
        "price": "640",
        "price_per_unit": "2286",
        "price_unit": "KG"
      },
      {
        "state": "NT",
        "price": "680",
        "price_per_unit": "2429",
        "price_unit": "KG"
      }
    ]
  },
  {
    "source_url": "https://www.woolworths.com.au/shop/productdetails/666563/just-caught-peeled-deveined-raw-prawns",
    "name": "Just Caught Peeled & Deveined Raw Prawns 1kg",
    "image_url": "https://cdn1.woolworths.media/content/wowproductimages/large/666563.jpg",
    "source_id": "Woolworths - 666563",
    "barcode": "9315822009232",
    "shop": "Woolworths",
    "weight": "1KG",
    "prices": [
      {
        "state": "NSW",
        "price": "2800",
        "price_per_unit": "2800",
        "price_unit": "KG"
      },
      {
        "state": "VIC",
        "price": "2800",
        "price_per_unit": "2800",
        "price_unit": "KG"
      },
      {
        "state": "QLD",
        "price": "2800",
        "price_per_unit": "2800",
        "price_unit": "KG"
      },
      {
        "state": "WA",
        "price": "2800",
        "price_per_unit": "2800",
        "price_unit": "KG"
      },
      {
        "state": "SA",
        "price": "2800",
        "price_per_unit": "2800",
        "price_unit": "KG"
      },
      {
        "state": "TAS",
        "price": "2800",
        "price_per_unit": "2800",
        "price_unit": "KG"
      },
      {
        "state": "TAS",
        "price": "2800",
        "price_per_unit": "2800",
        "price_unit": "KG"
      },
      {
        "state": "ACT",
        "price": "2800",
        "price_per_unit": "2800",
        "price_unit": "KG"
      },
      {
        "state": "ACT",
        "price": "2800",
        "price_per_unit": "2800",
        "price_unit": "KG"
      },
      {
        "state": "NT",
        "price": "2800",
        "price_per_unit": "2800",
        "price_unit": "KG"
      },
      {
        "state": "NT",
        "price": "2800",
        "price_per_unit": "2800",
        "price_unit": "KG"
      }
    ]
  },
  {
    "source_url": "https://www.woolworths.com.au/shop/productdetails/245494/just-caught-salt-pepper-prawns",
    "name": "Just Caught Salt & Pepper Prawns 500g",
    "image_url": "https://cdn1.woolworths.media/content/wowproductimages/large/245494.jpg",
    "source_id": "Woolworths - 245494",
    "barcode": "9315822019194",
    "shop": "Woolworths",
    "weight": "1KG",
    "prices": [
      {
        "state": "NSW",
        "price": "1350",
        "price_per_unit": "2700",
        "price_unit": "KG"
      },
      {
        "state": "VIC",
        "price": "1350",
        "price_per_unit": "2700",
        "price_unit": "KG"
      },
      {
        "state": "QLD",
        "price": "1350",
        "price_per_unit": "2700",
        "price_unit": "KG"
      },
      {
        "state": "WA",
        "price": "1350",
        "price_per_unit": "2700",
        "price_unit": "KG"
      },
      {
        "state": "SA",
        "price": "1350",
        "price_per_unit": "2700",
        "price_unit": "KG"
      },
      {
        "state": "TAS",
        "price": "1400",
        "price_per_unit": "2800",
        "price_unit": "KG"
      },
      null
    ]
  },
  {
    "source_url": "https://www.woolworths.com.au/shop/productdetails/727050/ocean-chef-usa-sea-scallops",
    "name": "Ocean Chef USA Sea Scallops 425G",
    "image_url": "https://cdn1.woolworths.media/content/wowproductimages/large/727050.jpg",
    "source_id": "Woolworths - 727050",
    "barcode": "9323015012556",
    "shop": "Woolworths",
    "weight": "1KG",
    "prices": [
      {
        "state": "NSW",
        "price": "2650",
        "price_per_unit": "6235",
        "price_unit": "KG"
      },
      {
        "state": "QLD",
        "price": "2650",
        "price_per_unit": "6235",
        "price_unit": "KG"
      },
      {
        "state": "WA",
        "price": "2650",
        "price_per_unit": "6235",
        "price_unit": "KG"
      },
      {
        "state": "SA",
        "price": "2650",
        "price_per_unit": "6235",
        "price_unit": "KG"
      },
      {
        "state": "ACT",
        "price": "2100",
        "price_per_unit": "4941",
        "price_unit": "KG"
      },
      {
        "state": "NT",
        "price": "2100",
        "price_per_unit": "4941",
        "price_unit": "KG"
      }
    ]
  },
  {
    "source_url": "https://www.woolworths.com.au/shop/productdetails/89827/sailing-seas-fish-ball",
    "name": "Sailing Seas Fish Ball 500g",
    "image_url": "https://cdn1.woolworths.media/content/wowproductimages/large/089827.jpg",
    "source_id": "Woolworths - 89827",
    "barcode": "9349673003071",
    "shop": "Woolworths",
    "weight": "100G",
    "prices": [
      {
        "state": "NSW",
        "price": "490",
        "price_per_unit": "98",
        "price_unit": "G"
      },
      {
        "state": "VIC",
        "price": "490",
        "price_per_unit": "98",
        "price_unit": "G"
      },
      {
        "state": "SA",
        "price": "400",
        "price_per_unit": "80",
        "price_unit": "G"
      },
      {
        "state": "ACT",
        "price": "490",
        "price_per_unit": "98",
        "price_unit": "G"
      },
      {
        "state": "NT",
        "price": "400",
        "price_per_unit": "80",
        "price_unit": "G"
      }
    ]
  },
  {
    "source_url": "https://www.woolworths.com.au/shop/productdetails/6000316/seaport-wild-caught-frozen-australian-prawns",
    "name": "Seaport Wild Caught Frozen Australian Prawns 1kg",
    "image_url": "https://cdn1.woolworths.media/content/wowproductimages/large/6000316.jpg",
    "source_id": "Woolworths - 6000316",
    "barcode": "9318053071337",
    "shop": "Woolworths",
    "weight": "1KG",
    "prices": [
      {
        "state": "NSW",
        "price": "2800",
        "price_per_unit": "2800",
        "price_unit": "KG"
      },
      {
        "state": "VIC",
        "price": "2800",
        "price_per_unit": "2800",
        "price_unit": "KG"
      },
      {
        "state": "QLD",
        "price": "2800",
        "price_per_unit": "2800",
        "price_unit": "KG"
      },
      {
        "state": "WA",
        "price": "2800",
        "price_per_unit": "2800",
        "price_unit": "KG"
      },
      {
        "state": "SA",
        "price": "2800",
        "price_per_unit": "2800",
        "price_unit": "KG"
      },
      {
        "state": "ACT",
        "price": "2800",
        "price_per_unit": "2800",
        "price_unit": "KG"
      },
      {
        "state": "ACT",
        "price": "2800",
        "price_per_unit": "2800",
        "price_unit": "KG"
      },
      {
        "state": "NT",
        "price": "2800",
        "price_per_unit": "2800",
        "price_unit": "KG"
      },
      {
        "state": "NT",
        "price": "2800",
        "price_per_unit": "2800",
        "price_unit": "KG"
      }
    ]
  },
  {
    "source_url": "https://www.woolworths.com.au/shop/productdetails/504355/tassal-raw-aussie-tiger-prawns",
    "name": "Tassal Raw Aussie Tiger Prawns 1kg",
    "image_url": "https://cdn1.woolworths.media/content/wowproductimages/large/504355.jpg",
    "source_id": "Woolworths - 504355",
    "barcode": "9319232030978",
    "shop": "Woolworths",
    "weight": "1KG",
    "prices": [
      {
        "state": "NSW",
        "price": "2650",
        "price_per_unit": "2650",
        "price_unit": "KG"
      },
      {
        "state": "VIC",
        "price": "2650",
        "price_per_unit": "2650",
        "price_unit": "KG"
      },
      {
        "state": "QLD",
        "price": "2650",
        "price_per_unit": "2650",
        "price_unit": "KG"
      },
      {
        "state": "WA",
        "price": "2650",
        "price_per_unit": "2650",
        "price_unit": "KG"
      },
      {
        "state": "SA",
        "price": "2650",
        "price_per_unit": "2650",
        "price_unit": "KG"
      },
      null,
      null,
      {
        "state": "ACT",
        "price": "2650",
        "price_per_unit": "2650",
        "price_unit": "KG"
      },
      {
        "state": "ACT",
        "price": "2650",
        "price_per_unit": "2650",
        "price_unit": "KG"
      },
      {
        "state": "NT",
        "price": "2650",
        "price_per_unit": "2650",
        "price_unit": "KG"
      },
      {
        "state": "NT",
        "price": "2650",
        "price_per_unit": "2650",
        "price_unit": "KG"
      }
    ]
  },
  {
    "source_url": "https://www.woolworths.com.au/shop/productdetails/387372/better-choice-fisheries-australian-raw-royal-red-prawn-meat",
    "name": "Better Choice Fisheries Australian Raw Royal Red Prawn Meat 300g",
    "image_url": "https://cdn1.woolworths.media/content/wowproductimages/large/387372.jpg",
    "source_id": "Woolworths - 387372",
    "barcode": "9319270001466",
    "shop": "Woolworths",
    "weight": "1KG",
    "prices": [
      {
        "state": "VIC",
        "price": "1600",
        "price_per_unit": "5333",
        "price_unit": "KG"
      },
      {
        "state": "QLD",
        "price": "1600",
        "price_per_unit": "5333",
        "price_unit": "KG"
      },
      {
        "state": "WA",
        "price": "1600",
        "price_per_unit": "5333",
        "price_unit": "KG"
      },
      {
        "state": "SA",
        "price": "1600",
        "price_per_unit": "5333",
        "price_unit": "KG"
      },
      {
        "state": "ACT",
        "price": "1600",
        "price_per_unit": "5333",
        "price_unit": "KG"
      },
      {
        "state": "ACT",
        "price": "1600",
        "price_per_unit": "5333",
        "price_unit": "KG"
      },
      {
        "state": "NT",
        "price": "800",
        "price_per_unit": "2667",
        "price_unit": "KG"
      },
      {
        "state": "NT",
        "price": "800",
        "price_per_unit": "2667",
        "price_unit": "KG"
      }
    ]
  },
  {
    "source_url": "https://www.woolworths.com.au/shop/productdetails/109150/birds-eye-deli-salt-pepper-prawn-cutlets",
    "name": "Birds Eye Deli Salt & Pepper Prawn Cutlets 225g",
    "image_url": "https://cdn1.woolworths.media/content/wowproductimages/large/109150.jpg",
    "source_id": "Woolworths - 109150",
    "barcode": "9310081127246",
    "shop": "Woolworths",
    "weight": "1KG",
    "prices": [
      {
        "state": "VIC",
        "price": "1000",
        "price_per_unit": "4444",
        "price_unit": "KG"
      },
      {
        "state": "QLD",
        "price": "1000",
        "price_per_unit": "4444",
        "price_unit": "KG"
      },
      {
        "state": "WA",
        "price": "1000",
        "price_per_unit": "4444",
        "price_unit": "KG"
      },
      {
        "state": "SA",
        "price": "1000",
        "price_per_unit": "4444",
        "price_unit": "KG"
      },
      {
        "state": "TAS",
        "price": "1000",
        "price_per_unit": "4444",
        "price_unit": "KG"
      },
      {
        "state": "ACT",
        "price": "1000",
        "price_per_unit": "4444",
        "price_unit": "KG"
      }
    ]
  },
  {
    "source_url": "https://www.woolworths.com.au/shop/productdetails/246721/birds-eye-ocean-selections-raw-prawns-frozen-garlic-and-herb-dusted",
    "name": "Birds Eye Ocean Selections Raw Prawns Frozen, Garlic And Herb Dusted 500g",
    "image_url": "https://cdn1.woolworths.media/content/wowproductimages/large/246721.jpg",
    "source_id": "Woolworths - 246721",
    "barcode": "9310081132424",
    "shop": "Woolworths",
    "weight": "1KG",
    "prices": [
      {
        "state": "VIC",
        "price": "2400",
        "price_per_unit": "4800",
        "price_unit": "KG"
      },
      {
        "state": "QLD",
        "price": "2400",
        "price_per_unit": "4800",
        "price_unit": "KG"
      },
      {
        "state": "WA",
        "price": "2400",
        "price_per_unit": "4800",
        "price_unit": "KG"
      },
      {
        "state": "SA",
        "price": "2400",
        "price_per_unit": "4800",
        "price_unit": "KG"
      },
      {
        "state": "TAS",
        "price": "1900",
        "price_per_unit": "3800",
        "price_unit": "KG"
      },
      {
        "state": "TAS",
        "price": "1900",
        "price_per_unit": "3800",
        "price_unit": "KG"
      },
      {
        "state": "ACT",
        "price": "1900",
        "price_per_unit": "3800",
        "price_unit": "KG"
      },
      {
        "state": "ACT",
        "price": "1900",
        "price_per_unit": "3800",
        "price_unit": "KG"
      },
      {
        "state": "NT",
        "price": "1900",
        "price_per_unit": "3800",
        "price_unit": "KG"
      },
      {
        "state": "NT",
        "price": "1900",
        "price_per_unit": "3800",
        "price_unit": "KG"
      }
    ]
  },
  {
    "source_url": "https://www.woolworths.com.au/shop/productdetails/186658/birds-eye-ocean-selections-raw-prawns-frozen-peeled-tail-off",
    "name": "Birds Eye Ocean Selections Raw Prawns Frozen, Peeled & Tail Off 500g",
    "image_url": "https://cdn1.woolworths.media/content/wowproductimages/large/186658.jpg",
    "source_id": "Woolworths - 186658",
    "barcode": "9310081130611",
    "shop": "Woolworths",
    "weight": "1KG",
    "prices": [
      {
        "state": "VIC",
        "price": "2400",
        "price_per_unit": "4800",
        "price_unit": "KG"
      },
      {
        "state": "QLD",
        "price": "2400",
        "price_per_unit": "4800",
        "price_unit": "KG"
      },
      {
        "state": "WA",
        "price": "2400",
        "price_per_unit": "4800",
        "price_unit": "KG"
      },
      {
        "state": "SA",
        "price": "2400",
        "price_per_unit": "4800",
        "price_unit": "KG"
      },
      {
        "state": "TAS",
        "price": "1900",
        "price_per_unit": "3800",
        "price_unit": "KG"
      },
      {
        "state": "TAS",
        "price": "1900",
        "price_per_unit": "3800",
        "price_unit": "KG"
      },
      {
        "state": "ACT",
        "price": "1900",
        "price_per_unit": "3800",
        "price_unit": "KG"
      },
      {
        "state": "ACT",
        "price": "1900",
        "price_per_unit": "3800",
        "price_unit": "KG"
      },
      {
        "state": "NT",
        "price": "1900",
        "price_per_unit": "3800",
        "price_unit": "KG"
      },
      {
        "state": "NT",
        "price": "1900",
        "price_per_unit": "3800",
        "price_unit": "KG"
      }
    ]
  },
  {
    "source_url": "https://www.woolworths.com.au/shop/productdetails/917712/i-j-crispy-battered-fish-pops-made-with-real-fillets",
    "name": "I&J Crispy Battered Fish Pops Made With Real Fillets 250g",
    "image_url": "https://cdn1.woolworths.media/content/wowproductimages/large/917712.jpg",
    "source_id": "Woolworths - 917712",
    "barcode": "9310139135902",
    "shop": "Woolworths",
    "weight": "1KG",
    "prices": [
      {
        "state": "QLD",
        "price": "800",
        "price_per_unit": "3200",
        "price_unit": "KG"
      },
      {
        "state": "WA",
        "price": "800",
        "price_per_unit": "3200",
        "price_unit": "KG"
      },
      {
        "state": "SA",
        "price": "800",
        "price_per_unit": "3200",
        "price_unit": "KG"
      },
      {
        "state": "TAS",
        "price": "800",
        "price_per_unit": "3200",
        "price_unit": "KG"
      },
      {
        "state": "ACT",
        "price": "800",
        "price_per_unit": "3200",
        "price_unit": "KG"
      },
      {
        "state": "NT",
        "price": "800",
        "price_per_unit": "3200",
        "price_unit": "KG"
      }
    ]
  },
  {
    "source_url": "https://www.woolworths.com.au/shop/productdetails/915511/i-j-original-fish-tenders-crumbed-with-real-fillets",
    "name": "I&J Original Fish Tenders Crumbed With Real Fillets 320g",
    "image_url": "https://cdn1.woolworths.media/content/wowproductimages/large/915511.jpg",
    "source_id": "Woolworths - 915511",
    "barcode": "9310139132765",
    "shop": "Woolworths",
    "weight": "1KG",
    "prices": [
      {
        "state": "VIC",
        "price": "800",
        "price_per_unit": "2500",
        "price_unit": "KG"
      },
      {
        "state": "QLD",
        "price": "800",
        "price_per_unit": "2500",
        "price_unit": "KG"
      },
      {
        "state": "WA",
        "price": "800",
        "price_per_unit": "2500",
        "price_unit": "KG"
      },
      {
        "state": "SA",
        "price": "800",
        "price_per_unit": "2500",
        "price_unit": "KG"
      },
      {
        "state": "TAS",
        "price": "800",
        "price_per_unit": "2500",
        "price_unit": "KG"
      },
      {
        "state": "ACT",
        "price": "800",
        "price_per_unit": "2500",
        "price_unit": "KG"
      },
      {
        "state": "NT",
        "price": "800",
        "price_per_unit": "2500",
        "price_unit": "KG"
      }
    ]
  },
  {
    "source_url": "https://www.woolworths.com.au/shop/productdetails/245074/just-caught-beer-battered-whiting-bites",
    "name": "Just Caught Beer Battered Whiting Bites 800g",
    "image_url": "https://cdn1.woolworths.media/content/wowproductimages/large/245074.jpg",
    "source_id": "Woolworths - 245074",
    "barcode": "9315822019316",
    "shop": "Woolworths",
    "weight": "1KG",
    "prices": [
      {
        "state": "QLD",
        "price": "1350",
        "price_per_unit": "1688",
        "price_unit": "KG"
      },
      {
        "state": "WA",
        "price": "1350",
        "price_per_unit": "1688",
        "price_unit": "KG"
      },
      {
        "state": "SA",
        "price": "1350",
        "price_per_unit": "1688",
        "price_unit": "KG"
      },
      {
        "state": "TAS",
        "price": "1400",
        "price_per_unit": "1750",
        "price_unit": "KG"
      },
      {
        "state": "ACT",
        "price": "1400",
        "price_per_unit": "1750",
        "price_unit": "KG"
      },
      {
        "state": "NT",
        "price": "1400",
        "price_per_unit": "1750",
        "price_unit": "KG"
      }
    ]
  },
  {
    "source_url": "https://www.woolworths.com.au/shop/productdetails/918723/just-caught-coconut-crumbed-prawns",
    "name": "Just Caught Coconut Crumbed Prawns 240g",
    "image_url": "https://cdn1.woolworths.media/content/wowproductimages/large/918723.jpg",
    "source_id": "Woolworths - 918723",
    "barcode": "9315822021319",
    "shop": "Woolworths",
    "weight": "1KG",
    "prices": [
      {
        "state": "QLD",
        "price": "800",
        "price_per_unit": "3333",
        "price_unit": "KG"
      },
      {
        "state": "WA",
        "price": "800",
        "price_per_unit": "3333",
        "price_unit": "KG"
      },
      {
        "state": "SA",
        "price": "800",
        "price_per_unit": "3333",
        "price_unit": "KG"
      },
      {
        "state": "TAS",
        "price": "640",
        "price_per_unit": "2667",
        "price_unit": "KG"
      },
      {
        "state": "ACT",
        "price": "640",
        "price_per_unit": "2667",
        "price_unit": "KG"
      },
      {
        "state": "NT",
        "price": "680",
        "price_per_unit": "2833",
        "price_unit": "KG"
      }
    ]
  },
  {
    "source_url": "https://www.woolworths.com.au/shop/productdetails/223880/just-caught-jumbo-cutlets-raw",
    "name": "Just Caught Jumbo Cutlets Raw 500g",
    "image_url": "https://cdn1.woolworths.media/content/wowproductimages/large/223880.jpg",
    "source_id": "Woolworths - 223880",
    "barcode": "9315822018968",
    "shop": "Woolworths",
    "weight": "1KG",
    "prices": [
      {
        "state": "VIC",
        "price": "2300",
        "price_per_unit": "4600",
        "price_unit": "KG"
      },
      {
        "state": "QLD",
        "price": "2300",
        "price_per_unit": "4600",
        "price_unit": "KG"
      },
      {
        "state": "WA",
        "price": "2300",
        "price_per_unit": "4600",
        "price_unit": "KG"
      },
      {
        "state": "SA",
        "price": "2300",
        "price_per_unit": "4600",
        "price_unit": "KG"
      },
      {
        "state": "TAS",
        "price": "2300",
        "price_per_unit": "4600",
        "price_unit": "KG"
      },
      {
        "state": "TAS",
        "price": "2300",
        "price_per_unit": "4600",
        "price_unit": "KG"
      },
      {
        "state": "ACT",
        "price": "2300",
        "price_per_unit": "4600",
        "price_unit": "KG"
      },
      {
        "state": "ACT",
        "price": "2300",
        "price_per_unit": "4600",
        "price_unit": "KG"
      },
      {
        "state": "NT",
        "price": "2300",
        "price_per_unit": "4600",
        "price_unit": "KG"
      },
      {
        "state": "NT",
        "price": "2300",
        "price_per_unit": "4600",
        "price_unit": "KG"
      }
    ]
  },
  {
    "source_url": "https://www.woolworths.com.au/shop/productdetails/803034/just-caught-raw-prawn-cutlets",
    "name": "Just Caught Raw Prawn Cutlets 850g",
    "image_url": "https://cdn1.woolworths.media/content/wowproductimages/large/803034.jpg",
    "source_id": "Woolworths - 803034",
    "barcode": "9315822013918",
    "shop": "Woolworths",
    "weight": "1KG",
    "prices": [
      {
        "state": "VIC",
        "price": "2000",
        "price_per_unit": "2353",
        "price_unit": "KG"
      },
      {
        "state": "WA",
        "price": "2000",
        "price_per_unit": "2353",
        "price_unit": "KG"
      },
      {
        "state": "SA",
        "price": "2000",
        "price_per_unit": "2353",
        "price_unit": "KG"
      },
      null,
      null,
      {
        "state": "ACT",
        "price": "3200",
        "price_per_unit": "3765",
        "price_unit": "KG"
      },
      {
        "state": "ACT",
        "price": "3200",
        "price_per_unit": "3765",
        "price_unit": "KG"
      },
      {
        "state": "NT",
        "price": "3200",
        "price_per_unit": "3765",
        "price_unit": "KG"
      },
      {
        "state": "NT",
        "price": "3200",
        "price_per_unit": "3765",
        "price_unit": "KG"
      }
    ]
  },
  {
    "source_url": "https://www.woolworths.com.au/shop/productdetails/62050/just-caught-raw-prawn-meat",
    "name": "Just Caught Raw Prawn Meat 300g",
    "image_url": "https://cdn1.woolworths.media/content/wowproductimages/large/062050.jpg",
    "source_id": "Woolworths - 62050",
    "barcode": "9315822016377",
    "shop": "Woolworths",
    "weight": "1KG",
    "prices": [
      {
        "state": "VIC",
        "price": "1200",
        "price_per_unit": "4000",
        "price_unit": "KG"
      },
      {
        "state": "QLD",
        "price": "1200",
        "price_per_unit": "4000",
        "price_unit": "KG"
      },
      {
        "state": "WA",
        "price": "1200",
        "price_per_unit": "4000",
        "price_unit": "KG"
      },
      {
        "state": "SA",
        "price": "1200",
        "price_per_unit": "4000",
        "price_unit": "KG"
      },
      {
        "state": "TAS",
        "price": "1000",
        "price_per_unit": "3333",
        "price_unit": "KG"
      },
      {
        "state": "TAS",
        "price": "1000",
        "price_per_unit": "3333",
        "price_unit": "KG"
      },
      {
        "state": "ACT",
        "price": "1000",
        "price_per_unit": "3333",
        "price_unit": "KG"
      },
      {
        "state": "ACT",
        "price": "1000",
        "price_per_unit": "3333",
        "price_unit": "KG"
      },
      {
        "state": "NT",
        "price": "1000",
        "price_per_unit": "3333",
        "price_unit": "KG"
      },
      {
        "state": "NT",
        "price": "1000",
        "price_per_unit": "3333",
        "price_unit": "KG"
      }
    ]
  },
  {
    "source_url": "https://www.woolworths.com.au/shop/productdetails/244300/just-caught-salt-pepper-squid",
    "name": "Just Caught Salt & Pepper Squid 800g",
    "image_url": "https://cdn1.woolworths.media/content/wowproductimages/large/244300.jpg",
    "source_id": "Woolworths - 244300",
    "barcode": "9315822019231",
    "shop": "Woolworths",
    "weight": "1KG",
    "prices": [
      {
        "state": "QLD",
        "price": "1350",
        "price_per_unit": "1688",
        "price_unit": "KG"
      },
      {
        "state": "WA",
        "price": "1350",
        "price_per_unit": "1688",
        "price_unit": "KG"
      },
      {
        "state": "SA",
        "price": "1350",
        "price_per_unit": "1688",
        "price_unit": "KG"
      },
      {
        "state": "TAS",
        "price": "1400",
        "price_per_unit": "1750",
        "price_unit": "KG"
      },
      {
        "state": "ACT",
        "price": "1400",
        "price_per_unit": "1750",
        "price_unit": "KG"
      },
      {
        "state": "NT",
        "price": "1400",
        "price_per_unit": "1750",
        "price_unit": "KG"
      }
    ]
  },
  {
    "source_url": "https://www.woolworths.com.au/shop/productdetails/189225/karumba-banana-prawns",
    "name": "Karumba Karumba Banana Prawns 500g",
    "image_url": "https://cdn1.woolworths.media/content/wowproductimages/large/189225.jpg",
    "source_id": "Woolworths - 189225",
    "barcode": "9343931004176",
    "shop": "Woolworths",
    "weight": "1KG",
    "prices": [
      {
        "state": "VIC",
        "price": "2300",
        "price_per_unit": "4600",
        "price_unit": "KG"
      },
      {
        "state": "QLD",
        "price": "2300",
        "price_per_unit": "4600",
        "price_unit": "KG"
      },
      {
        "state": "WA",
        "price": "2300",
        "price_per_unit": "4600",
        "price_unit": "KG"
      },
      {
        "state": "SA",
        "price": "2300",
        "price_per_unit": "4600",
        "price_unit": "KG"
      },
      {
        "state": "ACT",
        "price": "2300",
        "price_per_unit": "4600",
        "price_unit": "KG"
      },
      {
        "state": "ACT",
        "price": "2300",
        "price_per_unit": "4600",
        "price_unit": "KG"
      },
      {
        "state": "NT",
        "price": "2300",
        "price_per_unit": "4600",
        "price_unit": "KG"
      },
      {
        "state": "NT",
        "price": "2300",
        "price_per_unit": "4600",
        "price_unit": "KG"
      }
    ]
  },
  {
    "source_url": "https://www.woolworths.com.au/shop/productdetails/247602/ocean-chef-australian-raw-peeld-prawns",
    "name": "Ocean Chef Australian Raw Peeld Prawns 400g",
    "image_url": "https://cdn1.woolworths.media/content/wowproductimages/large/247602.jpg",
    "source_id": "Woolworths - 247602",
    "barcode": "9323015021954",
    "shop": "Woolworths",
    "weight": "1KG",
    "prices": [
      {
        "state": "VIC",
        "price": "2400",
        "price_per_unit": "6000",
        "price_unit": "KG"
      },
      {
        "state": "QLD",
        "price": "2400",
        "price_per_unit": "6000",
        "price_unit": "KG"
      },
      {
        "state": "WA",
        "price": "2400",
        "price_per_unit": "6000",
        "price_unit": "KG"
      },
      {
        "state": "TAS",
        "price": "2400",
        "price_per_unit": "6000",
        "price_unit": "KG"
      },
      {
        "state": "TAS",
        "price": "2400",
        "price_per_unit": "6000",
        "price_unit": "KG"
      },
      {
        "state": "ACT",
        "price": "2400",
        "price_per_unit": "6000",
        "price_unit": "KG"
      },
      {
        "state": "ACT",
        "price": "2400",
        "price_per_unit": "6000",
        "price_unit": "KG"
      },
      null,
      null
    ]
  },
  {
    "source_url": "https://www.woolworths.com.au/shop/productdetails/919535/ocean-chef-crumbed-prawn-nuggets",
    "name": "Ocean Chef Crumbed Prawn Nuggets 220g",
    "image_url": "https://cdn1.woolworths.media/content/wowproductimages/large/919535.jpg",
    "source_id": "Woolworths - 919535",
    "barcode": "9323015022920",
    "shop": "Woolworths",
    "weight": "1KG",
    "prices": [
      {
        "state": "VIC",
        "price": "800",
        "price_per_unit": "3636",
        "price_unit": "KG"
      },
      {
        "state": "QLD",
        "price": "800",
        "price_per_unit": "3636",
        "price_unit": "KG"
      },
      {
        "state": "WA",
        "price": "800",
        "price_per_unit": "3636",
        "price_unit": "KG"
      },
      {
        "state": "SA",
        "price": "800",
        "price_per_unit": "3636",
        "price_unit": "KG"
      },
      {
        "state": "TAS",
        "price": "700",
        "price_per_unit": "3182",
        "price_unit": "KG"
      },
      {
        "state": "ACT",
        "price": "700",
        "price_per_unit": "3182",
        "price_unit": "KG"
      }
    ]
  },
  {
    "source_url": "https://www.woolworths.com.au/shop/productdetails/399608/ocean-chef-peeled-tail-off-deveined-raw-prawns",
    "name": "Ocean Chef Peeled Tail Off & Deveined Raw Prawns 500g",
    "image_url": "https://cdn1.woolworths.media/content/wowproductimages/large/399608.jpg",
    "source_id": "Woolworths - 399608",
    "barcode": "9323015022470",
    "shop": "Woolworths",
    "weight": "1KG",
    "prices": [
      {
        "state": "VIC",
        "price": "1500",
        "price_per_unit": "3000",
        "price_unit": "KG"
      },
      {
        "state": "QLD",
        "price": "1500",
        "price_per_unit": "3000",
        "price_unit": "KG"
      },
      {
        "state": "WA",
        "price": "1500",
        "price_per_unit": "3000",
        "price_unit": "KG"
      },
      {
        "state": "SA",
        "price": "1500",
        "price_per_unit": "3000",
        "price_unit": "KG"
      },
      {
        "state": "ACT",
        "price": "1500",
        "price_per_unit": "3000",
        "price_unit": "KG"
      },
      {
        "state": "ACT",
        "price": "1500",
        "price_per_unit": "3000",
        "price_unit": "KG"
      },
      {
        "state": "NT",
        "price": "1350",
        "price_per_unit": "2700",
        "price_unit": "KG"
      },
      {
        "state": "NT",
        "price": "1350",
        "price_per_unit": "2700",
        "price_unit": "KG"
      }
    ]
  },
  {
    "source_url": "https://www.woolworths.com.au/shop/productdetails/782326/ocean-chef-salmon-parcels-in-leek-cheese-sauce",
    "name": "Ocean Chef Salmon Parcels In Leek & Cheese Sauce 280g",
    "image_url": "https://cdn1.woolworths.media/content/wowproductimages/large/782326.jpg",
    "source_id": "Woolworths - 782326",
    "barcode": "9323015014000",
    "shop": "Woolworths",
    "weight": "1KG",
    "prices": [
      {
        "state": "QLD",
        "price": "800",
        "price_per_unit": "2857",
        "price_unit": "KG"
      },
      {
        "state": "WA",
        "price": "800",
        "price_per_unit": "2857",
        "price_unit": "KG"
      },
      {
        "state": "SA",
        "price": "800",
        "price_per_unit": "2857",
        "price_unit": "KG"
      },
      {
        "state": "ACT",
        "price": "1000",
        "price_per_unit": "3571",
        "price_unit": "KG"
      },
      {
        "state": "NT",
        "price": "1000",
        "price_per_unit": "3571",
        "price_unit": "KG"
      }
    ]
  },
  {
    "source_url": "https://www.woolworths.com.au/shop/productdetails/656743/woolworths-jumbo-cooked-prawn",
    "name": "Woolworths Jumbo Cooked Prawn 500g",
    "image_url": "https://cdn1.woolworths.media/content/wowproductimages/large/656743.jpg",
    "source_id": "Woolworths - 656743",
    "barcode": "9339687089666",
    "shop": "Woolworths",
    "weight": "1KG",
    "prices": [
      {
        "state": "VIC",
        "price": "2200",
        "price_per_unit": "4400",
        "price_unit": "KG"
      },
      {
        "state": "QLD",
        "price": "2200",
        "price_per_unit": "4400",
        "price_unit": "KG"
      },
      {
        "state": "WA",
        "price": "2200",
        "price_per_unit": "4400",
        "price_unit": "KG"
      },
      {
        "state": "SA",
        "price": "2200",
        "price_per_unit": "4400",
        "price_unit": "KG"
      },
      {
        "state": "TAS",
        "price": "2200",
        "price_per_unit": "4400",
        "price_unit": "KG"
      },
      {
        "state": "TAS",
        "price": "2200",
        "price_per_unit": "4400",
        "price_unit": "KG"
      },
      {
        "state": "ACT",
        "price": "2200",
        "price_per_unit": "4400",
        "price_unit": "KG"
      },
      {
        "state": "ACT",
        "price": "2200",
        "price_per_unit": "4400",
        "price_unit": "KG"
      },
      {
        "state": "NT",
        "price": "2200",
        "price_per_unit": "4400",
        "price_unit": "KG"
      },
      {
        "state": "NT",
        "price": "2200",
        "price_per_unit": "4400",
        "price_unit": "KG"
      }
    ]
  },
  {
    "source_url": "https://www.woolworths.com.au/shop/productdetails/285355/woolworths-raw-peeled-deveined-prawns",
    "name": "Woolworths Raw Peeled & Deveined Prawns 500g",
    "image_url": "https://cdn1.woolworths.media/content/wowproductimages/large/285355.jpg",
    "source_id": "Woolworths - 285355",
    "barcode": "9339687340477",
    "shop": "Woolworths",
    "weight": "1KG",
    "prices": [
      {
        "state": "VIC",
        "price": "1600",
        "price_per_unit": "3200",
        "price_unit": "KG"
      },
      {
        "state": "QLD",
        "price": "1600",
        "price_per_unit": "3200",
        "price_unit": "KG"
      },
      {
        "state": "WA",
        "price": "1600",
        "price_per_unit": "3200",
        "price_unit": "KG"
      },
      {
        "state": "SA",
        "price": "1600",
        "price_per_unit": "3200",
        "price_unit": "KG"
      },
      {
        "state": "TAS",
        "price": "1600",
        "price_per_unit": "3200",
        "price_unit": "KG"
      },
      {
        "state": "TAS",
        "price": "1600",
        "price_per_unit": "3200",
        "price_unit": "KG"
      },
      {
        "state": "ACT",
        "price": "1400",
        "price_per_unit": "2800",
        "price_unit": "KG"
      },
      {
        "state": "ACT",
        "price": "1400",
        "price_per_unit": "2800",
        "price_unit": "KG"
      },
      {
        "state": "NT",
        "price": "1400",
        "price_per_unit": "2800",
        "price_unit": "KG"
      },
      {
        "state": "NT",
        "price": "1400",
        "price_per_unit": "2800",
        "price_unit": "KG"
      }
    ]
  },
  {
    "source_url": "https://www.woolworths.com.au/shop/productdetails/919582/blueline-seafood-salt-pepper-squid",
    "name": "Blueline Seafood Salt & Pepper Squid 360g",
    "image_url": "https://cdn1.woolworths.media/content/wowproductimages/large/919582.jpg",
    "source_id": "Woolworths - 919582",
    "barcode": "9315822020503",
    "shop": "Woolworths",
    "weight": "1KG",
    "prices": [
      {
        "state": "QLD",
        "price": "800",
        "price_per_unit": "2222",
        "price_unit": "KG"
      },
      {
        "state": "WA",
        "price": "800",
        "price_per_unit": "2222",
        "price_unit": "KG"
      },
      {
        "state": "SA",
        "price": "800",
        "price_per_unit": "2222",
        "price_unit": "KG"
      },
      {
        "state": "TAS",
        "price": "800",
        "price_per_unit": "2222",
        "price_unit": "KG"
      },
      {
        "state": "ACT",
        "price": "800",
        "price_per_unit": "2222",
        "price_unit": "KG"
      }
    ]
  },
  {
    "source_url": "https://www.woolworths.com.au/shop/productdetails/571926/i-j-salt-pepper-calamari-rings-lightly-crumbed",
    "name": "I&J Salt & Pepper Calamari Rings Lightly Crumbed 360g",
    "image_url": "https://cdn1.woolworths.media/content/wowproductimages/large/571926.jpg",
    "source_id": "Woolworths - 571926",
    "barcode": "9310139117830",
    "shop": "Woolworths",
    "weight": "1KG",
    "prices": [
      {
        "state": "QLD",
        "price": "800",
        "price_per_unit": "2222",
        "price_unit": "KG"
      },
      {
        "state": "WA",
        "price": "800",
        "price_per_unit": "2222",
        "price_unit": "KG"
      },
      {
        "state": "SA",
        "price": "800",
        "price_per_unit": "2222",
        "price_unit": "KG"
      },
      {
        "state": "TAS",
        "price": "800",
        "price_per_unit": "2222",
        "price_unit": "KG"
      },
      {
        "state": "ACT",
        "price": "800",
        "price_per_unit": "2222",
        "price_unit": "KG"
      }
    ]
  },
  {
    "source_url": "https://www.woolworths.com.au/shop/productdetails/917628/i-j-sweet-chilli-fish-tenders-crumbed-with-real-fillets",
    "name": "I&J Sweet Chilli Fish Tenders Crumbed With Real Fillets 320g",
    "image_url": "https://cdn1.woolworths.media/content/wowproductimages/large/917628.jpg",
    "source_id": "Woolworths - 917628",
    "barcode": "9310139135919",
    "shop": "Woolworths",
    "weight": "1KG",
    "prices": [
      {
        "state": "QLD",
        "price": "800",
        "price_per_unit": "2500",
        "price_unit": "KG"
      },
      {
        "state": "WA",
        "price": "800",
        "price_per_unit": "2500",
        "price_unit": "KG"
      },
      {
        "state": "SA",
        "price": "800",
        "price_per_unit": "2500",
        "price_unit": "KG"
      },
      {
        "state": "TAS",
        "price": "800",
        "price_per_unit": "2500",
        "price_unit": "KG"
      },
      {
        "state": "ACT",
        "price": "800",
        "price_per_unit": "2500",
        "price_unit": "KG"
      }
    ]
  },
  {
    "source_url": "https://www.woolworths.com.au/shop/productdetails/245354/just-caught-classic-crumbed-prawns",
    "name": "Just Caught Classic Crumbed Prawns 500g",
    "image_url": "https://cdn1.woolworths.media/content/wowproductimages/large/245354.jpg",
    "source_id": "Woolworths - 245354",
    "barcode": "9315822019170",
    "shop": "Woolworths",
    "weight": "1KG",
    "prices": [
      {
        "state": "QLD",
        "price": "1350",
        "price_per_unit": "2700",
        "price_unit": "KG"
      },
      {
        "state": "WA",
        "price": "1350",
        "price_per_unit": "2700",
        "price_unit": "KG"
      },
      {
        "state": "SA",
        "price": "1350",
        "price_per_unit": "2700",
        "price_unit": "KG"
      },
      {
        "state": "TAS",
        "price": "1400",
        "price_per_unit": "2800",
        "price_unit": "KG"
      },
      {
        "state": "ACT",
        "price": "1400",
        "price_per_unit": "2800",
        "price_unit": "KG"
      },
      {
        "state": "NT",
        "price": "1400",
        "price_per_unit": "2800",
        "price_unit": "KG"
      }
    ]
  },
  {
    "source_url": "https://www.woolworths.com.au/shop/productdetails/372439/just-caught-classic-crumbed-squid-strips",
    "name": "Just Caught Classic Crumbed Squid Strips 800g",
    "image_url": "https://cdn1.woolworths.media/content/wowproductimages/large/372439.jpg",
    "source_id": "Woolworths - 372439",
    "barcode": "9315822019262",
    "shop": "Woolworths",
    "weight": "1KG",
    "prices": [
      {
        "state": "QLD",
        "price": "1350",
        "price_per_unit": "1688",
        "price_unit": "KG"
      },
      {
        "state": "WA",
        "price": "1350",
        "price_per_unit": "1688",
        "price_unit": "KG"
      },
      {
        "state": "SA",
        "price": "1350",
        "price_per_unit": "1688",
        "price_unit": "KG"
      },
      {
        "state": "TAS",
        "price": "1400",
        "price_per_unit": "1750",
        "price_unit": "KG"
      },
      {
        "state": "ACT",
        "price": "1400",
        "price_per_unit": "1750",
        "price_unit": "KG"
      }
    ]
  },
  {
    "source_url": "https://www.woolworths.com.au/shop/productdetails/244001/just-caught-classic-crumbed-whiting-coujons",
    "name": "Just Caught Classic Crumbed Whiting Coujons 800g",
    "image_url": "https://cdn1.woolworths.media/content/wowproductimages/large/244001.jpg",
    "source_id": "Woolworths - 244001",
    "barcode": "9315822019323",
    "shop": "Woolworths",
    "weight": "1KG",
    "prices": [
      {
        "state": "QLD",
        "price": "1350",
        "price_per_unit": "1688",
        "price_unit": "KG"
      },
      {
        "state": "WA",
        "price": "1350",
        "price_per_unit": "1688",
        "price_unit": "KG"
      },
      {
        "state": "SA",
        "price": "1350",
        "price_per_unit": "1688",
        "price_unit": "KG"
      },
      {
        "state": "TAS",
        "price": "1400",
        "price_per_unit": "1750",
        "price_unit": "KG"
      },
      {
        "state": "ACT",
        "price": "1400",
        "price_per_unit": "1750",
        "price_unit": "KG"
      }
    ]
  },
  {
    "source_url": "https://www.woolworths.com.au/shop/productdetails/918068/just-caught-panko-crumbed-stretched-prawns",
    "name": "Just Caught Panko Crumbed Stretched Prawns 240g",
    "image_url": "https://cdn1.woolworths.media/content/wowproductimages/large/918068.jpg",
    "source_id": "Woolworths - 918068",
    "barcode": "9315822022026",
    "shop": "Woolworths",
    "weight": "1KG",
    "prices": [
      {
        "state": "QLD",
        "price": "800",
        "price_per_unit": "3333",
        "price_unit": "KG"
      },
      {
        "state": "WA",
        "price": "800",
        "price_per_unit": "3333",
        "price_unit": "KG"
      },
      {
        "state": "SA",
        "price": "800",
        "price_per_unit": "3333",
        "price_unit": "KG"
      },
      {
        "state": "TAS",
        "price": "640",
        "price_per_unit": "2667",
        "price_unit": "KG"
      },
      {
        "state": "ACT",
        "price": "640",
        "price_per_unit": "2667",
        "price_unit": "KG"
      }
    ]
  },
  {
    "source_url": "https://www.woolworths.com.au/shop/productdetails/380937/ocean-chef-battered-seafood-sticks",
    "name": "Ocean Chef Battered Seafood Sticks 400g",
    "image_url": "https://cdn1.woolworths.media/content/wowproductimages/large/380937.jpg",
    "source_id": "Woolworths - 380937",
    "barcode": "9323015022401",
    "shop": "Woolworths",
    "weight": "1KG",
    "prices": [
      {
        "state": "QLD",
        "price": "800",
        "price_per_unit": "2000",
        "price_unit": "KG"
      },
      {
        "state": "WA",
        "price": "800",
        "price_per_unit": "2000",
        "price_unit": "KG"
      },
      {
        "state": "SA",
        "price": "800",
        "price_per_unit": "2000",
        "price_unit": "KG"
      },
      {
        "state": "TAS",
        "price": "800",
        "price_per_unit": "2000",
        "price_unit": "KG"
      },
      {
        "state": "ACT",
        "price": "700",
        "price_per_unit": "1750",
        "price_unit": "KG"
      }
    ]
  },
  {
    "source_url": "https://www.woolworths.com.au/shop/productdetails/128398/ocean-chef-crumbed-crab-claws",
    "name": "Ocean Chef Crumbed Crab Claws 300g",
    "image_url": "https://cdn1.woolworths.media/content/wowproductimages/large/128398.jpg",
    "source_id": "Woolworths - 128398",
    "barcode": "9323015020728",
    "shop": "Woolworths",
    "weight": "1KG",
    "prices": [
      {
        "state": "QLD",
        "price": "800",
        "price_per_unit": "2667",
        "price_unit": "KG"
      },
      {
        "state": "WA",
        "price": "800",
        "price_per_unit": "2667",
        "price_unit": "KG"
      },
      {
        "state": "SA",
        "price": "800",
        "price_per_unit": "2667",
        "price_unit": "KG"
      },
      null,
      {
        "state": "ACT",
        "price": "700",
        "price_per_unit": "2333",
        "price_unit": "KG"
      }
    ]
  },
  {
    "source_url": "https://www.woolworths.com.au/shop/productdetails/372617/blueline-seafood-classic-crumbed-prawns",
    "name": "Blueline Seafood Classic Crumbed Prawns 360g",
    "image_url": "https://cdn1.woolworths.media/content/wowproductimages/large/372617.jpg",
    "source_id": "Woolworths - 372617",
    "barcode": "9315822020268",
    "shop": "Woolworths",
    "weight": "1KG",
    "prices": [
      {
        "state": "SA",
        "price": "640",
        "price_per_unit": "1778",
        "price_unit": "KG"
      },
      {
        "state": "ACT",
        "price": "640",
        "price_per_unit": "1778",
        "price_unit": "KG"
      }
    ]
  },
  {
    "source_url": "https://www.woolworths.com.au/shop/productdetails/372469/blueline-seafood-crumbed-squid-rings",
    "name": "Blueline Seafood Crumbed Squid Rings 400g",
    "image_url": "https://cdn1.woolworths.media/content/wowproductimages/large/372469.jpg",
    "source_id": "Woolworths - 372469",
    "barcode": "9315822020275",
    "shop": "Woolworths",
    "weight": "1KG",
    "prices": [
      {
        "state": "SA",
        "price": "495",
        "price_per_unit": "1238",
        "price_unit": "KG"
      },
      {
        "state": "ACT",
        "price": "495",
        "price_per_unit": "1238",
        "price_unit": "KG"
      }
    ]
  },
  {
    "source_url": "https://www.woolworths.com.au/shop/productdetails/915537/i-j-original-crumb-squid-pops",
    "name": "I&J Original Crumb Squid Pops 250g",
    "image_url": "https://cdn1.woolworths.media/content/wowproductimages/large/915537.jpg",
    "source_id": "Woolworths - 915537",
    "barcode": "9310139135896",
    "shop": "Woolworths",
    "weight": "1KG",
    "prices": [
      {
        "state": "SA",
        "price": "800",
        "price_per_unit": "3200",
        "price_unit": "KG"
      },
      {
        "state": "TAS",
        "price": "800",
        "price_per_unit": "3200",
        "price_unit": "KG"
      },
      {
        "state": "ACT",
        "price": "800",
        "price_per_unit": "3200",
        "price_unit": "KG"
      }
    ]
  },
  {
    "source_url": "https://www.woolworths.com.au/shop/productdetails/278423/just-caught-southern-style-whiting-bites",
    "name": "Just Caught Southern Style Whiting Bites 800g",
    "image_url": "https://cdn1.woolworths.media/content/wowproductimages/large/278423.jpg",
    "source_id": "Woolworths - 278423",
    "barcode": "9315822019309",
    "shop": "Woolworths",
    "weight": "1KG",
    "prices": [
      {
        "state": "SA",
        "price": "1350",
        "price_per_unit": "1688",
        "price_unit": "KG"
      },
      {
        "state": "TAS",
        "price": "1400",
        "price_per_unit": "1750",
        "price_unit": "KG"
      },
      {
        "state": "ACT",
        "price": "1400",
        "price_per_unit": "1750",
        "price_unit": "KG"
      },
      {
        "state": "NT",
        "price": "1400",
        "price_per_unit": "1750",
        "price_unit": "KG"
      }
    ]
  }
]