[
  {
    "source_url": "https://www.woolworths.com.au/shop/productdetails/39353/birds-eye-fish-cakes-original-crumb-oven-fry",
    "name": "Birds Eye Fish Cakes Original Crumb 300g",
    "image_url": "https://cdn1.woolworths.media/content/wowproductimages/large/039353.jpg",
    "source_id": "Woolworths - 39353",
    "barcode": "9310081412663",
    "shop": "Woolworths",
    "weight": "1KG",
    "prices": [
      {
        "state": "NSW",
        "price": "650",
        "price_per_unit": "2167",
        "price_unit": "KG"
      },
      {
        "state": "QLD",
        "price": "650",
        "price_per_unit": "2167",
        "price_unit": "KG"
      },
      {
        "state": "WA",
        "price": "650",
        "price_per_unit": "2167",
        "price_unit": "KG"
      },
      {
        "state": "SA",
        "price": "650",
        "price_per_unit": "2167",
        "price_unit": "KG"
      },
      {
        "state": "TAS",
        "price": "650",
        "price_per_unit": "2167",
        "price_unit": "KG"
      },
      {
        "state": "ACT",
        "price": "650",
        "price_per_unit": "2167",
        "price_unit": "KG"
      },
      {
        "state": "NT",
        "price": "685",
        "price_per_unit": "2283",
        "price_unit": "KG"
      }
    ]
  },
  {
    "source_url": "https://www.woolworths.com.au/shop/productdetails/224053/birds-eye-fish-cakes-salmon-with-vegetables-herbs",
    "name": "Birds Eye Fish Cakes Salmon With Vegetables & Herbs 480g",
    "image_url": "https://cdn1.woolworths.media/content/wowproductimages/large/224053.jpg",
    "source_id": "Woolworths - 224053",
    "barcode": "9300462019369",
    "shop": "Woolworths",
    "weight": "1KG",
    "prices": [
      {
        "state": "NSW",
        "price": "800",
        "price_per_unit": "1667",
        "price_unit": "KG"
      },
      {
        "state": "QLD",
        "price": "800",
        "price_per_unit": "1667",
        "price_unit": "KG"
      },
      {
        "state": "WA",
        "price": "800",
        "price_per_unit": "1667",
        "price_unit": "KG"
      },
      {
        "state": "SA",
        "price": "800",
        "price_per_unit": "1667",
        "price_unit": "KG"
      },
      {
        "state": "ACT",
        "price": "800",
        "price_per_unit": "1667",
        "price_unit": "KG"
      },
      {
        "state": "NT",
        "price": "800",
        "price_per_unit": "1667",
        "price_unit": "KG"
      }
    ]
  },
  {
    "source_url": "https://www.woolworths.com.au/shop/productdetails/96336/birds-eye-fish-fingers-original-crumb",
    "name": "Birds Eye Fish Fingers Original Crumb 1kg",
    "image_url": "https://cdn1.woolworths.media/content/wowproductimages/large/096336.jpg",
    "source_id": "Woolworths - 96336",
    "barcode": "9310081403081",
    "shop": "Woolworths",
    "weight": "1KG",
    "prices": [
      {
        "state": "NSW",
        "price": "1150",
        "price_per_unit": "1150",
        "price_unit": "KG"
      },
      {
        "state": "VIC",
        "price": "1150",
        "price_per_unit": "1150",
        "price_unit": "KG"
      },
      {
        "state": "QLD",
        "price": "1150",
        "price_per_unit": "1150",
        "price_unit": "KG"
      },
      {
        "state": "WA",
        "price": "1150",
        "price_per_unit": "1150",
        "price_unit": "KG"
      },
      {
        "state": "SA",
        "price": "1150",
        "price_per_unit": "1150",
        "price_unit": "KG"
      },
      {
        "state": "TAS",
        "price": "1150",
        "price_per_unit": "1150",
        "price_unit": "KG"
      },
      null,
      {
        "state": "NT",
        "price": "1150",
        "price_per_unit": "1150",
        "price_unit": "KG"
      }
    ]
  },
  {
    "source_url": "https://www.woolworths.com.au/shop/productdetails/413030/sealord-gluten-free-hoki-fish-fillet-crumb",
    "name": "Sealord Gluten Free Hoki Fish Fillet Crumb 300g",
    "image_url": "https://cdn1.woolworths.media/content/wowproductimages/large/413030.jpg",
    "source_id": "Woolworths - 413030",
    "barcode": "9415022027682",
    "shop": "Woolworths",
    "weight": "1KG",
    "prices": [
      {
        "state": "NSW",
        "price": "750",
        "price_per_unit": "2500",
        "price_unit": "KG"
      },
      {
        "state": "VIC",
        "price": "750",
        "price_per_unit": "2500",
        "price_unit": "KG"
      },
      {
        "state": "QLD",
        "price": "750",
        "price_per_unit": "2500",
        "price_unit": "KG"
      },
      {
        "state": "WA",
        "price": "750",
        "price_per_unit": "2500",
        "price_unit": "KG"
      },
      {
        "state": "TAS",
        "price": "940",
        "price_per_unit": "3133",
        "price_unit": "KG"
      },
      {
        "state": "ACT",
        "price": "940",
        "price_per_unit": "3133",
        "price_unit": "KG"
      },
      {
        "state": "NT",
        "price": "940",
        "price_per_unit": "3133",
        "price_unit": "KG"
      }
    ]
  },
  {
    "source_url": "https://www.woolworths.com.au/shop/productdetails/96318/birds-eye-fish-fingers-original-crumb",
    "name": "Birds Eye Fish Fingers Original Crumb 375g",
    "image_url": "https://cdn1.woolworths.media/content/wowproductimages/large/096318.jpg",
    "source_id": "Woolworths - 96318",
    "barcode": "9310081403043",
    "shop": "Woolworths",
    "weight": "1KG",
    "prices": [
      {
        "state": "VIC",
        "price": "650",
        "price_per_unit": "1733",
        "price_unit": "KG"
      },
      {
        "state": "QLD",
        "price": "650",
        "price_per_unit": "1733",
        "price_unit": "KG"
      },
      {
        "state": "WA",
        "price": "650",
        "price_per_unit": "1733",
        "price_unit": "KG"
      },
      {
        "state": "SA",
        "price": "650",
        "price_per_unit": "1733",
        "price_unit": "KG"
      },
      {
        "state": "TAS",
        "price": "650",
        "price_per_unit": "1733",
        "price_unit": "KG"
      },
      {
        "state": "ACT",
        "price": "650",
        "price_per_unit": "1733",
        "price_unit": "KG"
      },
      {
        "state": "NT",
        "price": "685",
        "price_per_unit": "1827",
        "price_unit": "KG"
      }
    ]
  },
  {
    "source_url": "https://www.woolworths.com.au/shop/productdetails/310432/findus-crumbed-fish-fingers",
    "name": "Findus Crumbed Fish Fingers 10 Pack",
    "image_url": "https://cdn1.woolworths.media/content/wowproductimages/large/310432.jpg",
    "source_id": "Woolworths - 310432",
    "barcode": "5000116128495",
    "shop": "Woolworths",
    "weight": "1KG",
    "prices": [
      {
        "state": "VIC",
        "price": "550",
        "price_per_unit": "1964",
        "price_unit": "KG"
      },
      {
        "state": "QLD",
        "price": "550",
        "price_per_unit": "1964",
        "price_unit": "KG"
      },
      {
        "state": "WA",
        "price": "550",
        "price_per_unit": "1964",
        "price_unit": "KG"
      },
      {
        "state": "SA",
        "price": "550",
        "price_per_unit": "1964",
        "price_unit": "KG"
      },
      {
        "state": "TAS",
        "price": "550",
        "price_per_unit": "1964",
        "price_unit": "KG"
      },
      {
        "state": "ACT",
        "price": "550",
        "price_per_unit": "1964",
        "price_unit": "KG"
      },
      {
        "state": "NT",
        "price": "550",
        "price_per_unit": "1964",
        "price_unit": "KG"
      }
    ]
  },
  {
    "source_url": "https://www.woolworths.com.au/shop/productdetails/229593/findus-crumbed-fish-fingers",
    "name": "Findus Crumbed Fish Fingers 840g",
    "image_url": "https://cdn1.woolworths.media/content/wowproductimages/large/229593.jpg",
    "source_id": "Woolworths - 229593",
    "barcode": "7310500184999",
    "shop": "Woolworths",
    "weight": "1KG",
    "prices": [
      {
        "state": "VIC",
        "price": "1200",
        "price_per_unit": "1429",
        "price_unit": "KG"
      },
      {
        "state": "QLD",
        "price": "1200",
        "price_per_unit": "1429",
        "price_unit": "KG"
      },
      {
        "state": "WA",
        "price": "1200",
        "price_per_unit": "1429",
        "price_unit": "KG"
      },
      {
        "state": "SA",
        "price": "1200",
        "price_per_unit": "1429",
        "price_unit": "KG"
      },
      {
        "state": "TAS",
        "price": "1200",
        "price_per_unit": "1429",
        "price_unit": "KG"
      },
      {
        "state": "ACT",
        "price": "1200",
        "price_per_unit": "1429",
        "price_unit": "KG"
      }
    ]
  },
  {
    "source_url": "https://www.woolworths.com.au/shop/productdetails/372513/blueline-seafood-crumbed-fish-fingers",
    "name": "Blueline Seafood Crumbed Fish Fingers 1kg",
    "image_url": "https://cdn1.woolworths.media/content/wowproductimages/large/372513.jpg",
    "source_id": "Woolworths - 372513",
    "barcode": "9315822020190",
    "shop": "Woolworths",
    "weight": "1KG",
    "prices": [
      {
        "state": "QLD",
        "price": "850",
        "price_per_unit": "850",
        "price_unit": "KG"
      },
      {
        "state": "WA",
        "price": "850",
        "price_per_unit": "850",
        "price_unit": "KG"
      },
      {
        "state": "SA",
        "price": "850",
        "price_per_unit": "850",
        "price_unit": "KG"
      },
      {
        "state": "TAS",
        "price": "850",
        "price_per_unit": "850",
        "price_unit": "KG"
      },
      {
        "state": "ACT",
        "price": "850",
        "price_per_unit": "850",
        "price_unit": "KG"
      }
    ]
  },
  {
    "source_url": "https://www.woolworths.com.au/shop/productdetails/309991/findus-crumbed-fish-fingers",
    "name": "Findus Crumbed Fish Fingers 6 Pack",
    "image_url": "https://cdn1.woolworths.media/content/wowproductimages/large/309991.jpg",
    "source_id": "Woolworths - 309991",
    "barcode": "5000116127900",
    "shop": "Woolworths",
    "weight": "1KG",
    "prices": [
      {
        "state": "SA",
        "price": "675",
        "price_per_unit": "1875",
        "price_unit": "KG"
      },
      {
        "state": "TAS",
        "price": "675",
        "price_per_unit": "1875",
        "price_unit": "KG"
      },
      {
        "state": "ACT",
        "price": "875",
        "price_per_unit": "2431",
        "price_unit": "KG"
      },
      {
        "state": "NT",
        "price": "920",
        "price_per_unit": "2556",
        "price_unit": "KG"
      }
    ]
  }
]