[
  {
    "source_url": "https://www.woolworths.com.au/shop/productdetails/229607/pop-tops-fruit-drink-apple-poppers-multipack-lunch-box-bottles",
    "name": "Pop Tops Fruit Drink Apple Poppers Multipack Lunch Box Bottles 250ml x 6 Pack",
    "image_url": "https://cdn1.woolworths.media/content/wowproductimages/large/229607.jpg",
    "source_id": "Woolworths - 229607",
    "barcode": "9315626000404",
    "shop": "Woolworths",
    "weight": "1L",
    "prices": [
      {
        "state": "NSW",
        "price": "590",
        "price_per_unit": "393",
        "price_unit": "L"
      },
      {
        "state": "VIC",
        "price": "590",
        "price_per_unit": "393",
        "price_unit": "L"
      },
      {
        "state": "QLD",
        "price": "590",
        "price_per_unit": "393",
        "price_unit": "L"
      },
      {
        "state": "WA",
        "price": "590",
        "price_per_unit": "393",
        "price_unit": "L"
      },
      {
        "state": "SA",
        "price": "590",
        "price_per_unit": "393",
        "price_unit": "L"
      },
      {
        "state": "TAS",
        "price": "590",
        "price_per_unit": "393",
        "price_unit": "L"
      },
      {
        "state": "ACT",
        "price": "590",
        "price_per_unit": "393",
        "price_unit": "L"
      },
      {
        "state": "NT",
        "price": "630",
        "price_per_unit": "420",
        "price_unit": "L"
      }
    ]
  },
  {
    "source_url": "https://www.woolworths.com.au/shop/productdetails/242252/splash-fruity-water-apple-flavour",
    "name": "Splash Fruity Water Apple Flavour 250ml x 6 Pack",
    "image_url": "https://cdn1.woolworths.media/content/wowproductimages/large/242252.jpg",
    "source_id": "Woolworths - 242252",
    "barcode": "9345905010367",
    "shop": "Woolworths",
    "weight": "1L",
    "prices": [
      {
        "state": "NSW",
        "price": "300",
        "price_per_unit": "200",
        "price_unit": "L"
      },
      {
        "state": "VIC",
        "price": "300",
        "price_per_unit": "200",
        "price_unit": "L"
      },
      {
        "state": "QLD",
        "price": "300",
        "price_per_unit": "200",
        "price_unit": "L"
      },
      {
        "state": "WA",
        "price": "300",
        "price_per_unit": "200",
        "price_unit": "L"
      },
      {
        "state": "SA",
        "price": "300",
        "price_per_unit": "200",
        "price_unit": "L"
      },
      {
        "state": "TAS",
        "price": "300",
        "price_per_unit": "200",
        "price_unit": "L"
      },
      {
        "state": "ACT",
        "price": "300",
        "price_per_unit": "200",
        "price_unit": "L"
      },
      {
        "state": "NT",
        "price": "300",
        "price_per_unit": "200",
        "price_unit": "L"
      }
    ]
  },
  {
    "source_url": "https://www.woolworths.com.au/shop/productdetails/243363/splash-fruity-water-blackcurrant-flavour",
    "name": "Splash Fruity Water Blackcurrant Flavour 250ml x 6 Pack",
    "image_url": "https://cdn1.woolworths.media/content/wowproductimages/large/243363.jpg",
    "source_id": "Woolworths - 243363",
    "barcode": "9345905010374",
    "shop": "Woolworths",
    "weight": "1L",
    "prices": [
      {
        "state": "VIC",
        "price": "300",
        "price_per_unit": "200",
        "price_unit": "L"
      },
      {
        "state": "QLD",
        "price": "300",
        "price_per_unit": "200",
        "price_unit": "L"
      },
      {
        "state": "WA",
        "price": "300",
        "price_per_unit": "200",
        "price_unit": "L"
      },
      {
        "state": "SA",
        "price": "300",
        "price_per_unit": "200",
        "price_unit": "L"
      },
      {
        "state": "TAS",
        "price": "300",
        "price_per_unit": "200",
        "price_unit": "L"
      },
      {
        "state": "ACT",
        "price": "300",
        "price_per_unit": "200",
        "price_unit": "L"
      },
      {
        "state": "NT",
        "price": "300",
        "price_per_unit": "200",
        "price_unit": "L"
      }
    ]
  },
  {
    "source_url": "https://www.woolworths.com.au/shop/productdetails/242313/splash-fruity-water-raspberry-flavour",
    "name": "Splash Fruity Water Raspberry Flavour 250ml x 6 Pack",
    "image_url": "https://cdn1.woolworths.media/content/wowproductimages/large/242313.jpg",
    "source_id": "Woolworths - 242313",
    "barcode": "9345905010350",
    "shop": "Woolworths",
    "weight": "1L",
    "prices": [
      {
        "state": "NSW",
        "price": "300",
        "price_per_unit": "200",
        "price_unit": "L"
      },
      {
        "state": "VIC",
        "price": "300",
        "price_per_unit": "200",
        "price_unit": "L"
      },
      {
        "state": "QLD",
        "price": "300",
        "price_per_unit": "200",
        "price_unit": "L"
      },
      {
        "state": "WA",
        "price": "300",
        "price_per_unit": "200",
        "price_unit": "L"
      },
      {
        "state": "SA",
        "price": "300",
        "price_per_unit": "200",
        "price_unit": "L"
      },
      {
        "state": "TAS",
        "price": "300",
        "price_per_unit": "200",
        "price_unit": "L"
      },
      {
        "state": "ACT",
        "price": "300",
        "price_per_unit": "200",
        "price_unit": "L"
      },
      {
        "state": "NT",
        "price": "300",
        "price_per_unit": "200",
        "price_unit": "L"
      }
    ]
  },
  {
    "source_url": "https://www.woolworths.com.au/shop/productdetails/749800/v8-breakfast-juice-multipack",
    "name": "V8 Breakfast Juice Multipack 3 x 250ml",
    "image_url": "https://cdn1.woolworths.media/content/wowproductimages/large/749800.jpg",
    "source_id": "Woolworths - 749800",
    "barcode": "9300644703086",
    "shop": "Woolworths",
    "weight": "1L",
    "prices": [
      {
        "state": "NSW",
        "price": "400",
        "price_per_unit": "533",
        "price_unit": "L"
      },
      {
        "state": "VIC",
        "price": "400",
        "price_per_unit": "533",
        "price_unit": "L"
      },
      {
        "state": "QLD",
        "price": "400",
        "price_per_unit": "533",
        "price_unit": "L"
      },
      {
        "state": "WA",
        "price": "400",
        "price_per_unit": "533",
        "price_unit": "L"
      },
      {
        "state": "SA",
        "price": "400",
        "price_per_unit": "533",
        "price_unit": "L"
      },
      {
        "state": "ACT",
        "price": "400",
        "price_per_unit": "533",
        "price_unit": "L"
      },
      {
        "state": "NT",
        "price": "400",
        "price_per_unit": "533",
        "price_unit": "L"
      }
    ]
  },
  {
    "source_url": "https://www.woolworths.com.au/shop/productdetails/365259/v8-tropical-juce-multipack",
    "name": "V8 Tropical Juce Multipack 3 x 250ml",
    "image_url": "https://cdn1.woolworths.media/content/wowproductimages/large/365259.jpg",
    "source_id": "Woolworths - 365259",
    "barcode": "9300644702201",
    "shop": "Woolworths",
    "weight": "1L",
    "prices": [
      {
        "state": "NSW",
        "price": "400",
        "price_per_unit": "533",
        "price_unit": "L"
      },
      {
        "state": "VIC",
        "price": "400",
        "price_per_unit": "533",
        "price_unit": "L"
      },
      {
        "state": "QLD",
        "price": "400",
        "price_per_unit": "533",
        "price_unit": "L"
      },
      {
        "state": "WA",
        "price": "400",
        "price_per_unit": "533",
        "price_unit": "L"
      },
      {
        "state": "SA",
        "price": "400",
        "price_per_unit": "533",
        "price_unit": "L"
      },
      {
        "state": "TAS",
        "price": "400",
        "price_per_unit": "533",
        "price_unit": "L"
      },
      {
        "state": "ACT",
        "price": "400",
        "price_per_unit": "533",
        "price_unit": "L"
      },
      {
        "state": "NT",
        "price": "400",
        "price_per_unit": "533",
        "price_unit": "L"
      }
    ]
  },
  {
    "source_url": "https://www.woolworths.com.au/shop/productdetails/432455/glee-sours-watermelon-flavoured-sparkling-fruit-juice",
    "name": "Glee Sours Watermelon Flavoured Sparkling Fruit Juice 250ml",
    "image_url": "https://cdn1.woolworths.media/content/wowproductimages/large/432455.jpg",
    "source_id": "Woolworths - 432455",
    "barcode": "9345905008814",
    "shop": "Woolworths",
    "weight": "1L",
    "prices": [
      {
        "state": "VIC",
        "price": "200",
        "price_per_unit": "800",
        "price_unit": "L"
      },
      {
        "state": "QLD",
        "price": "200",
        "price_per_unit": "800",
        "price_unit": "L"
      },
      {
        "state": "WA",
        "price": "200",
        "price_per_unit": "800",
        "price_unit": "L"
      },
      {
        "state": "SA",
        "price": "200",
        "price_per_unit": "800",
        "price_unit": "L"
      },
      {
        "state": "TAS",
        "price": "200",
        "price_per_unit": "800",
        "price_unit": "L"
      },
      {
        "state": "ACT",
        "price": "200",
        "price_per_unit": "800",
        "price_unit": "L"
      },
      {
        "state": "NT",
        "price": "200",
        "price_per_unit": "800",
        "price_unit": "L"
      }
    ]
  },
  {
    "source_url": "https://www.woolworths.com.au/shop/productdetails/399131/glee-sparkling-fruit-juice-bubblegum-grape",
    "name": "Glee Sparkling Fruit Juice Bubblegum Grape 250ml",
    "image_url": "https://cdn1.woolworths.media/content/wowproductimages/large/399131.jpg",
    "source_id": "Woolworths - 399131",
    "barcode": "9345905005967",
    "shop": "Woolworths",
    "weight": "1L",
    "prices": [
      {
        "state": "VIC",
        "price": "200",
        "price_per_unit": "800",
        "price_unit": "L"
      },
      {
        "state": "QLD",
        "price": "200",
        "price_per_unit": "800",
        "price_unit": "L"
      },
      {
        "state": "WA",
        "price": "200",
        "price_per_unit": "800",
        "price_unit": "L"
      },
      {
        "state": "SA",
        "price": "200",
        "price_per_unit": "800",
        "price_unit": "L"
      },
      {
        "state": "TAS",
        "price": "200",
        "price_per_unit": "800",
        "price_unit": "L"
      },
      {
        "state": "ACT",
        "price": "200",
        "price_per_unit": "800",
        "price_unit": "L"
      },
      {
        "state": "NT",
        "price": "200",
        "price_per_unit": "800",
        "price_unit": "L"
      }
    ]
  },
  {
    "source_url": "https://www.woolworths.com.au/shop/productdetails/315777/just-juice-apple-juice",
    "name": "Just Juice Apple Juice 6x200ml",
    "image_url": "https://cdn1.woolworths.media/content/wowproductimages/large/315777.jpg",
    "source_id": "Woolworths - 315777",
    "barcode": "9310113497507",
    "shop": "Woolworths",
    "weight": "1L",
    "prices": [
      {
        "state": "VIC",
        "price": "650",
        "price_per_unit": "542",
        "price_unit": "L"
      },
      {
        "state": "QLD",
        "price": "650",
        "price_per_unit": "542",
        "price_unit": "L"
      },
      {
        "state": "WA",
        "price": "650",
        "price_per_unit": "542",
        "price_unit": "L"
      },
      {
        "state": "SA",
        "price": "650",
        "price_per_unit": "542",
        "price_unit": "L"
      },
      {
        "state": "TAS",
        "price": "600",
        "price_per_unit": "500",
        "price_unit": "L"
      },
      {
        "state": "ACT",
        "price": "650",
        "price_per_unit": "542",
        "price_unit": "L"
      },
      {
        "state": "NT",
        "price": "650",
        "price_per_unit": "542",
        "price_unit": "L"
      }
    ]
  },
  {
    "source_url": "https://www.woolworths.com.au/shop/productdetails/315759/prima-apple-raspberry-fruit-drink",
    "name": "Prima Apple & Raspberry Fruit Drink 6x200ml",
    "image_url": "https://cdn1.woolworths.media/content/wowproductimages/large/315759.jpg",
    "source_id": "Woolworths - 315759",
    "barcode": "9310113497620",
    "shop": "Woolworths",
    "weight": "1L",
    "prices": [
      {
        "state": "VIC",
        "price": "460",
        "price_per_unit": "383",
        "price_unit": "L"
      },
      {
        "state": "QLD",
        "price": "460",
        "price_per_unit": "383",
        "price_unit": "L"
      },
      {
        "state": "WA",
        "price": "460",
        "price_per_unit": "383",
        "price_unit": "L"
      },
      {
        "state": "SA",
        "price": "460",
        "price_per_unit": "383",
        "price_unit": "L"
      },
      {
        "state": "TAS",
        "price": "460",
        "price_per_unit": "383",
        "price_unit": "L"
      },
      {
        "state": "ACT",
        "price": "460",
        "price_per_unit": "383",
        "price_unit": "L"
      },
      {
        "state": "NT",
        "price": "460",
        "price_per_unit": "383",
        "price_unit": "L"
      }
    ]
  },
  {
    "source_url": "https://www.woolworths.com.au/shop/productdetails/136273/sunraysia-apple-blackcurrant-juice",
    "name": "Sunraysia Apple & Blackcurrant Juice 200ml",
    "image_url": "https://cdn1.woolworths.media/content/wowproductimages/large/136273.jpg",
    "source_id": "Woolworths - 136273",
    "barcode": "9310865610209",
    "shop": "Woolworths",
    "weight": "1L",
    "prices": [
      {
        "state": "VIC",
        "price": "150",
        "price_per_unit": "750",
        "price_unit": "L"
      },
      {
        "state": "WA",
        "price": "150",
        "price_per_unit": "750",
        "price_unit": "L"
      },
      {
        "state": "SA",
        "price": "140",
        "price_per_unit": "700",
        "price_unit": "L"
      },
      {
        "state": "TAS",
        "price": "150",
        "price_per_unit": "750",
        "price_unit": "L"
      },
      {
        "state": "ACT",
        "price": "150",
        "price_per_unit": "750",
        "price_unit": "L"
      },
      {
        "state": "NT",
        "price": "140",
        "price_per_unit": "700",
        "price_unit": "L"
      }
    ]
  },
  {
    "source_url": "https://www.woolworths.com.au/shop/productdetails/488237/sunraysia-apple-peach-juice",
    "name": "Sunraysia Apple & Peach Juice 200ml",
    "image_url": "https://cdn1.woolworths.media/content/wowproductimages/large/488237.jpg",
    "source_id": "Woolworths - 488237",
    "barcode": "9310865610254",
    "shop": "Woolworths",
    "weight": "1L",
    "prices": [
      {
        "state": "VIC",
        "price": "150",
        "price_per_unit": "750",
        "price_unit": "L"
      },
      {
        "state": "SA",
        "price": "140",
        "price_per_unit": "700",
        "price_unit": "L"
      },
      {
        "state": "TAS",
        "price": "150",
        "price_per_unit": "750",
        "price_unit": "L"
      },
      {
        "state": "ACT",
        "price": "150",
        "price_per_unit": "750",
        "price_unit": "L"
      },
      {
        "state": "NT",
        "price": "140",
        "price_per_unit": "700",
        "price_unit": "L"
      }
    ]
  },
  {
    "source_url": "https://www.woolworths.com.au/shop/productdetails/729169/woolworths-apple-blackcurrant-juice-multipack",
    "name": "Woolworths Apple & Blackcurrant Juice Multipack 250mL x 6 pack",
    "image_url": "https://cdn1.woolworths.media/content/wowproductimages/large/729169.jpg",
    "source_id": "Woolworths - 729169",
    "barcode": "9300633326937",
    "shop": "Woolworths",
    "weight": "1L",
    "prices": [
      {
        "state": "VIC",
        "price": "420",
        "price_per_unit": "280",
        "price_unit": "L"
      },
      {
        "state": "QLD",
        "price": "420",
        "price_per_unit": "280",
        "price_unit": "L"
      },
      {
        "state": "WA",
        "price": "420",
        "price_per_unit": "280",
        "price_unit": "L"
      },
      {
        "state": "SA",
        "price": "420",
        "price_per_unit": "280",
        "price_unit": "L"
      },
      {
        "state": "TAS",
        "price": "420",
        "price_per_unit": "280",
        "price_unit": "L"
      },
      {
        "state": "ACT",
        "price": "420",
        "price_per_unit": "280",
        "price_unit": "L"
      },
      {
        "state": "NT",
        "price": "420",
        "price_per_unit": "280",
        "price_unit": "L"
      }
    ]
  },
  {
    "source_url": "https://www.woolworths.com.au/shop/productdetails/729168/woolworths-apple-juice-multipack",
    "name": "Woolworths Apple Juice Multipack 250mL x 6 pack",
    "image_url": "https://cdn1.woolworths.media/content/wowproductimages/large/729168.jpg",
    "source_id": "Woolworths - 729168",
    "barcode": "9300633326920",
    "shop": "Woolworths",
    "weight": "1L",
    "prices": [
      {
        "state": "VIC",
        "price": "420",
        "price_per_unit": "280",
        "price_unit": "L"
      },
      {
        "state": "QLD",
        "price": "420",
        "price_per_unit": "280",
        "price_unit": "L"
      },
      {
        "state": "WA",
        "price": "420",
        "price_per_unit": "280",
        "price_unit": "L"
      },
      {
        "state": "SA",
        "price": "420",
        "price_per_unit": "280",
        "price_unit": "L"
      },
      {
        "state": "TAS",
        "price": "420",
        "price_per_unit": "280",
        "price_unit": "L"
      },
      {
        "state": "ACT",
        "price": "420",
        "price_per_unit": "280",
        "price_unit": "L"
      },
      {
        "state": "NT",
        "price": "420",
        "price_per_unit": "280",
        "price_unit": "L"
      }
    ]
  },
  {
    "source_url": "https://www.woolworths.com.au/shop/productdetails/503111/woolworths-fruit-drink-35-tropical-juice-multipack",
    "name": "Woolworths Fruit Drink 35% Tropical Juice Multipack 250mL x 6 pack",
    "image_url": "https://cdn1.woolworths.media/content/wowproductimages/large/503111.jpg",
    "source_id": "Woolworths - 503111",
    "barcode": "9300633541903",
    "shop": "Woolworths",
    "weight": "1L",
    "prices": [
      {
        "state": "VIC",
        "price": "370",
        "price_per_unit": "247",
        "price_unit": "L"
      },
      {
        "state": "QLD",
        "price": "370",
        "price_per_unit": "247",
        "price_unit": "L"
      },
      {
        "state": "WA",
        "price": "370",
        "price_per_unit": "247",
        "price_unit": "L"
      },
      {
        "state": "SA",
        "price": "370",
        "price_per_unit": "247",
        "price_unit": "L"
      },
      {
        "state": "ACT",
        "price": "370",
        "price_per_unit": "247",
        "price_unit": "L"
      },
      {
        "state": "NT",
        "price": "370",
        "price_per_unit": "247",
        "price_unit": "L"
      }
    ]
  },
  {
    "source_url": "https://www.woolworths.com.au/shop/productdetails/757792/woolworths-tropical-juice-multipack",
    "name": "Woolworths Tropical Juice Multipack 250mL x 6 pack",
    "image_url": "https://cdn1.woolworths.media/content/wowproductimages/large/757792.jpg",
    "source_id": "Woolworths - 757792",
    "barcode": "9300633421625",
    "shop": "Woolworths",
    "weight": "1L",
    "prices": [
      {
        "state": "VIC",
        "price": "420",
        "price_per_unit": "280",
        "price_unit": "L"
      },
      {
        "state": "QLD",
        "price": "420",
        "price_per_unit": "280",
        "price_unit": "L"
      },
      {
        "state": "WA",
        "price": "420",
        "price_per_unit": "280",
        "price_unit": "L"
      },
      {
        "state": "SA",
        "price": "420",
        "price_per_unit": "280",
        "price_unit": "L"
      },
      {
        "state": "NT",
        "price": "420",
        "price_per_unit": "280",
        "price_unit": "L"
      }
    ]
  },
  {
    "source_url": "https://www.woolworths.com.au/shop/productdetails/700536/berri-pop-tops-apple-blackcurrant-juice",
    "name": "Berri Pop Tops Apple Blackcurrant Juice 250ml",
    "image_url": "https://cdn1.woolworths.media/content/wowproductimages/large/700536.jpg",
    "source_id": "Woolworths - 700536",
    "barcode": "9310113901936",
    "shop": "Woolworths",
    "weight": "1L",
    "prices": [
      {
        "state": "QLD",
        "price": "155",
        "price_per_unit": "620",
        "price_unit": "L"
      },
      {
        "state": "WA",
        "price": "155",
        "price_per_unit": "620",
        "price_unit": "L"
      },
      {
        "state": "SA",
        "price": "150",
        "price_per_unit": "600",
        "price_unit": "L"
      },
      {
        "state": "ACT",
        "price": "150",
        "price_per_unit": "600",
        "price_unit": "L"
      },
      {
        "state": "NT",
        "price": "150",
        "price_per_unit": "600",
        "price_unit": "L"
      }
    ]
  },
  {
    "source_url": "https://www.woolworths.com.au/shop/productdetails/700548/berri-pop-tops-apple-juice",
    "name": "Berri Pop Tops Apple Juice 250ml",
    "image_url": "https://cdn1.woolworths.media/content/wowproductimages/large/700548.jpg",
    "source_id": "Woolworths - 700548",
    "barcode": "9310113901912",
    "shop": "Woolworths",
    "weight": "1L",
    "prices": [
      {
        "state": "QLD",
        "price": "155",
        "price_per_unit": "620",
        "price_unit": "L"
      },
      {
        "state": "WA",
        "price": "155",
        "price_per_unit": "620",
        "price_unit": "L"
      },
      {
        "state": "SA",
        "price": "150",
        "price_per_unit": "600",
        "price_unit": "L"
      },
      {
        "state": "TAS",
        "price": "140",
        "price_per_unit": "560",
        "price_unit": "L"
      },
      {
        "state": "ACT",
        "price": "150",
        "price_per_unit": "600",
        "price_unit": "L"
      },
      {
        "state": "NT",
        "price": "150",
        "price_per_unit": "600",
        "price_unit": "L"
      }
    ]
  },
  {
    "source_url": "https://www.woolworths.com.au/shop/productdetails/416231/glee-tropical-treat-flavoured-sparkling-fruit-juice",
    "name": "Glee Tropical Treat Flavoured Sparkling Fruit Juice 250ml",
    "image_url": "https://cdn1.woolworths.media/content/wowproductimages/large/416231.jpg",
    "source_id": "Woolworths - 416231",
    "barcode": "9345905005950",
    "shop": "Woolworths",
    "weight": "1L",
    "prices": [
      {
        "state": "QLD",
        "price": "200",
        "price_per_unit": "800",
        "price_unit": "L"
      },
      {
        "state": "WA",
        "price": "200",
        "price_per_unit": "800",
        "price_unit": "L"
      },
      {
        "state": "SA",
        "price": "200",
        "price_per_unit": "800",
        "price_unit": "L"
      },
      {
        "state": "ACT",
        "price": "200",
        "price_per_unit": "800",
        "price_unit": "L"
      },
      {
        "state": "NT",
        "price": "200",
        "price_per_unit": "800",
        "price_unit": "L"
      }
    ]
  },
  {
    "source_url": "https://www.woolworths.com.au/shop/productdetails/663675/golden-circle-apple-blackcurrant-poppers-fruit-drink-multipack-lunchbox",
    "name": "Golden Circle Apple Blackcurrant Poppers Fruit Drink Multipack Lunchbox 250ml x6 Pack",
    "image_url": "https://cdn1.woolworths.media/content/wowproductimages/large/663675.jpg",
    "source_id": "Woolworths - 663675",
    "barcode": "9310179198356",
    "shop": "Woolworths",
    "weight": "1L",
    "prices": [
      {
        "state": "QLD",
        "price": "400",
        "price_per_unit": "267",
        "price_unit": "L"
      },
      {
        "state": "WA",
        "price": "400",
        "price_per_unit": "267",
        "price_unit": "L"
      },
      {
        "state": "SA",
        "price": "400",
        "price_per_unit": "267",
        "price_unit": "L"
      },
      {
        "state": "TAS",
        "price": "400",
        "price_per_unit": "267",
        "price_unit": "L"
      },
      {
        "state": "ACT",
        "price": "400",
        "price_per_unit": "267",
        "price_unit": "L"
      },
      {
        "state": "NT",
        "price": "400",
        "price_per_unit": "267",
        "price_unit": "L"
      }
    ]
  },
  {
    "source_url": "https://www.woolworths.com.au/shop/productdetails/477416/golden-circle-apple-juice-no-added-sugar-popper-lunchbox-fruit-juices",
    "name": "Golden Circle Apple Juice No Added Sugar Popper Lunchbox Fruit Juices 200ml x6 Pack",
    "image_url": "https://cdn1.woolworths.media/content/wowproductimages/large/477416.jpg",
    "source_id": "Woolworths - 477416",
    "barcode": "9310179191401",
    "shop": "Woolworths",
    "weight": "1L",
    "prices": [
      {
        "state": "QLD",
        "price": "650",
        "price_per_unit": "542",
        "price_unit": "L"
      },
      {
        "state": "WA",
        "price": "650",
        "price_per_unit": "542",
        "price_unit": "L"
      },
      {
        "state": "SA",
        "price": "650",
        "price_per_unit": "542",
        "price_unit": "L"
      },
      {
        "state": "ACT",
        "price": "650",
        "price_per_unit": "542",
        "price_unit": "L"
      },
      {
        "state": "NT",
        "price": "650",
        "price_per_unit": "542",
        "price_unit": "L"
      }
    ]
  },
  {
    "source_url": "https://www.woolworths.com.au/shop/productdetails/94950/golden-circle-fruit-drinks-lunch-box-poppers-multipack-apple-splash",
    "name": "Golden Circle Fruit Drinks Lunch Box Poppers Multipack Apple Splash 250ml x6 Pack",
    "image_url": "https://cdn1.woolworths.media/content/wowproductimages/large/094950.jpg",
    "source_id": "Woolworths - 94950",
    "barcode": "9310179007306",
    "shop": "Woolworths",
    "weight": "1L",
    "prices": [
      {
        "state": "QLD",
        "price": "400",
        "price_per_unit": "267",
        "price_unit": "L"
      },
      {
        "state": "WA",
        "price": "400",
        "price_per_unit": "267",
        "price_unit": "L"
      },
      {
        "state": "SA",
        "price": "400",
        "price_per_unit": "267",
        "price_unit": "L"
      },
      {
        "state": "TAS",
        "price": "400",
        "price_per_unit": "267",
        "price_unit": "L"
      },
      {
        "state": "ACT",
        "price": "400",
        "price_per_unit": "267",
        "price_unit": "L"
      },
      {
        "state": "NT",
        "price": "400",
        "price_per_unit": "267",
        "price_unit": "L"
      }
    ]
  },
  {
    "source_url": "https://www.woolworths.com.au/shop/productdetails/7576/golden-circle-fruit-drinks-lunch-box-poppers-multipack-golden-pash",
    "name": "Golden Circle Fruit Drinks Lunch Box Poppers Multipack Golden Pash 250ml x6 Pack",
    "image_url": "https://cdn1.woolworths.media/content/wowproductimages/large/007576.jpg",
    "source_id": "Woolworths - 7576",
    "barcode": "9310179007191",
    "shop": "Woolworths",
    "weight": "1L",
    "prices": [
      {
        "state": "QLD",
        "price": "400",
        "price_per_unit": "267",
        "price_unit": "L"
      },
      {
        "state": "WA",
        "price": "400",
        "price_per_unit": "267",
        "price_unit": "L"
      },
      {
        "state": "SA",
        "price": "400",
        "price_per_unit": "267",
        "price_unit": "L"
      },
      {
        "state": "TAS",
        "price": "400",
        "price_per_unit": "267",
        "price_unit": "L"
      },
      {
        "state": "ACT",
        "price": "400",
        "price_per_unit": "267",
        "price_unit": "L"
      },
      {
        "state": "NT",
        "price": "400",
        "price_per_unit": "267",
        "price_unit": "L"
      }
    ]
  },
  {
    "source_url": "https://www.woolworths.com.au/shop/productdetails/36182/golden-circle-fruit-drinks-lunch-box-poppers-multipack-sunshine-punch",
    "name": "Golden Circle Fruit Drinks Lunch Box Poppers Multipack Sunshine Punch 250ml x6 Pack",
    "image_url": "https://cdn1.woolworths.media/content/wowproductimages/large/036182.jpg",
    "source_id": "Woolworths - 36182",
    "barcode": "9310179007283",
    "shop": "Woolworths",
    "weight": "1L",
    "prices": [
      {
        "state": "QLD",
        "price": "400",
        "price_per_unit": "267",
        "price_unit": "L"
      },
      {
        "state": "WA",
        "price": "400",
        "price_per_unit": "267",
        "price_unit": "L"
      },
      {
        "state": "SA",
        "price": "400",
        "price_per_unit": "267",
        "price_unit": "L"
      },
      {
        "state": "TAS",
        "price": "400",
        "price_per_unit": "267",
        "price_unit": "L"
      },
      {
        "state": "ACT",
        "price": "400",
        "price_per_unit": "267",
        "price_unit": "L"
      }
    ]
  },
  {
    "source_url": "https://www.woolworths.com.au/shop/productdetails/43802/golden-circle-fruit-drinks-lunch-box-poppers-tropical-punch-multipack",
    "name": "Golden Circle Fruit Drinks Lunch Box Poppers Tropical Punch Multipack 250ml x6 Pack",
    "image_url": "https://cdn1.woolworths.media/content/wowproductimages/large/043802.jpg",
    "source_id": "Woolworths - 43802",
    "barcode": "9310179005159",
    "shop": "Woolworths",
    "weight": "1L",
    "prices": [
      {
        "state": "QLD",
        "price": "400",
        "price_per_unit": "267",
        "price_unit": "L"
      },
      {
        "state": "WA",
        "price": "400",
        "price_per_unit": "267",
        "price_unit": "L"
      },
      {
        "state": "SA",
        "price": "400",
        "price_per_unit": "267",
        "price_unit": "L"
      },
      {
        "state": "TAS",
        "price": "400",
        "price_per_unit": "267",
        "price_unit": "L"
      },
      {
        "state": "ACT",
        "price": "400",
        "price_per_unit": "267",
        "price_unit": "L"
      },
      {
        "state": "NT",
        "price": "400",
        "price_per_unit": "267",
        "price_unit": "L"
      }
    ]
  },
  {
    "source_url": "https://www.woolworths.com.au/shop/productdetails/43801/golden-circle-orange-fruit-drink-poppers-lunchbox-lunch-box-popper",
    "name": "Golden Circle Orange Fruit Drink Poppers Lunchbox Lunch Box Popper 250ml x6 Pack",
    "image_url": "https://cdn1.woolworths.media/content/wowproductimages/large/043801.jpg",
    "source_id": "Woolworths - 43801",
    "barcode": "9310179005142",
    "shop": "Woolworths",
    "weight": "1L",
    "prices": [
      {
        "state": "QLD",
        "price": "400",
        "price_per_unit": "267",
        "price_unit": "L"
      },
      {
        "state": "WA",
        "price": "400",
        "price_per_unit": "267",
        "price_unit": "L"
      },
      {
        "state": "SA",
        "price": "400",
        "price_per_unit": "267",
        "price_unit": "L"
      },
      {
        "state": "ACT",
        "price": "400",
        "price_per_unit": "267",
        "price_unit": "L"
      },
      {
        "state": "NT",
        "price": "400",
        "price_per_unit": "267",
        "price_unit": "L"
      }
    ]
  },
  {
    "source_url": "https://www.woolworths.com.au/shop/productdetails/315780/just-juice-apple-blackcurrant-juice",
    "name": "Just Juice Apple & Blackcurrant Juice 6x200ml",
    "image_url": "https://cdn1.woolworths.media/content/wowproductimages/large/315780.jpg",
    "source_id": "Woolworths - 315780",
    "barcode": "9310113497514",
    "shop": "Woolworths",
    "weight": "1L",
    "prices": [
      {
        "state": "QLD",
        "price": "650",
        "price_per_unit": "542",
        "price_unit": "L"
      },
      {
        "state": "WA",
        "price": "650",
        "price_per_unit": "542",
        "price_unit": "L"
      },
      {
        "state": "SA",
        "price": "650",
        "price_per_unit": "542",
        "price_unit": "L"
      },
      {
        "state": "ACT",
        "price": "650",
        "price_per_unit": "542",
        "price_unit": "L"
      },
      {
        "state": "NT",
        "price": "650",
        "price_per_unit": "542",
        "price_unit": "L"
      }
    ]
  },
  {
    "source_url": "https://www.woolworths.com.au/shop/productdetails/315784/just-juice-orange-juice",
    "name": "Just Juice Orange Juice 6x200ml",
    "image_url": "https://cdn1.woolworths.media/content/wowproductimages/large/315784.jpg",
    "source_id": "Woolworths - 315784",
    "barcode": "9310113497538",
    "shop": "Woolworths",
    "weight": "1L",
    "prices": [
      {
        "state": "QLD",
        "price": "650",
        "price_per_unit": "542",
        "price_unit": "L"
      },
      {
        "state": "WA",
        "price": "650",
        "price_per_unit": "542",
        "price_unit": "L"
      },
      {
        "state": "SA",
        "price": "650",
        "price_per_unit": "542",
        "price_unit": "L"
      },
      {
        "state": "ACT",
        "price": "650",
        "price_per_unit": "542",
        "price_unit": "L"
      },
      {
        "state": "NT",
        "price": "650",
        "price_per_unit": "542",
        "price_unit": "L"
      }
    ]
  },
  {
    "source_url": "https://www.woolworths.com.au/shop/productdetails/321164/p-n-golden-crush-fruit-drink-poppers",
    "name": "P&N Golden Crush Fruit Drink Poppers 250ml x 6 Pack",
    "image_url": "https://cdn1.woolworths.media/content/wowproductimages/large/321164.jpg",
    "source_id": "Woolworths - 321164",
    "barcode": "9345905010725",
    "shop": "Woolworths",
    "weight": "1L",
    "prices": [
      {
        "state": "QLD",
        "price": "375",
        "price_per_unit": "250",
        "price_unit": "L"
      },
      {
        "state": "WA",
        "price": "375",
        "price_per_unit": "250",
        "price_unit": "L"
      },
      {
        "state": "SA",
        "price": "375",
        "price_per_unit": "250",
        "price_unit": "L"
      },
      {
        "state": "TAS",
        "price": "375",
        "price_per_unit": "250",
        "price_unit": "L"
      },
      {
        "state": "ACT",
        "price": "375",
        "price_per_unit": "250",
        "price_unit": "L"
      },
      {
        "state": "NT",
        "price": "375",
        "price_per_unit": "250",
        "price_unit": "L"
      }
    ]
  },
  {
    "source_url": "https://www.woolworths.com.au/shop/productdetails/317821/p-n-tropical-crush-fruit-drink-poppers",
    "name": "P&N Tropical Crush Fruit Drink Poppers 250ml x 6 Pack",
    "image_url": "https://cdn1.woolworths.media/content/wowproductimages/large/317821.jpg",
    "source_id": "Woolworths - 317821",
    "barcode": "9345905010718",
    "shop": "Woolworths",
    "weight": "1L",
    "prices": [
      {
        "state": "QLD",
        "price": "375",
        "price_per_unit": "250",
        "price_unit": "L"
      },
      {
        "state": "WA",
        "price": "375",
        "price_per_unit": "250",
        "price_unit": "L"
      },
      {
        "state": "SA",
        "price": "375",
        "price_per_unit": "250",
        "price_unit": "L"
      },
      {
        "state": "TAS",
        "price": "375",
        "price_per_unit": "250",
        "price_unit": "L"
      },
      {
        "state": "ACT",
        "price": "375",
        "price_per_unit": "250",
        "price_unit": "L"
      },
      {
        "state": "NT",
        "price": "375",
        "price_per_unit": "250",
        "price_unit": "L"
      }
    ]
  },
  {
    "source_url": "https://www.woolworths.com.au/shop/productdetails/229753/pop-tops-fruit-drink-apple-blackcurrant-poppers-multipack-lunch-box",
    "name": "Pop Tops Fruit Drink Apple Blackcurrant Poppers Multipack Lunch Box 250ml x 6 Pack",
    "image_url": "https://cdn1.woolworths.media/content/wowproductimages/large/229753.jpg",
    "source_id": "Woolworths - 229753",
    "barcode": "9315626000381",
    "shop": "Woolworths",
    "weight": "1L",
    "prices": [
      {
        "state": "QLD",
        "price": "590",
        "price_per_unit": "393",
        "price_unit": "L"
      },
      {
        "state": "WA",
        "price": "590",
        "price_per_unit": "393",
        "price_unit": "L"
      },
      {
        "state": "SA",
        "price": "590",
        "price_per_unit": "393",
        "price_unit": "L"
      },
      {
        "state": "TAS",
        "price": "590",
        "price_per_unit": "393",
        "price_unit": "L"
      },
      {
        "state": "ACT",
        "price": "590",
        "price_per_unit": "393",
        "price_unit": "L"
      },
      {
        "state": "NT",
        "price": "630",
        "price_per_unit": "420",
        "price_unit": "L"
      }
    ]
  },
  {
    "source_url": "https://www.woolworths.com.au/shop/productdetails/315747/prima-apple-fruit-drink",
    "name": "Prima Apple Fruit Drink 6x200ml",
    "image_url": "https://cdn1.woolworths.media/content/wowproductimages/large/315747.jpg",
    "source_id": "Woolworths - 315747",
    "barcode": "9310113497606",
    "shop": "Woolworths",
    "weight": "1L",
    "prices": [
      {
        "state": "QLD",
        "price": "460",
        "price_per_unit": "383",
        "price_unit": "L"
      },
      {
        "state": "WA",
        "price": "460",
        "price_per_unit": "383",
        "price_unit": "L"
      },
      {
        "state": "SA",
        "price": "460",
        "price_per_unit": "383",
        "price_unit": "L"
      },
      {
        "state": "TAS",
        "price": "460",
        "price_per_unit": "383",
        "price_unit": "L"
      },
      {
        "state": "ACT",
        "price": "460",
        "price_per_unit": "383",
        "price_unit": "L"
      },
      {
        "state": "NT",
        "price": "460",
        "price_per_unit": "383",
        "price_unit": "L"
      }
    ]
  },
  {
    "source_url": "https://www.woolworths.com.au/shop/productdetails/315761/prima-orange-fruit-drink",
    "name": "Prima Orange Fruit Drink 6x200ml",
    "image_url": "https://cdn1.woolworths.media/content/wowproductimages/large/315761.jpg",
    "source_id": "Woolworths - 315761",
    "barcode": "9310113497637",
    "shop": "Woolworths",
    "weight": "1L",
    "prices": [
      {
        "state": "QLD",
        "price": "460",
        "price_per_unit": "383",
        "price_unit": "L"
      },
      {
        "state": "WA",
        "price": "460",
        "price_per_unit": "383",
        "price_unit": "L"
      },
      {
        "state": "SA",
        "price": "460",
        "price_per_unit": "383",
        "price_unit": "L"
      },
      {
        "state": "TAS",
        "price": "460",
        "price_per_unit": "383",
        "price_unit": "L"
      },
      {
        "state": "ACT",
        "price": "460",
        "price_per_unit": "383",
        "price_unit": "L"
      },
      {
        "state": "NT",
        "price": "460",
        "price_per_unit": "383",
        "price_unit": "L"
      }
    ]
  },
  {
    "source_url": "https://www.woolworths.com.au/shop/productdetails/315776/prima-tropical-fruit-drink",
    "name": "Prima Tropical Fruit Drink 6x200ml",
    "image_url": "https://cdn1.woolworths.media/content/wowproductimages/large/315776.jpg",
    "source_id": "Woolworths - 315776",
    "barcode": "9310113497668",
    "shop": "Woolworths",
    "weight": "1L",
    "prices": [
      {
        "state": "QLD",
        "price": "460",
        "price_per_unit": "383",
        "price_unit": "L"
      },
      {
        "state": "WA",
        "price": "460",
        "price_per_unit": "383",
        "price_unit": "L"
      },
      {
        "state": "SA",
        "price": "460",
        "price_per_unit": "383",
        "price_unit": "L"
      },
      {
        "state": "TAS",
        "price": "460",
        "price_per_unit": "383",
        "price_unit": "L"
      },
      {
        "state": "ACT",
        "price": "460",
        "price_per_unit": "383",
        "price_unit": "L"
      },
      {
        "state": "NT",
        "price": "460",
        "price_per_unit": "383",
        "price_unit": "L"
      }
    ]
  },
  {
    "source_url": "https://www.woolworths.com.au/shop/productdetails/194667/ribena-blackcurrant-drink",
    "name": "Ribena Blackcurrant Drink 6 Pack",
    "image_url": "https://cdn1.woolworths.media/content/wowproductimages/large/194667.jpg",
    "source_id": "Woolworths - 194667",
    "barcode": "9421903599315",
    "shop": "Woolworths",
    "weight": "1L",
    "prices": [
      {
        "state": "QLD",
        "price": "600",
        "price_per_unit": "400",
        "price_unit": "L"
      },
      {
        "state": "WA",
        "price": "600",
        "price_per_unit": "400",
        "price_unit": "L"
      },
      {
        "state": "SA",
        "price": "600",
        "price_per_unit": "400",
        "price_unit": "L"
      },
      {
        "state": "NT",
        "price": "600",
        "price_per_unit": "400",
        "price_unit": "L"
      }
    ]
  },
  {
    "source_url": "https://www.woolworths.com.au/shop/productdetails/135932/sunraysia-apple-mango-juice",
    "name": "Sunraysia Apple & Mango Juice 200ml",
    "image_url": "https://cdn1.woolworths.media/content/wowproductimages/large/135932.jpg",
    "source_id": "Woolworths - 135932",
    "barcode": "9310865610216",
    "shop": "Woolworths",
    "weight": "1L",
    "prices": [
      {
        "state": "QLD",
        "price": "150",
        "price_per_unit": "750",
        "price_unit": "L"
      },
      {
        "state": "WA",
        "price": "150",
        "price_per_unit": "750",
        "price_unit": "L"
      },
      {
        "state": "SA",
        "price": "140",
        "price_per_unit": "700",
        "price_unit": "L"
      },
      {
        "state": "TAS",
        "price": "150",
        "price_per_unit": "750",
        "price_unit": "L"
      },
      {
        "state": "ACT",
        "price": "150",
        "price_per_unit": "750",
        "price_unit": "L"
      },
      {
        "state": "NT",
        "price": "140",
        "price_per_unit": "700",
        "price_unit": "L"
      }
    ]
  },
  {
    "source_url": "https://www.woolworths.com.au/shop/productdetails/134830/sunraysia-apple-juice",
    "name": "Sunraysia Apple Juice 200ml",
    "image_url": "https://cdn1.woolworths.media/content/wowproductimages/large/134830.jpg",
    "source_id": "Woolworths - 134830",
    "barcode": "9310865610193",
    "shop": "Woolworths",
    "weight": "1L",
    "prices": [
      {
        "state": "QLD",
        "price": "150",
        "price_per_unit": "750",
        "price_unit": "L"
      },
      {
        "state": "WA",
        "price": "150",
        "price_per_unit": "750",
        "price_unit": "L"
      },
      {
        "state": "SA",
        "price": "140",
        "price_per_unit": "700",
        "price_unit": "L"
      },
      {
        "state": "TAS",
        "price": "150",
        "price_per_unit": "750",
        "price_unit": "L"
      },
      {
        "state": "ACT",
        "price": "150",
        "price_per_unit": "750",
        "price_unit": "L"
      },
      {
        "state": "NT",
        "price": "140",
        "price_per_unit": "700",
        "price_unit": "L"
      }
    ]
  },
  {
    "source_url": "https://www.woolworths.com.au/shop/productdetails/135920/sunraysia-tropical-juice",
    "name": "Sunraysia Tropical Juice 200ml",
    "image_url": "https://cdn1.woolworths.media/content/wowproductimages/large/135920.jpg",
    "source_id": "Woolworths - 135920",
    "barcode": "9310865610247",
    "shop": "Woolworths",
    "weight": "1L",
    "prices": [
      {
        "state": "QLD",
        "price": "150",
        "price_per_unit": "750",
        "price_unit": "L"
      },
      {
        "state": "WA",
        "price": "150",
        "price_per_unit": "750",
        "price_unit": "L"
      },
      {
        "state": "SA",
        "price": "140",
        "price_per_unit": "700",
        "price_unit": "L"
      },
      {
        "state": "ACT",
        "price": "150",
        "price_per_unit": "750",
        "price_unit": "L"
      },
      {
        "state": "NT",
        "price": "140",
        "price_per_unit": "700",
        "price_unit": "L"
      }
    ]
  },
  {
    "source_url": "https://www.woolworths.com.au/shop/productdetails/84266/woolworths-apple-raspberry-35-fruit-juice-multipack",
    "name": "Woolworths Apple Raspberry 35% Fruit Juice Multipack 250mL x 6 pack",
    "image_url": "https://cdn1.woolworths.media/content/wowproductimages/large/084266.jpg",
    "source_id": "Woolworths - 84266",
    "barcode": "9339687157914",
    "shop": "Woolworths",
    "weight": "1L",
    "prices": [
      {
        "state": "QLD",
        "price": "370",
        "price_per_unit": "247",
        "price_unit": "L"
      },
      {
        "state": "WA",
        "price": "370",
        "price_per_unit": "247",
        "price_unit": "L"
      },
      {
        "state": "SA",
        "price": "370",
        "price_per_unit": "247",
        "price_unit": "L"
      },
      {
        "state": "ACT",
        "price": "370",
        "price_per_unit": "247",
        "price_unit": "L"
      },
      {
        "state": "NT",
        "price": "370",
        "price_per_unit": "247",
        "price_unit": "L"
      }
    ]
  },
  {
    "source_url": "https://www.woolworths.com.au/shop/productdetails/503038/woolworths-fruit-drink-35-apple-juice-multipack",
    "name": "Woolworths Fruit Drink 35% Apple Juice Multipack 250mL x 6 pack",
    "image_url": "https://cdn1.woolworths.media/content/wowproductimages/large/503038.jpg",
    "source_id": "Woolworths - 503038",
    "barcode": "9300633541873",
    "shop": "Woolworths",
    "weight": "1L",
    "prices": [
      {
        "state": "QLD",
        "price": "370",
        "price_per_unit": "247",
        "price_unit": "L"
      },
      {
        "state": "WA",
        "price": "370",
        "price_per_unit": "247",
        "price_unit": "L"
      },
      {
        "state": "SA",
        "price": "370",
        "price_per_unit": "247",
        "price_unit": "L"
      },
      {
        "state": "ACT",
        "price": "370",
        "price_per_unit": "247",
        "price_unit": "L"
      },
      {
        "state": "NT",
        "price": "370",
        "price_per_unit": "247",
        "price_unit": "L"
      }
    ]
  },
  {
    "source_url": "https://www.woolworths.com.au/shop/productdetails/503110/woolworths-fruit-drink-35-orange-mango-juice-multipack",
    "name": "Woolworths Fruit Drink 35% Orange Mango Juice Multipack 250mL x 6 pack",
    "image_url": "https://cdn1.woolworths.media/content/wowproductimages/large/503110.jpg",
    "source_id": "Woolworths - 503110",
    "barcode": "9300633541897",
    "shop": "Woolworths",
    "weight": "1L",
    "prices": [
      {
        "state": "QLD",
        "price": "370",
        "price_per_unit": "247",
        "price_unit": "L"
      },
      {
        "state": "WA",
        "price": "370",
        "price_per_unit": "247",
        "price_unit": "L"
      },
      {
        "state": "SA",
        "price": "370",
        "price_per_unit": "247",
        "price_unit": "L"
      },
      {
        "state": "ACT",
        "price": "370",
        "price_per_unit": "247",
        "price_unit": "L"
      },
      {
        "state": "NT",
        "price": "370",
        "price_per_unit": "247",
        "price_unit": "L"
      }
    ]
  },
  {
    "source_url": "https://www.woolworths.com.au/shop/productdetails/729170/woolworths-orange-juice-multipack",
    "name": "Woolworths Orange Juice Multipack 250mL x 6 pack",
    "image_url": "https://cdn1.woolworths.media/content/wowproductimages/large/729170.jpg",
    "source_id": "Woolworths - 729170",
    "barcode": "9300633326760",
    "shop": "Woolworths",
    "weight": "1L",
    "prices": [
      {
        "state": "QLD",
        "price": "420",
        "price_per_unit": "280",
        "price_unit": "L"
      },
      {
        "state": "WA",
        "price": "420",
        "price_per_unit": "280",
        "price_unit": "L"
      },
      {
        "state": "SA",
        "price": "420",
        "price_per_unit": "280",
        "price_unit": "L"
      },
      {
        "state": "NT",
        "price": "420",
        "price_per_unit": "280",
        "price_unit": "L"
      }
    ]
  },
  {
    "source_url": "https://www.woolworths.com.au/shop/productdetails/469696/harvey-fresh-apple-blackcurrant-juice",
    "name": "Harvey Fresh Apple & Blackcurrant Juice 250ml x 6 Pack",
    "image_url": "https://cdn1.woolworths.media/content/wowproductimages/large/469696.jpg",
    "source_id": "Woolworths - 469696",
    "barcode": "9311697108872",
    "shop": "Woolworths",
    "weight": "1L",
    "prices": [
      {
        "state": "WA",
        "price": "650",
        "price_per_unit": "433",
        "price_unit": "L"
      }
    ]
  },
  {
    "source_url": "https://www.woolworths.com.au/shop/productdetails/482814/harvey-fresh-apple-juice",
    "name": "Harvey Fresh Apple Juice 250mL x 6 pack",
    "image_url": "https://cdn1.woolworths.media/content/wowproductimages/large/482814.jpg",
    "source_id": "Woolworths - 482814",
    "barcode": "9311697108179",
    "shop": "Woolworths",
    "weight": "1L",
    "prices": [
      {
        "state": "WA",
        "price": "650",
        "price_per_unit": "433",
        "price_unit": "L"
      }
    ]
  },
  {
    "source_url": "https://www.woolworths.com.au/shop/productdetails/482824/harvey-fresh-orange-juice",
    "name": "Harvey Fresh Orange Juice 250ml x 6 Pack",
    "image_url": "https://cdn1.woolworths.media/content/wowproductimages/large/482824.jpg",
    "source_id": "Woolworths - 482824",
    "barcode": "9311697108162",
    "shop": "Woolworths",
    "weight": "1L",
    "prices": [
      {
        "state": "WA",
        "price": "650",
        "price_per_unit": "433",
        "price_unit": "L"
      }
    ]
  },
  {
    "source_url": "https://www.woolworths.com.au/shop/productdetails/477442/golden-circle-apple-mango-juice-poppers-no-added-sugar-multipack-juice",
    "name": "Golden Circle Apple & Mango Juice Poppers No Added Sugar Multipack Juice 200ml x6 Pack",
    "image_url": "https://cdn1.woolworths.media/content/wowproductimages/large/477442.jpg",
    "source_id": "Woolworths - 477442",
    "barcode": "9310179191425",
    "shop": "Woolworths",
    "weight": "1L",
    "prices": [
      {
        "state": "SA",
        "price": "650",
        "price_per_unit": "542",
        "price_unit": "L"
      },
      {
        "state": "ACT",
        "price": "650",
        "price_per_unit": "542",
        "price_unit": "L"
      },
      {
        "state": "NT",
        "price": "650",
        "price_per_unit": "542",
        "price_unit": "L"
      }
    ]
  },
  {
    "source_url": "https://www.woolworths.com.au/shop/productdetails/49967/golden-circle-apple-raspberry-poppers-lunch-box-fruit-drink-multipack",
    "name": "Golden Circle Apple Raspberry Poppers Lunch Box Fruit Drink Multipack 250ml x6 Pack",
    "image_url": "https://cdn1.woolworths.media/content/wowproductimages/large/049967.jpg",
    "source_id": "Woolworths - 49967",
    "barcode": "9310179198349",
    "shop": "Woolworths",
    "weight": "1L",
    "prices": [
      {
        "state": "SA",
        "price": "400",
        "price_per_unit": "267",
        "price_unit": "L"
      },
      {
        "state": "ACT",
        "price": "400",
        "price_per_unit": "267",
        "price_unit": "L"
      },
      {
        "state": "NT",
        "price": "400",
        "price_per_unit": "267",
        "price_unit": "L"
      }
    ]
  },
  {
    "source_url": "https://www.woolworths.com.au/shop/productdetails/230136/golden-circle-berry-burst-refreshers-popper-low-sugar-flavoured-water",
    "name": "Golden Circle Berry Burst Refreshers Popper Low Sugar Flavoured Water 250ml x6 Pack",
    "image_url": "https://cdn1.woolworths.media/content/wowproductimages/large/230136.jpg",
    "source_id": "Woolworths - 230136",
    "barcode": "9310179190206",
    "shop": "Woolworths",
    "weight": "1L",
    "prices": [
      {
        "state": "SA",
        "price": "580",
        "price_per_unit": "387",
        "price_unit": "L"
      },
      {
        "state": "TAS",
        "price": "500",
        "price_per_unit": "333",
        "price_unit": "L"
      },
      {
        "state": "ACT",
        "price": "580",
        "price_per_unit": "387",
        "price_unit": "L"
      },
      {
        "state": "NT",
        "price": "580",
        "price_per_unit": "387",
        "price_unit": "L"
      }
    ]
  },
  {
    "source_url": "https://www.woolworths.com.au/shop/productdetails/555213/golden-circle-fruit-drinks-lunch-box-poppers-multipack-golden-pash",
    "name": "Golden Circle Fruit Drinks Lunch Box Poppers Multipack Golden Pash 250ml x24 Pack",
    "image_url": "https://cdn1.woolworths.media/content/wowproductimages/large/555213.jpg",
    "source_id": "Woolworths - 555213",
    "barcode": "9310179199728",
    "shop": "Woolworths",
    "weight": "1L",
    "prices": [
      {
        "state": "SA",
        "price": "1490",
        "price_per_unit": "248",
        "price_unit": "L"
      },
      {
        "state": "ACT",
        "price": "1490",
        "price_per_unit": "248",
        "price_unit": "L"
      },
      {
        "state": "NT",
        "price": "1490",
        "price_per_unit": "248",
        "price_unit": "L"
      }
    ]
  },
  {
    "source_url": "https://www.woolworths.com.au/shop/productdetails/700482/golden-circle-fruit-drinks-lunch-box-poppers-multipack-pineapple-burst",
    "name": "Golden Circle Fruit Drinks Lunch Box Poppers Multipack Pineapple Burst 250ml x6 Pack",
    "image_url": "https://cdn1.woolworths.media/content/wowproductimages/large/700482.jpg",
    "source_id": "Woolworths - 700482",
    "barcode": "9310179185455",
    "shop": "Woolworths",
    "weight": "1L",
    "prices": [
      {
        "state": "SA",
        "price": "400",
        "price_per_unit": "267",
        "price_unit": "L"
      },
      {
        "state": "ACT",
        "price": "400",
        "price_per_unit": "267",
        "price_unit": "L"
      },
      {
        "state": "NT",
        "price": "400",
        "price_per_unit": "267",
        "price_unit": "L"
      }
    ]
  },
  {
    "source_url": "https://www.woolworths.com.au/shop/productdetails/347239/golden-circle-refreshers-wild-waterfall-poppers",
    "name": "Golden Circle Refreshers Wild Waterfall Poppers 250ml x 6 Pack",
    "image_url": "https://cdn1.woolworths.media/content/wowproductimages/large/347239.jpg",
    "source_id": "Woolworths - 347239",
    "barcode": "9310179190244",
    "shop": "Woolworths",
    "weight": "1L",
    "prices": [
      {
        "state": "SA",
        "price": "580",
        "price_per_unit": "387",
        "price_unit": "L"
      },
      {
        "state": "ACT",
        "price": "580",
        "price_per_unit": "387",
        "price_unit": "L"
      },
      {
        "state": "NT",
        "price": "580",
        "price_per_unit": "387",
        "price_unit": "L"
      }
    ]
  },
  {
    "source_url": "https://www.woolworths.com.au/shop/productdetails/315797/just-juice-paradise-punch",
    "name": "Just Juice Paradise Punch 6x200ml",
    "image_url": "https://cdn1.woolworths.media/content/wowproductimages/large/315797.jpg",
    "source_id": "Woolworths - 315797",
    "barcode": "9310113497552",
    "shop": "Woolworths",
    "weight": "1L",
    "prices": [
      {
        "state": "SA",
        "price": "650",
        "price_per_unit": "542",
        "price_unit": "L"
      },
      {
        "state": "ACT",
        "price": "650",
        "price_per_unit": "542",
        "price_unit": "L"
      },
      {
        "state": "NT",
        "price": "650",
        "price_per_unit": "542",
        "price_unit": "L"
      }
    ]
  },
  {
    "source_url": "https://www.woolworths.com.au/shop/productdetails/320473/p-n-apple-crush-fruit-drink-poppers",
    "name": "P&N Apple Crush Fruit Drink Poppers 250ml x 6 Pack",
    "image_url": "https://cdn1.woolworths.media/content/wowproductimages/large/320473.jpg",
    "source_id": "Woolworths - 320473",
    "barcode": "9345905010701",
    "shop": "Woolworths",
    "weight": "1L",
    "prices": [
      {
        "state": "SA",
        "price": "375",
        "price_per_unit": "250",
        "price_unit": "L"
      },
      {
        "state": "TAS",
        "price": "375",
        "price_per_unit": "250",
        "price_unit": "L"
      },
      {
        "state": "ACT",
        "price": "375",
        "price_per_unit": "250",
        "price_unit": "L"
      },
      {
        "state": "NT",
        "price": "375",
        "price_per_unit": "250",
        "price_unit": "L"
      }
    ]
  },
  {
    "source_url": "https://www.woolworths.com.au/shop/productdetails/37861/prima-no-added-sugar-drink-apple-blackcurrant",
    "name": "Prima No Added Sugar Drink Apple Blackcurrant 6 x200ml",
    "image_url": "https://cdn1.woolworths.media/content/wowproductimages/large/037861.jpg",
    "source_id": "Woolworths - 37861",
    "barcode": "9310113903732",
    "shop": "Woolworths",
    "weight": "1L",
    "prices": [
      {
        "state": "SA",
        "price": "460",
        "price_per_unit": "383",
        "price_unit": "L"
      },
      {
        "state": "TAS",
        "price": "460",
        "price_per_unit": "383",
        "price_unit": "L"
      },
      {
        "state": "ACT",
        "price": "460",
        "price_per_unit": "383",
        "price_unit": "L"
      },
      {
        "state": "NT",
        "price": "460",
        "price_per_unit": "383",
        "price_unit": "L"
      }
    ]
  },
  {
    "source_url": "https://www.woolworths.com.au/shop/productdetails/37942/prima-no-added-sugar-drink-tropical",
    "name": "Prima No Added Sugar Drink Tropical 6 x200ml",
    "image_url": "https://cdn1.woolworths.media/content/wowproductimages/large/037942.jpg",
    "source_id": "Woolworths - 37942",
    "barcode": "9310113903725",
    "shop": "Woolworths",
    "weight": "1L",
    "prices": [
      {
        "state": "SA",
        "price": "460",
        "price_per_unit": "383",
        "price_unit": "L"
      },
      {
        "state": "TAS",
        "price": "460",
        "price_per_unit": "383",
        "price_unit": "L"
      },
      {
        "state": "ACT",
        "price": "460",
        "price_per_unit": "383",
        "price_unit": "L"
      },
      {
        "state": "NT",
        "price": "460",
        "price_per_unit": "383",
        "price_unit": "L"
      }
    ]
  }
]