[
  {
    "source_url": "https://www.woolworths.com.au/shop/productdetails/1074599673/a-w-root-beer-355ml-12-pack",
    "name": "A&W Root Beer 355ml 12 Pack",
    "image_url": "https://cdn1.woolworths.media/content/wowproductimages/large/1074599673.jpg",
    "source_id": "Woolworths - 1074599673",
    "barcode": "",
    "shop": "Woolworths",
    "weight": "1EA",
    "prices": [
      {
        "state": "NSW",
        "price": "3975",
        "price_per_unit": "331",
        "price_unit": "EA"
      },
      {
        "state": "VIC",
        "price": "3975",
        "price_per_unit": "331",
        "price_unit": "EA"
      },
      {
        "state": "QLD",
        "price": "3975",
        "price_per_unit": "331",
        "price_unit": "EA"
      },
      {
        "state": "WA",
        "price": "3975",
        "price_per_unit": "331",
        "price_unit": "EA"
      },
      {
        "state": "SA",
        "price": "3975",
        "price_per_unit": "331",
        "price_unit": "EA"
      },
      {
        "state": "TAS",
        "price": "3975",
        "price_per_unit": "331",
        "price_unit": "EA"
      },
      {
        "state": "ACT",
        "price": "3975",
        "price_per_unit": "331",
        "price_unit": "EA"
      },
      {
        "state": "NT",
        "price": "3975",
        "price_per_unit": "331",
        "price_unit": "EA"
      }
    ]
  },
  {
    "source_url": "https://www.woolworths.com.au/shop/productdetails/283456/asahi-beverages-pty-ltd-bubly-lime-sparkling-water-no-sugar-multipack-cans",
    "name": "Bubly Lime Sparkling Water No Sugar Multipack Cans 375ml x 8 Pack",
    "image_url": "https://cdn1.woolworths.media/content/wowproductimages/large/283456.jpg",
    "source_id": "Woolworths - 283456",
    "barcode": "9313820002828",
    "shop": "Woolworths",
    "weight": "1L",
    "prices": [
      {
        "state": "NSW",
        "price": "1650",
        "price_per_unit": "550",
        "price_unit": "L"
      },
      {
        "state": "VIC",
        "price": "1650",
        "price_per_unit": "550",
        "price_unit": "L"
      },
      {
        "state": "QLD",
        "price": "1650",
        "price_per_unit": "550",
        "price_unit": "L"
      },
      {
        "state": "WA",
        "price": "1650",
        "price_per_unit": "550",
        "price_unit": "L"
      },
      {
        "state": "SA",
        "price": "1650",
        "price_per_unit": "550",
        "price_unit": "L"
      },
      {
        "state": "TAS",
        "price": "1500",
        "price_per_unit": "500",
        "price_unit": "L"
      },
      {
        "state": "ACT",
        "price": "1650",
        "price_per_unit": "550",
        "price_unit": "L"
      },
      {
        "state": "NT",
        "price": "1650",
        "price_per_unit": "550",
        "price_unit": "L"
      }
    ]
  },
  {
    "source_url": "https://www.woolworths.com.au/shop/productdetails/280988/asahi-beverages-pty-ltd-bubly-raspberry-sparkling-water-no-sugar-multipack-cans",
    "name": "Bubly Raspberry Sparkling Water No Sugar Multipack Cans 375ml x 8 Pack",
    "image_url": "https://cdn1.woolworths.media/content/wowproductimages/large/280988.jpg",
    "source_id": "Woolworths - 280988",
    "barcode": "9313820002866",
    "shop": "Woolworths",
    "weight": "1L",
    "prices": [
      {
        "state": "NSW",
        "price": "1650",
        "price_per_unit": "550",
        "price_unit": "L"
      },
      {
        "state": "VIC",
        "price": "1650",
        "price_per_unit": "550",
        "price_unit": "L"
      },
      {
        "state": "QLD",
        "price": "1650",
        "price_per_unit": "550",
        "price_unit": "L"
      },
      {
        "state": "WA",
        "price": "1650",
        "price_per_unit": "550",
        "price_unit": "L"
      },
      {
        "state": "SA",
        "price": "1650",
        "price_per_unit": "550",
        "price_unit": "L"
      },
      {
        "state": "TAS",
        "price": "1500",
        "price_per_unit": "500",
        "price_unit": "L"
      },
      {
        "state": "ACT",
        "price": "1650",
        "price_per_unit": "550",
        "price_unit": "L"
      },
      {
        "state": "NT",
        "price": "1650",
        "price_per_unit": "550",
        "price_unit": "L"
      }
    ]
  },
  {
    "source_url": "https://www.woolworths.com.au/shop/productdetails/53114/bundaberg-ginger-beer-mini-can",
    "name": "Bundaberg Ginger Beer Mini Can 200ml x6 Pack",
    "image_url": "https://cdn1.woolworths.media/content/wowproductimages/large/053114.jpg",
    "source_id": "Woolworths - 53114",
    "barcode": "9311493003579",
    "shop": "Woolworths",
    "weight": "1L",
    "prices": [
      {
        "state": "NSW",
        "price": "595",
        "price_per_unit": "496",
        "price_unit": "L"
      },
      {
        "state": "VIC",
        "price": "595",
        "price_per_unit": "496",
        "price_unit": "L"
      },
      {
        "state": "QLD",
        "price": "595",
        "price_per_unit": "496",
        "price_unit": "L"
      },
      {
        "state": "WA",
        "price": "595",
        "price_per_unit": "496",
        "price_unit": "L"
      },
      {
        "state": "SA",
        "price": "595",
        "price_per_unit": "496",
        "price_unit": "L"
      },
      {
        "state": "TAS",
        "price": "545",
        "price_per_unit": "454",
        "price_unit": "L"
      },
      {
        "state": "ACT",
        "price": "595",
        "price_per_unit": "496",
        "price_unit": "L"
      },
      {
        "state": "NT",
        "price": "595",
        "price_per_unit": "496",
        "price_unit": "L"
      }
    ]
  },
  {
    "source_url": "https://www.woolworths.com.au/shop/productdetails/174297/bundaberg-mini-cans-lemon-lime-bitters",
    "name": "Bundaberg Mini Cans Lemon Lime Bitters 6 x 200ml",
    "image_url": "https://cdn1.woolworths.media/content/wowproductimages/large/174297.jpg",
    "source_id": "Woolworths - 174297",
    "barcode": "9311493004002",
    "shop": "Woolworths",
    "weight": "1L",
    "prices": [
      {
        "state": "NSW",
        "price": "595",
        "price_per_unit": "496",
        "price_unit": "L"
      },
      {
        "state": "VIC",
        "price": "595",
        "price_per_unit": "496",
        "price_unit": "L"
      },
      {
        "state": "QLD",
        "price": "595",
        "price_per_unit": "496",
        "price_unit": "L"
      },
      {
        "state": "WA",
        "price": "595",
        "price_per_unit": "496",
        "price_unit": "L"
      },
      {
        "state": "SA",
        "price": "595",
        "price_per_unit": "496",
        "price_unit": "L"
      },
      {
        "state": "TAS",
        "price": "545",
        "price_per_unit": "454",
        "price_unit": "L"
      },
      {
        "state": "ACT",
        "price": "595",
        "price_per_unit": "496",
        "price_unit": "L"
      },
      {
        "state": "NT",
        "price": "595",
        "price_per_unit": "496",
        "price_unit": "L"
      }
    ]
  },
  {
    "source_url": "https://www.woolworths.com.au/shop/productdetails/173945/bundaberg-passionfruit-sparkling-drink",
    "name": "Bundaberg Passionfruit Sparkling Drink 200ml x6 Pack",
    "image_url": "https://cdn1.woolworths.media/content/wowproductimages/large/173945.jpg",
    "source_id": "Woolworths - 173945",
    "barcode": "9311493003999",
    "shop": "Woolworths",
    "weight": "1L",
    "prices": [
      {
        "state": "NSW",
        "price": "595",
        "price_per_unit": "496",
        "price_unit": "L"
      },
      {
        "state": "VIC",
        "price": "595",
        "price_per_unit": "496",
        "price_unit": "L"
      },
      {
        "state": "QLD",
        "price": "595",
        "price_per_unit": "496",
        "price_unit": "L"
      },
      {
        "state": "WA",
        "price": "595",
        "price_per_unit": "496",
        "price_unit": "L"
      },
      {
        "state": "SA",
        "price": "595",
        "price_per_unit": "496",
        "price_unit": "L"
      },
      {
        "state": "TAS",
        "price": "545",
        "price_per_unit": "454",
        "price_unit": "L"
      },
      {
        "state": "ACT",
        "price": "595",
        "price_per_unit": "496",
        "price_unit": "L"
      },
      {
        "state": "NT",
        "price": "595",
        "price_per_unit": "496",
        "price_unit": "L"
      }
    ]
  },
  {
    "source_url": "https://www.woolworths.com.au/shop/productdetails/231302/bundaberg-pink-grapefruit-sparkling-drink",
    "name": "Bundaberg Pink Grapefruit Sparkling Drink 200ml x6 Pack",
    "image_url": "https://cdn1.woolworths.media/content/wowproductimages/large/231302.jpg",
    "source_id": "Woolworths - 231302",
    "barcode": "9311493004019",
    "shop": "Woolworths",
    "weight": "1L",
    "prices": [
      {
        "state": "NSW",
        "price": "595",
        "price_per_unit": "496",
        "price_unit": "L"
      },
      {
        "state": "VIC",
        "price": "595",
        "price_per_unit": "496",
        "price_unit": "L"
      },
      {
        "state": "QLD",
        "price": "595",
        "price_per_unit": "496",
        "price_unit": "L"
      },
      {
        "state": "WA",
        "price": "595",
        "price_per_unit": "496",
        "price_unit": "L"
      },
      {
        "state": "SA",
        "price": "595",
        "price_per_unit": "496",
        "price_unit": "L"
      },
      {
        "state": "TAS",
        "price": "545",
        "price_per_unit": "454",
        "price_unit": "L"
      },
      {
        "state": "ACT",
        "price": "595",
        "price_per_unit": "496",
        "price_unit": "L"
      },
      {
        "state": "NT",
        "price": "595",
        "price_per_unit": "496",
        "price_unit": "L"
      }
    ]
  },
  {
    "source_url": "https://www.woolworths.com.au/shop/productdetails/652009/bundaberg-tropical-mango-sparkling-drink",
    "name": "Bundaberg Tropical Mango Sparkling Drink 375ml x4 Pack",
    "image_url": "https://cdn1.woolworths.media/content/wowproductimages/large/652009.jpg",
    "source_id": "Woolworths - 652009",
    "barcode": "9311493003111",
    "shop": "Woolworths",
    "weight": "1L",
    "prices": [
      {
        "state": "NSW",
        "price": "595",
        "price_per_unit": "397",
        "price_unit": "L"
      },
      {
        "state": "VIC",
        "price": "587",
        "price_per_unit": "391",
        "price_unit": "L"
      },
      {
        "state": "QLD",
        "price": "595",
        "price_per_unit": "397",
        "price_unit": "L"
      },
      {
        "state": "WA",
        "price": "595",
        "price_per_unit": "397",
        "price_unit": "L"
      },
      {
        "state": "SA",
        "price": "595",
        "price_per_unit": "397",
        "price_unit": "L"
      },
      {
        "state": "TAS",
        "price": "539",
        "price_per_unit": "359",
        "price_unit": "L"
      },
      {
        "state": "ACT",
        "price": "595",
        "price_per_unit": "397",
        "price_unit": "L"
      },
      {
        "state": "NT",
        "price": "623",
        "price_per_unit": "415",
        "price_unit": "L"
      }
    ]
  },
  {
    "source_url": "https://www.woolworths.com.au/shop/productdetails/140640/coca-cola-caffeine-free-zero-sugar-soft-drink-multipack-cans",
    "name": "Coca-Cola Caffeine Free Zero Sugar Soft Drink Multipack Cans 10 x 375mL",
    "image_url": "https://cdn1.woolworths.media/content/wowproductimages/large/140640.jpg",
    "source_id": "Woolworths - 140640",
    "barcode": "9300675089845",
    "shop": "Woolworths",
    "weight": "1L",
    "prices": [
      {
        "state": "NSW",
        "price": "1140",
        "price_per_unit": "304",
        "price_unit": "L"
      },
      {
        "state": "VIC",
        "price": "1140",
        "price_per_unit": "304",
        "price_unit": "L"
      },
      {
        "state": "QLD",
        "price": "1140",
        "price_per_unit": "304",
        "price_unit": "L"
      },
      {
        "state": "WA",
        "price": "1140",
        "price_per_unit": "304",
        "price_unit": "L"
      },
      {
        "state": "SA",
        "price": "1140",
        "price_per_unit": "304",
        "price_unit": "L"
      },
      {
        "state": "TAS",
        "price": "1070",
        "price_per_unit": "285",
        "price_unit": "L"
      },
      {
        "state": "ACT",
        "price": "1140",
        "price_per_unit": "304",
        "price_unit": "L"
      },
      {
        "state": "NT",
        "price": "1190",
        "price_per_unit": "317",
        "price_unit": "L"
      }
    ]
  },
  {
    "source_url": "https://www.woolworths.com.au/shop/productdetails/93167/coca-cola-classic-soft-drink-bottle",
    "name": "Coca-Cola Classic Soft Drink Bottle 600ml",
    "image_url": "https://cdn1.woolworths.media/content/wowproductimages/large/093167.jpg",
    "source_id": "Woolworths - 93167",
    "barcode": "9300675009829",
    "shop": "Woolworths",
    "weight": "1L",
    "prices": [
      {
        "state": "NSW",
        "price": "425",
        "price_per_unit": "708",
        "price_unit": "L"
      },
      {
        "state": "VIC",
        "price": "425",
        "price_per_unit": "708",
        "price_unit": "L"
      },
      {
        "state": "QLD",
        "price": "425",
        "price_per_unit": "708",
        "price_unit": "L"
      },
      {
        "state": "WA",
        "price": "425",
        "price_per_unit": "708",
        "price_unit": "L"
      },
      {
        "state": "SA",
        "price": "425",
        "price_per_unit": "708",
        "price_unit": "L"
      },
      {
        "state": "TAS",
        "price": "395",
        "price_per_unit": "658",
        "price_unit": "L"
      },
      {
        "state": "ACT",
        "price": "425",
        "price_per_unit": "708",
        "price_unit": "L"
      },
      {
        "state": "NT",
        "price": "450",
        "price_per_unit": "750",
        "price_unit": "L"
      }
    ]
  },
  {
    "source_url": "https://www.woolworths.com.au/shop/productdetails/34691/coca-cola-classic-soft-drink-can",
    "name": "Coca-Cola Classic Soft Drink Can 375ml",
    "image_url": "https://cdn1.woolworths.media/content/wowproductimages/large/034691.jpg",
    "source_id": "Woolworths - 34691",
    "barcode": "9300675001410",
    "shop": "Woolworths",
    "weight": "1L",
    "prices": [
      {
        "state": "NSW",
        "price": "265",
        "price_per_unit": "707",
        "price_unit": "L"
      },
      {
        "state": "NT",
        "price": "250",
        "price_per_unit": "667",
        "price_unit": "L"
      }
    ]
  },
  {
    "source_url": "https://www.woolworths.com.au/shop/productdetails/792193/coca-cola-classic-soft-drink-mini-can-mini-can",
    "name": "Coca-Cola Classic Soft Drink Mini Can 250ml",
    "image_url": "https://cdn1.woolworths.media/content/wowproductimages/large/792193.jpg",
    "source_id": "Woolworths - 792193",
    "barcode": "9300675057899",
    "shop": "Woolworths",
    "weight": "1L",
    "prices": [
      {
        "state": "NSW",
        "price": "250",
        "price_per_unit": "1000",
        "price_unit": "L"
      },
      {
        "state": "VIC",
        "price": "250",
        "price_per_unit": "1000",
        "price_unit": "L"
      },
      {
        "state": "QLD",
        "price": "250",
        "price_per_unit": "1000",
        "price_unit": "L"
      },
      {
        "state": "WA",
        "price": "250",
        "price_per_unit": "1000",
        "price_unit": "L"
      },
      {
        "state": "SA",
        "price": "250",
        "price_per_unit": "1000",
        "price_unit": "L"
      },
      {
        "state": "TAS",
        "price": "235",
        "price_per_unit": "940",
        "price_unit": "L"
      },
      {
        "state": "ACT",
        "price": "250",
        "price_per_unit": "1000",
        "price_unit": "L"
      },
      {
        "state": "NT",
        "price": "265",
        "price_per_unit": "1060",
        "price_unit": "L"
      }
    ]
  },
  {
    "source_url": "https://www.woolworths.com.au/shop/productdetails/244370/coca-cola-classic-soft-drink-mini-cans",
    "name": "Coca-Cola Classic Soft Drink Mini Cans 250ml X 6 Pack",
    "image_url": "https://cdn1.woolworths.media/content/wowproductimages/large/244370.jpg",
    "source_id": "Woolworths - 244370",
    "barcode": "9300675090858",
    "shop": "Woolworths",
    "weight": "1L",
    "prices": [
      {
        "state": "NSW",
        "price": "965",
        "price_per_unit": "643",
        "price_unit": "L"
      },
      {
        "state": "VIC",
        "price": "965",
        "price_per_unit": "643",
        "price_unit": "L"
      },
      {
        "state": "QLD",
        "price": "965",
        "price_per_unit": "643",
        "price_unit": "L"
      },
      {
        "state": "WA",
        "price": "965",
        "price_per_unit": "643",
        "price_unit": "L"
      },
      {
        "state": "SA",
        "price": "965",
        "price_per_unit": "643",
        "price_unit": "L"
      },
      {
        "state": "TAS",
        "price": "905",
        "price_per_unit": "603",
        "price_unit": "L"
      },
      {
        "state": "ACT",
        "price": "965",
        "price_per_unit": "643",
        "price_unit": "L"
      },
      {
        "state": "NT",
        "price": "1015",
        "price_per_unit": "677",
        "price_unit": "L"
      }
    ]
  },
  {
    "source_url": "https://www.woolworths.com.au/shop/productdetails/793315/coca-cola-classic-soft-drink-multipack-cans",
    "name": "Coca-Cola Classic Soft Drink Multipack Cans 375ml X 10 Pack",
    "image_url": "https://cdn1.woolworths.media/content/wowproductimages/large/793315.jpg",
    "source_id": "Woolworths - 793315",
    "barcode": "9300675014779",
    "shop": "Woolworths",
    "weight": "1L",
    "prices": [
      {
        "state": "NSW",
        "price": "1140",
        "price_per_unit": "304",
        "price_unit": "L"
      },
      {
        "state": "VIC",
        "price": "1140",
        "price_per_unit": "304",
        "price_unit": "L"
      },
      {
        "state": "QLD",
        "price": "1140",
        "price_per_unit": "304",
        "price_unit": "L"
      },
      {
        "state": "WA",
        "price": "1140",
        "price_per_unit": "304",
        "price_unit": "L"
      },
      {
        "state": "SA",
        "price": "1140",
        "price_per_unit": "304",
        "price_unit": "L"
      },
      {
        "state": "TAS",
        "price": "1070",
        "price_per_unit": "285",
        "price_unit": "L"
      },
      {
        "state": "ACT",
        "price": "1140",
        "price_per_unit": "304",
        "price_unit": "L"
      },
      {
        "state": "NT",
        "price": "1190",
        "price_per_unit": "317",
        "price_unit": "L"
      }
    ]
  },
  {
    "source_url": "https://www.woolworths.com.au/shop/productdetails/84552/coca-cola-classic-soft-drink-multipack-cans",
    "name": "Coca-Cola Classic Soft Drink Multipack Cans 375ml X 30 Pack",
    "image_url": "https://cdn1.woolworths.media/content/wowproductimages/large/084552.jpg",
    "source_id": "Woolworths - 84552",
    "barcode": "9300675012089",
    "shop": "Woolworths",
    "weight": "1L",
    "prices": [
      {
        "state": "NSW",
        "price": "2830",
        "price_per_unit": "252",
        "price_unit": "L"
      },
      {
        "state": "VIC",
        "price": "2830",
        "price_per_unit": "252",
        "price_unit": "L"
      },
      {
        "state": "QLD",
        "price": "2830",
        "price_per_unit": "252",
        "price_unit": "L"
      },
      {
        "state": "WA",
        "price": "2830",
        "price_per_unit": "252",
        "price_unit": "L"
      },
      {
        "state": "SA",
        "price": "2830",
        "price_per_unit": "252",
        "price_unit": "L"
      },
      {
        "state": "TAS",
        "price": "2630",
        "price_per_unit": "234",
        "price_unit": "L"
      },
      {
        "state": "ACT",
        "price": "2830",
        "price_per_unit": "252",
        "price_unit": "L"
      },
      {
        "state": "NT",
        "price": "2975",
        "price_per_unit": "264",
        "price_unit": "L"
      }
    ]
  },
  {
    "source_url": "https://www.woolworths.com.au/shop/productdetails/93166/coca-cola-diet-soft-drink-bottle-bottle",
    "name": "Coca-Cola Diet Soft Drink Bottle 600ml",
    "image_url": "https://cdn1.woolworths.media/content/wowproductimages/large/093166.jpg",
    "source_id": "Woolworths - 93166",
    "barcode": "9300675009775",
    "shop": "Woolworths",
    "weight": "1L",
    "prices": [
      {
        "state": "NSW",
        "price": "425",
        "price_per_unit": "708",
        "price_unit": "L"
      },
      {
        "state": "VIC",
        "price": "425",
        "price_per_unit": "708",
        "price_unit": "L"
      },
      {
        "state": "QLD",
        "price": "425",
        "price_per_unit": "708",
        "price_unit": "L"
      },
      {
        "state": "WA",
        "price": "425",
        "price_per_unit": "708",
        "price_unit": "L"
      },
      {
        "state": "SA",
        "price": "425",
        "price_per_unit": "708",
        "price_unit": "L"
      },
      {
        "state": "TAS",
        "price": "395",
        "price_per_unit": "658",
        "price_unit": "L"
      },
      {
        "state": "ACT",
        "price": "425",
        "price_per_unit": "708",
        "price_unit": "L"
      },
      {
        "state": "NT",
        "price": "450",
        "price_per_unit": "750",
        "price_unit": "L"
      }
    ]
  },
  {
    "source_url": "https://www.woolworths.com.au/shop/productdetails/800564/coca-cola-diet-soft-drink-can",
    "name": "Coca-Cola Diet Soft Drink Can 250mL",
    "image_url": "https://cdn1.woolworths.media/content/wowproductimages/large/800564.jpg",
    "source_id": "Woolworths - 800564",
    "barcode": "9300675057936",
    "shop": "Woolworths",
    "weight": "1L",
    "prices": [
      {
        "state": "NSW",
        "price": "250",
        "price_per_unit": "1000",
        "price_unit": "L"
      },
      {
        "state": "VIC",
        "price": "250",
        "price_per_unit": "1000",
        "price_unit": "L"
      },
      {
        "state": "QLD",
        "price": "250",
        "price_per_unit": "1000",
        "price_unit": "L"
      },
      {
        "state": "WA",
        "price": "250",
        "price_per_unit": "1000",
        "price_unit": "L"
      },
      {
        "state": "SA",
        "price": "250",
        "price_per_unit": "1000",
        "price_unit": "L"
      },
      {
        "state": "TAS",
        "price": "235",
        "price_per_unit": "940",
        "price_unit": "L"
      },
      {
        "state": "ACT",
        "price": "250",
        "price_per_unit": "1000",
        "price_unit": "L"
      },
      {
        "state": "NT",
        "price": "265",
        "price_per_unit": "1060",
        "price_unit": "L"
      }
    ]
  },
  {
    "source_url": "https://www.woolworths.com.au/shop/productdetails/94541/coca-cola-diet-soft-drink-can-can",
    "name": "Coca-Cola Diet Soft Drink Can 375ml",
    "image_url": "https://cdn1.woolworths.media/content/wowproductimages/large/094541.jpg",
    "source_id": "Woolworths - 94541",
    "barcode": "9300675011419",
    "shop": "Woolworths",
    "weight": "1L",
    "prices": [
      {
        "state": "SA",
        "price": "250",
        "price_per_unit": "667",
        "price_unit": "L"
      }
    ]
  },
  {
    "source_url": "https://www.woolworths.com.au/shop/productdetails/245582/coca-cola-diet-soft-drink-mini-cans",
    "name": "Coca-Cola Diet Soft Drink Mini Cans 250ml X 6 Pack",
    "image_url": "https://cdn1.woolworths.media/content/wowproductimages/large/245582.jpg",
    "source_id": "Woolworths - 245582",
    "barcode": "9300675090872",
    "shop": "Woolworths",
    "weight": "1L",
    "prices": [
      {
        "state": "NSW",
        "price": "965",
        "price_per_unit": "643",
        "price_unit": "L"
      },
      {
        "state": "VIC",
        "price": "965",
        "price_per_unit": "643",
        "price_unit": "L"
      },
      {
        "state": "QLD",
        "price": "965",
        "price_per_unit": "643",
        "price_unit": "L"
      },
      {
        "state": "WA",
        "price": "965",
        "price_per_unit": "643",
        "price_unit": "L"
      },
      {
        "state": "SA",
        "price": "965",
        "price_per_unit": "643",
        "price_unit": "L"
      },
      {
        "state": "TAS",
        "price": "905",
        "price_per_unit": "603",
        "price_unit": "L"
      },
      {
        "state": "ACT",
        "price": "965",
        "price_per_unit": "643",
        "price_unit": "L"
      },
      {
        "state": "NT",
        "price": "1015",
        "price_per_unit": "677",
        "price_unit": "L"
      }
    ]
  },
  {
    "source_url": "https://www.woolworths.com.au/shop/productdetails/63800/coca-cola-mini-classic-cans-value",
    "name": "Coca-Cola Mini Classic Cans Value 250mL x 20 pack",
    "image_url": "https://cdn1.woolworths.media/content/wowproductimages/large/063800.jpg",
    "source_id": "Woolworths - 63800",
    "barcode": "9300675096638",
    "shop": "Woolworths",
    "weight": "1L",
    "prices": [
      {
        "state": "NSW",
        "price": "1500",
        "price_per_unit": "300",
        "price_unit": "L"
      },
      {
        "state": "VIC",
        "price": "1500",
        "price_per_unit": "300",
        "price_unit": "L"
      },
      {
        "state": "QLD",
        "price": "1500",
        "price_per_unit": "300",
        "price_unit": "L"
      },
      {
        "state": "WA",
        "price": "1500",
        "price_per_unit": "300",
        "price_unit": "L"
      },
      {
        "state": "TAS",
        "price": "1370",
        "price_per_unit": "274",
        "price_unit": "L"
      },
      {
        "state": "ACT",
        "price": "1500",
        "price_per_unit": "300",
        "price_unit": "L"
      },
      {
        "state": "NT",
        "price": "1575",
        "price_per_unit": "315",
        "price_unit": "L"
      }
    ]
  },
  {
    "source_url": "https://www.woolworths.com.au/shop/productdetails/71222/coca-cola-mini-zero-sugar-cans-value",
    "name": "Coca-Cola Mini Zero Sugar Cans Value 250mL x 20 pack",
    "image_url": "https://cdn1.woolworths.media/content/wowproductimages/large/071222.jpg",
    "source_id": "Woolworths - 71222",
    "barcode": "9300675096645",
    "shop": "Woolworths",
    "weight": "1L",
    "prices": [
      {
        "state": "NSW",
        "price": "1500",
        "price_per_unit": "300",
        "price_unit": "L"
      },
      {
        "state": "VIC",
        "price": "1500",
        "price_per_unit": "300",
        "price_unit": "L"
      },
      {
        "state": "QLD",
        "price": "1500",
        "price_per_unit": "300",
        "price_unit": "L"
      },
      {
        "state": "WA",
        "price": "1500",
        "price_per_unit": "300",
        "price_unit": "L"
      },
      {
        "state": "TAS",
        "price": "1370",
        "price_per_unit": "274",
        "price_unit": "L"
      },
      {
        "state": "ACT",
        "price": "1500",
        "price_per_unit": "300",
        "price_unit": "L"
      }
    ]
  },
  {
    "source_url": "https://www.woolworths.com.au/shop/productdetails/408346/coca-cola-mini-zero-sugar-zero-caffeine",
    "name": "Coca-Cola Mini Zero Sugar Zero Caffeine 250ml x 6 Pack",
    "image_url": "https://cdn1.woolworths.media/content/wowproductimages/large/408346.jpg",
    "source_id": "Woolworths - 408346",
    "barcode": "9300675094504",
    "shop": "Woolworths",
    "weight": "1L",
    "prices": [
      {
        "state": "NSW",
        "price": "965",
        "price_per_unit": "643",
        "price_unit": "L"
      },
      {
        "state": "VIC",
        "price": "965",
        "price_per_unit": "643",
        "price_unit": "L"
      },
      {
        "state": "QLD",
        "price": "965",
        "price_per_unit": "643",
        "price_unit": "L"
      },
      {
        "state": "WA",
        "price": "965",
        "price_per_unit": "643",
        "price_unit": "L"
      },
      {
        "state": "SA",
        "price": "965",
        "price_per_unit": "643",
        "price_unit": "L"
      },
      {
        "state": "TAS",
        "price": "905",
        "price_per_unit": "603",
        "price_unit": "L"
      },
      {
        "state": "ACT",
        "price": "965",
        "price_per_unit": "643",
        "price_unit": "L"
      },
      {
        "state": "NT",
        "price": "1015",
        "price_per_unit": "677",
        "price_unit": "L"
      }
    ]
  },
  {
    "source_url": "https://www.woolworths.com.au/shop/productdetails/623069/coca-cola-zero-sugar-soft-drink-mini-can",
    "name": "Coca-Cola Zero Sugar Soft Drink Mini Can 250mL",
    "image_url": "https://cdn1.woolworths.media/content/wowproductimages/large/623069.jpg",
    "source_id": "Woolworths - 623069",
    "barcode": "9300675079587",
    "shop": "Woolworths",
    "weight": "1L",
    "prices": [
      {
        "state": "NSW",
        "price": "250",
        "price_per_unit": "1000",
        "price_unit": "L"
      },
      {
        "state": "VIC",
        "price": "250",
        "price_per_unit": "1000",
        "price_unit": "L"
      },
      {
        "state": "QLD",
        "price": "250",
        "price_per_unit": "1000",
        "price_unit": "L"
      },
      {
        "state": "WA",
        "price": "250",
        "price_per_unit": "1000",
        "price_unit": "L"
      },
      {
        "state": "SA",
        "price": "250",
        "price_per_unit": "1000",
        "price_unit": "L"
      },
      {
        "state": "TAS",
        "price": "235",
        "price_per_unit": "940",
        "price_unit": "L"
      },
      {
        "state": "ACT",
        "price": "250",
        "price_per_unit": "1000",
        "price_unit": "L"
      },
      {
        "state": "NT",
        "price": "265",
        "price_per_unit": "1060",
        "price_unit": "L"
      }
    ]
  },
  {
    "source_url": "https://www.woolworths.com.au/shop/productdetails/243760/coca-cola-zero-sugar-soft-drink-mini-cans",
    "name": "Coca-Cola Zero Sugar Soft Drink Mini Cans 6 x 250ml",
    "image_url": "https://cdn1.woolworths.media/content/wowproductimages/large/243760.jpg",
    "source_id": "Woolworths - 243760",
    "barcode": "9300675090865",
    "shop": "Woolworths",
    "weight": "1L",
    "prices": [
      {
        "state": "NSW",
        "price": "965",
        "price_per_unit": "643",
        "price_unit": "L"
      },
      {
        "state": "VIC",
        "price": "965",
        "price_per_unit": "643",
        "price_unit": "L"
      },
      {
        "state": "QLD",
        "price": "965",
        "price_per_unit": "643",
        "price_unit": "L"
      },
      {
        "state": "WA",
        "price": "965",
        "price_per_unit": "643",
        "price_unit": "L"
      },
      {
        "state": "SA",
        "price": "965",
        "price_per_unit": "643",
        "price_unit": "L"
      },
      {
        "state": "TAS",
        "price": "905",
        "price_per_unit": "603",
        "price_unit": "L"
      },
      {
        "state": "ACT",
        "price": "965",
        "price_per_unit": "643",
        "price_unit": "L"
      },
      {
        "state": "NT",
        "price": "1015",
        "price_per_unit": "677",
        "price_unit": "L"
      }
    ]
  },
  {
    "source_url": "https://www.woolworths.com.au/shop/productdetails/669379/coca-cola-zero-sugar-soft-drink-multipack-cans",
    "name": "Coca-Cola Zero Sugar Soft Drink Multipack Cans 10 x 375mL",
    "image_url": "https://cdn1.woolworths.media/content/wowproductimages/large/669379.jpg",
    "source_id": "Woolworths - 669379",
    "barcode": "9300675079686",
    "shop": "Woolworths",
    "weight": "1L",
    "prices": [
      {
        "state": "NSW",
        "price": "1140",
        "price_per_unit": "304",
        "price_unit": "L"
      },
      {
        "state": "VIC",
        "price": "1140",
        "price_per_unit": "304",
        "price_unit": "L"
      },
      {
        "state": "QLD",
        "price": "1140",
        "price_per_unit": "304",
        "price_unit": "L"
      },
      {
        "state": "WA",
        "price": "1140",
        "price_per_unit": "304",
        "price_unit": "L"
      },
      {
        "state": "SA",
        "price": "1140",
        "price_per_unit": "304",
        "price_unit": "L"
      },
      {
        "state": "TAS",
        "price": "1070",
        "price_per_unit": "285",
        "price_unit": "L"
      },
      {
        "state": "ACT",
        "price": "1140",
        "price_per_unit": "304",
        "price_unit": "L"
      },
      {
        "state": "NT",
        "price": "1190",
        "price_per_unit": "317",
        "price_unit": "L"
      }
    ]
  },
  {
    "source_url": "https://www.woolworths.com.au/shop/productdetails/679121/coca-cola-zero-sugar-soft-drink-multipack-cans",
    "name": "Coca-Cola Zero Sugar Soft Drink Multipack Cans 30 x 375mL",
    "image_url": "https://cdn1.woolworths.media/content/wowproductimages/large/679121.jpg",
    "source_id": "Woolworths - 679121",
    "barcode": "9300675079716",
    "shop": "Woolworths",
    "weight": "1L",
    "prices": [
      {
        "state": "NSW",
        "price": "2830",
        "price_per_unit": "252",
        "price_unit": "L"
      },
      {
        "state": "VIC",
        "price": "2830",
        "price_per_unit": "252",
        "price_unit": "L"
      },
      {
        "state": "QLD",
        "price": "2830",
        "price_per_unit": "252",
        "price_unit": "L"
      },
      {
        "state": "WA",
        "price": "2830",
        "price_per_unit": "252",
        "price_unit": "L"
      },
      {
        "state": "SA",
        "price": "2830",
        "price_per_unit": "252",
        "price_unit": "L"
      },
      {
        "state": "TAS",
        "price": "2630",
        "price_per_unit": "234",
        "price_unit": "L"
      },
      {
        "state": "ACT",
        "price": "2830",
        "price_per_unit": "252",
        "price_unit": "L"
      },
      {
        "state": "NT",
        "price": "2975",
        "price_per_unit": "264",
        "price_unit": "L"
      }
    ]
  },
  {
    "source_url": "https://www.woolworths.com.au/shop/productdetails/1074731372/etch-sparkling-rng-orange-quandong-12-x-330ml",
    "name": "Etch Sparkling RNG Orange & Quandong - 12 x 330ml",
    "image_url": "https://cdn1.woolworths.media/content/wowproductimages/large/1074731372.jpg",
    "source_id": "Woolworths - 1074731372",
    "barcode": "",
    "shop": "Woolworths",
    "weight": "1EA",
    "prices": [
      {
        "state": "NSW",
        "price": "5000",
        "price_per_unit": "417",
        "price_unit": "EA"
      },
      {
        "state": "VIC",
        "price": "5000",
        "price_per_unit": "417",
        "price_unit": "EA"
      },
      {
        "state": "QLD",
        "price": "5000",
        "price_per_unit": "417",
        "price_unit": "EA"
      },
      {
        "state": "WA",
        "price": "5000",
        "price_per_unit": "417",
        "price_unit": "EA"
      },
      {
        "state": "SA",
        "price": "5000",
        "price_per_unit": "417",
        "price_unit": "EA"
      },
      {
        "state": "TAS",
        "price": "5000",
        "price_per_unit": "417",
        "price_unit": "EA"
      },
      {
        "state": "ACT",
        "price": "5000",
        "price_per_unit": "417",
        "price_unit": "EA"
      },
      {
        "state": "NT",
        "price": "5000",
        "price_per_unit": "417",
        "price_unit": "EA"
      }
    ]
  },
  {
    "source_url": "https://www.woolworths.com.au/shop/productdetails/1073903222/famous-soda-co-blood-orange-soda-24-pack-x-250ml-cans",
    "name": "Famous Soda Co Blood Orange Soda 24 Pack x 250ml Cans",
    "image_url": "https://cdn1.woolworths.media/content/wowproductimages/large/1073903222.jpg",
    "source_id": "Woolworths - 1073903222",
    "barcode": "",
    "shop": "Woolworths",
    "weight": "1L",
    "prices": [
      {
        "state": "NSW",
        "price": "5800",
        "price_per_unit": "967",
        "price_unit": "L"
      },
      {
        "state": "VIC",
        "price": "5800",
        "price_per_unit": "967",
        "price_unit": "L"
      },
      {
        "state": "QLD",
        "price": "5800",
        "price_per_unit": "967",
        "price_unit": "L"
      },
      {
        "state": "WA",
        "price": "5800",
        "price_per_unit": "967",
        "price_unit": "L"
      },
      {
        "state": "SA",
        "price": "5800",
        "price_per_unit": "967",
        "price_unit": "L"
      },
      {
        "state": "TAS",
        "price": "5800",
        "price_per_unit": "967",
        "price_unit": "L"
      },
      {
        "state": "ACT",
        "price": "5800",
        "price_per_unit": "967",
        "price_unit": "L"
      },
      {
        "state": "NT",
        "price": "5800",
        "price_per_unit": "967",
        "price_unit": "L"
      }
    ]
  },
  {
    "source_url": "https://www.woolworths.com.au/shop/productdetails/1073903220/famous-soda-co-passionfruit-soda-24-pack-x-250ml-cans",
    "name": "Famous Soda Co Passionfruit Soda 24 Pack x 250ml Cans",
    "image_url": "https://cdn1.woolworths.media/content/wowproductimages/large/1073903220.jpg",
    "source_id": "Woolworths - 1073903220",
    "barcode": "",
    "shop": "Woolworths",
    "weight": "1L",
    "prices": [
      {
        "state": "NSW",
        "price": "5800",
        "price_per_unit": "967",
        "price_unit": "L"
      },
      {
        "state": "VIC",
        "price": "5800",
        "price_per_unit": "967",
        "price_unit": "L"
      },
      {
        "state": "QLD",
        "price": "5800",
        "price_per_unit": "967",
        "price_unit": "L"
      },
      {
        "state": "WA",
        "price": "5800",
        "price_per_unit": "967",
        "price_unit": "L"
      },
      {
        "state": "SA",
        "price": "5800",
        "price_per_unit": "967",
        "price_unit": "L"
      },
      {
        "state": "TAS",
        "price": "5800",
        "price_per_unit": "967",
        "price_unit": "L"
      },
      {
        "state": "ACT",
        "price": "5800",
        "price_per_unit": "967",
        "price_unit": "L"
      },
      {
        "state": "NT",
        "price": "5800",
        "price_per_unit": "967",
        "price_unit": "L"
      }
    ]
  },
  {
    "source_url": "https://www.woolworths.com.au/shop/productdetails/1073903221/famous-soda-co-pink-lemonade-24-pack-x-250ml",
    "name": "Famous Soda Co Pink Lemonade 24 Pack x 250ml",
    "image_url": "https://cdn1.woolworths.media/content/wowproductimages/large/1073903221.jpg",
    "source_id": "Woolworths - 1073903221",
    "barcode": "",
    "shop": "Woolworths",
    "weight": "1L",
    "prices": [
      {
        "state": "NSW",
        "price": "5800",
        "price_per_unit": "967",
        "price_unit": "L"
      },
      {
        "state": "VIC",
        "price": "5800",
        "price_per_unit": "967",
        "price_unit": "L"
      },
      {
        "state": "QLD",
        "price": "5800",
        "price_per_unit": "967",
        "price_unit": "L"
      },
      {
        "state": "WA",
        "price": "5800",
        "price_per_unit": "967",
        "price_unit": "L"
      },
      {
        "state": "SA",
        "price": "5800",
        "price_per_unit": "967",
        "price_unit": "L"
      },
      {
        "state": "TAS",
        "price": "5800",
        "price_per_unit": "967",
        "price_unit": "L"
      },
      {
        "state": "ACT",
        "price": "5800",
        "price_per_unit": "967",
        "price_unit": "L"
      },
      {
        "state": "NT",
        "price": "5800",
        "price_per_unit": "967",
        "price_unit": "L"
      }
    ]
  },
  {
    "source_url": "https://www.woolworths.com.au/shop/productdetails/25832/fanta-orange-soft-drink-can",
    "name": "Fanta Orange Soft Drink Can 250ml",
    "image_url": "https://cdn1.woolworths.media/content/wowproductimages/large/025832.jpg",
    "source_id": "Woolworths - 25832",
    "barcode": "9300675057974",
    "shop": "Woolworths",
    "weight": "1L",
    "prices": [
      {
        "state": "NSW",
        "price": "250",
        "price_per_unit": "1000",
        "price_unit": "L"
      },
      {
        "state": "VIC",
        "price": "250",
        "price_per_unit": "1000",
        "price_unit": "L"
      },
      {
        "state": "QLD",
        "price": "250",
        "price_per_unit": "1000",
        "price_unit": "L"
      },
      {
        "state": "WA",
        "price": "250",
        "price_per_unit": "1000",
        "price_unit": "L"
      },
      {
        "state": "SA",
        "price": "250",
        "price_per_unit": "1000",
        "price_unit": "L"
      },
      {
        "state": "ACT",
        "price": "250",
        "price_per_unit": "1000",
        "price_unit": "L"
      },
      {
        "state": "NT",
        "price": "265",
        "price_per_unit": "1060",
        "price_unit": "L"
      }
    ]
  },
  {
    "source_url": "https://www.woolworths.com.au/shop/productdetails/245069/fanta-orange-soft-drink-mini-cans",
    "name": "Fanta Orange Soft Drink Mini Cans 250ml x 6 Pack",
    "image_url": "https://cdn1.woolworths.media/content/wowproductimages/large/245069.jpg",
    "source_id": "Woolworths - 245069",
    "barcode": "9300675090896",
    "shop": "Woolworths",
    "weight": "1L",
    "prices": [
      {
        "state": "NSW",
        "price": "965",
        "price_per_unit": "643",
        "price_unit": "L"
      },
      {
        "state": "QLD",
        "price": "965",
        "price_per_unit": "643",
        "price_unit": "L"
      },
      {
        "state": "WA",
        "price": "965",
        "price_per_unit": "643",
        "price_unit": "L"
      },
      {
        "state": "SA",
        "price": "965",
        "price_per_unit": "643",
        "price_unit": "L"
      },
      {
        "state": "ACT",
        "price": "965",
        "price_per_unit": "643",
        "price_unit": "L"
      },
      {
        "state": "NT",
        "price": "1015",
        "price_per_unit": "677",
        "price_unit": "L"
      }
    ]
  },
  {
    "source_url": "https://www.woolworths.com.au/shop/productdetails/244886/fanta-orange-zero-sugar-soft-drink-mini-cans",
    "name": "Fanta Orange Zero Sugar Soft Drink Mini Cans 250ml x 6 Pack",
    "image_url": "https://cdn1.woolworths.media/content/wowproductimages/large/244886.jpg",
    "source_id": "Woolworths - 244886",
    "barcode": "9300675090902",
    "shop": "Woolworths",
    "weight": "1L",
    "prices": [
      {
        "state": "NSW",
        "price": "965",
        "price_per_unit": "643",
        "price_unit": "L"
      },
      {
        "state": "VIC",
        "price": "965",
        "price_per_unit": "643",
        "price_unit": "L"
      },
      {
        "state": "QLD",
        "price": "965",
        "price_per_unit": "643",
        "price_unit": "L"
      },
      {
        "state": "WA",
        "price": "965",
        "price_per_unit": "643",
        "price_unit": "L"
      },
      {
        "state": "SA",
        "price": "965",
        "price_per_unit": "643",
        "price_unit": "L"
      },
      {
        "state": "TAS",
        "price": "905",
        "price_per_unit": "603",
        "price_unit": "L"
      },
      {
        "state": "NT",
        "price": "1015",
        "price_per_unit": "677",
        "price_unit": "L"
      }
    ]
  },
  {
    "source_url": "https://www.woolworths.com.au/shop/productdetails/243692/fanta-raspberry-zero-sugar-soft-drink-mini-cans",
    "name": "Fanta Raspberry Zero Sugar Soft Drink Mini Cans 250ml x 6 Pack",
    "image_url": "https://cdn1.woolworths.media/content/wowproductimages/large/243692.jpg",
    "source_id": "Woolworths - 243692",
    "barcode": "9300675093132",
    "shop": "Woolworths",
    "weight": "1L",
    "prices": [
      {
        "state": "NSW",
        "price": "965",
        "price_per_unit": "643",
        "price_unit": "L"
      },
      {
        "state": "VIC",
        "price": "965",
        "price_per_unit": "643",
        "price_unit": "L"
      },
      {
        "state": "QLD",
        "price": "965",
        "price_per_unit": "643",
        "price_unit": "L"
      },
      {
        "state": "WA",
        "price": "965",
        "price_per_unit": "643",
        "price_unit": "L"
      },
      {
        "state": "SA",
        "price": "965",
        "price_per_unit": "643",
        "price_unit": "L"
      },
      {
        "state": "ACT",
        "price": "965",
        "price_per_unit": "643",
        "price_unit": "L"
      },
      {
        "state": "NT",
        "price": "1015",
        "price_per_unit": "677",
        "price_unit": "L"
      }
    ]
  },
  {
    "source_url": "https://www.woolworths.com.au/shop/productdetails/1075948522/fitch-leedes-classics-ginger-beer-24-x-300ml",
    "name": "Fitch & Leedes Classics Ginger Beer 24 x 300ml",
    "image_url": "https://cdn1.woolworths.media/content/wowproductimages/large/1075948522.jpg",
    "source_id": "Woolworths - 1075948522",
    "barcode": "",
    "shop": "Woolworths",
    "weight": "1L",
    "prices": [
      {
        "state": "NSW",
        "price": "5280",
        "price_per_unit": "17600",
        "price_unit": "L"
      },
      {
        "state": "VIC",
        "price": "5280",
        "price_per_unit": "17600",
        "price_unit": "L"
      },
      {
        "state": "QLD",
        "price": "5280",
        "price_per_unit": "17600",
        "price_unit": "L"
      },
      {
        "state": "WA",
        "price": "5280",
        "price_per_unit": "17600",
        "price_unit": "L"
      },
      {
        "state": "SA",
        "price": "5280",
        "price_per_unit": "17600",
        "price_unit": "L"
      },
      {
        "state": "TAS",
        "price": "5280",
        "price_per_unit": "17600",
        "price_unit": "L"
      },
      {
        "state": "ACT",
        "price": "5280",
        "price_per_unit": "17600",
        "price_unit": "L"
      },
      {
        "state": "NT",
        "price": "5280",
        "price_per_unit": "17600",
        "price_unit": "L"
      }
    ]
  },
  {
    "source_url": "https://www.woolworths.com.au/shop/productdetails/1075952644/fitch-leedes-classics-mixed-case-passionade-ginger-beer-24-x-300ml",
    "name": "Fitch & Leedes Classics Mixed Case Passionade & Ginger Beer 24 x 300ml",
    "image_url": "https://cdn1.woolworths.media/content/wowproductimages/large/1075952644.jpg",
    "source_id": "Woolworths - 1075952644",
    "barcode": "",
    "shop": "Woolworths",
    "weight": "1L",
    "prices": [
      {
        "state": "NSW",
        "price": "5280",
        "price_per_unit": "17600",
        "price_unit": "L"
      },
      {
        "state": "VIC",
        "price": "5280",
        "price_per_unit": "17600",
        "price_unit": "L"
      },
      {
        "state": "QLD",
        "price": "5280",
        "price_per_unit": "17600",
        "price_unit": "L"
      },
      {
        "state": "WA",
        "price": "5280",
        "price_per_unit": "17600",
        "price_unit": "L"
      },
      {
        "state": "SA",
        "price": "5280",
        "price_per_unit": "17600",
        "price_unit": "L"
      },
      {
        "state": "TAS",
        "price": "5280",
        "price_per_unit": "17600",
        "price_unit": "L"
      },
      {
        "state": "ACT",
        "price": "5280",
        "price_per_unit": "17600",
        "price_unit": "L"
      },
      {
        "state": "NT",
        "price": "5280",
        "price_per_unit": "17600",
        "price_unit": "L"
      }
    ]
  },
  {
    "source_url": "https://www.woolworths.com.au/shop/productdetails/1075948521/fitch-leedes-classics-passionade-24-x-300ml",
    "name": "Fitch & Leedes Classics Passionade 24 x 300ml",
    "image_url": "https://cdn1.woolworths.media/content/wowproductimages/large/1075948521.jpg",
    "source_id": "Woolworths - 1075948521",
    "barcode": "",
    "shop": "Woolworths",
    "weight": "1L",
    "prices": [
      {
        "state": "NSW",
        "price": "5280",
        "price_per_unit": "17600",
        "price_unit": "L"
      },
      {
        "state": "VIC",
        "price": "5280",
        "price_per_unit": "17600",
        "price_unit": "L"
      },
      {
        "state": "QLD",
        "price": "5280",
        "price_per_unit": "17600",
        "price_unit": "L"
      },
      {
        "state": "WA",
        "price": "5280",
        "price_per_unit": "17600",
        "price_unit": "L"
      },
      {
        "state": "SA",
        "price": "5280",
        "price_per_unit": "17600",
        "price_unit": "L"
      },
      {
        "state": "TAS",
        "price": "5280",
        "price_per_unit": "17600",
        "price_unit": "L"
      },
      {
        "state": "ACT",
        "price": "5280",
        "price_per_unit": "17600",
        "price_unit": "L"
      },
      {
        "state": "NT",
        "price": "5280",
        "price_per_unit": "17600",
        "price_unit": "L"
      }
    ]
  },
  {
    "source_url": "https://www.woolworths.com.au/shop/productdetails/1074693531/kas-bitters-spanish-soft-drink-330ml-x-8-pack",
    "name": "KAS Bitters Spanish Soft Drink 330ml x 8 Pack",
    "image_url": "https://cdn1.woolworths.media/content/wowproductimages/large/1074693531.jpg",
    "source_id": "Woolworths - 1074693531",
    "barcode": "",
    "shop": "Woolworths",
    "weight": "1L",
    "prices": [
      {
        "state": "NSW",
        "price": "2000",
        "price_per_unit": "758",
        "price_unit": "L"
      },
      {
        "state": "VIC",
        "price": "2000",
        "price_per_unit": "758",
        "price_unit": "L"
      },
      {
        "state": "QLD",
        "price": "2000",
        "price_per_unit": "758",
        "price_unit": "L"
      },
      {
        "state": "WA",
        "price": "2000",
        "price_per_unit": "758",
        "price_unit": "L"
      },
      {
        "state": "SA",
        "price": "2000",
        "price_per_unit": "758",
        "price_unit": "L"
      },
      {
        "state": "TAS",
        "price": "2000",
        "price_per_unit": "758",
        "price_unit": "L"
      },
      {
        "state": "ACT",
        "price": "2000",
        "price_per_unit": "758",
        "price_unit": "L"
      },
      {
        "state": "NT",
        "price": "2000",
        "price_per_unit": "758",
        "price_unit": "L"
      }
    ]
  },
  {
    "source_url": "https://www.woolworths.com.au/shop/productdetails/175763/pepsi-max-no-sugar-cola-soft-drink-bottle",
    "name": "Pepsi Max No Sugar Cola Soft Drink Bottle 600ml",
    "image_url": "https://cdn1.woolworths.media/content/wowproductimages/large/175763.jpg",
    "source_id": "Woolworths - 175763",
    "barcode": "9313820000862",
    "shop": "Woolworths",
    "weight": "1L",
    "prices": [
      {
        "state": "NSW",
        "price": "395",
        "price_per_unit": "658",
        "price_unit": "L"
      },
      {
        "state": "VIC",
        "price": "395",
        "price_per_unit": "658",
        "price_unit": "L"
      },
      {
        "state": "QLD",
        "price": "395",
        "price_per_unit": "658",
        "price_unit": "L"
      },
      {
        "state": "WA",
        "price": "395",
        "price_per_unit": "658",
        "price_unit": "L"
      },
      {
        "state": "SA",
        "price": "395",
        "price_per_unit": "658",
        "price_unit": "L"
      },
      {
        "state": "TAS",
        "price": "395",
        "price_per_unit": "658",
        "price_unit": "L"
      },
      {
        "state": "ACT",
        "price": "395",
        "price_per_unit": "658",
        "price_unit": "L"
      },
      {
        "state": "NT",
        "price": "395",
        "price_per_unit": "658",
        "price_unit": "L"
      }
    ]
  },
  {
    "source_url": "https://www.woolworths.com.au/shop/productdetails/442190/pepsi-max-no-sugar-cola-soft-drink-cans-multipack",
    "name": "Pepsi Max No Sugar Cola Soft Drink Cans Multipack 375ml x 10 Pack",
    "image_url": "https://cdn1.woolworths.media/content/wowproductimages/large/442190.jpg",
    "source_id": "Woolworths - 442190",
    "barcode": "9313820000664",
    "shop": "Woolworths",
    "weight": "1L",
    "prices": [
      {
        "state": "NSW",
        "price": "900",
        "price_per_unit": "240",
        "price_unit": "L"
      },
      {
        "state": "VIC",
        "price": "900",
        "price_per_unit": "240",
        "price_unit": "L"
      },
      {
        "state": "QLD",
        "price": "900",
        "price_per_unit": "240",
        "price_unit": "L"
      },
      {
        "state": "WA",
        "price": "900",
        "price_per_unit": "240",
        "price_unit": "L"
      },
      {
        "state": "SA",
        "price": "900",
        "price_per_unit": "240",
        "price_unit": "L"
      },
      {
        "state": "TAS",
        "price": "900",
        "price_per_unit": "240",
        "price_unit": "L"
      },
      {
        "state": "ACT",
        "price": "900",
        "price_per_unit": "240",
        "price_unit": "L"
      },
      {
        "state": "NT",
        "price": "900",
        "price_per_unit": "240",
        "price_unit": "L"
      }
    ]
  },
  {
    "source_url": "https://www.woolworths.com.au/shop/productdetails/54291/pepsi-max-no-sugar-cola-soft-drink-cans-multipack",
    "name": "Pepsi Max No Sugar Cola Soft Drink Cans Multipack 375ml x 24 Pack",
    "image_url": "https://cdn1.woolworths.media/content/wowproductimages/large/054291.jpg",
    "source_id": "Woolworths - 54291",
    "barcode": "9313820016146",
    "shop": "Woolworths",
    "weight": "1L",
    "prices": [
      {
        "state": "VIC",
        "price": "3485",
        "price_per_unit": "387",
        "price_unit": "L"
      },
      {
        "state": "QLD",
        "price": "3485",
        "price_per_unit": "387",
        "price_unit": "L"
      },
      {
        "state": "WA",
        "price": "3485",
        "price_per_unit": "387",
        "price_unit": "L"
      },
      {
        "state": "SA",
        "price": "3485",
        "price_per_unit": "387",
        "price_unit": "L"
      },
      {
        "state": "NT",
        "price": "3485",
        "price_per_unit": "387",
        "price_unit": "L"
      }
    ]
  },
  {
    "source_url": "https://www.woolworths.com.au/shop/productdetails/773129/pepsi-max-no-sugar-cola-soft-drink-cans-multipack",
    "name": "Pepsi Max No Sugar Cola Soft Drink Cans Multipack 375ml x 30 Pack",
    "image_url": "https://cdn1.woolworths.media/content/wowproductimages/large/773129.jpg",
    "source_id": "Woolworths - 773129",
    "barcode": "9313820001487",
    "shop": "Woolworths",
    "weight": "1L",
    "prices": [
      {
        "state": "NSW",
        "price": "2500",
        "price_per_unit": "222",
        "price_unit": "L"
      },
      {
        "state": "VIC",
        "price": "2500",
        "price_per_unit": "222",
        "price_unit": "L"
      },
      {
        "state": "QLD",
        "price": "2500",
        "price_per_unit": "222",
        "price_unit": "L"
      },
      {
        "state": "WA",
        "price": "2500",
        "price_per_unit": "222",
        "price_unit": "L"
      },
      {
        "state": "SA",
        "price": "2500",
        "price_per_unit": "222",
        "price_unit": "L"
      },
      {
        "state": "TAS",
        "price": "2500",
        "price_per_unit": "222",
        "price_unit": "L"
      },
      {
        "state": "ACT",
        "price": "2500",
        "price_per_unit": "222",
        "price_unit": "L"
      },
      {
        "state": "NT",
        "price": "2500",
        "price_per_unit": "222",
        "price_unit": "L"
      }
    ]
  },
  {
    "source_url": "https://www.woolworths.com.au/shop/productdetails/290319/pepsi-max-no-sugar-cola-soft-drink-mini-cans-multipack",
    "name": "Pepsi Max No Sugar Cola Soft Drink Mini Cans Multipack 275ml x 6 Pack",
    "image_url": "https://cdn1.woolworths.media/content/wowproductimages/large/290319.jpg",
    "source_id": "Woolworths - 290319",
    "barcode": "9313820002767",
    "shop": "Woolworths",
    "weight": "1L",
    "prices": [
      {
        "state": "NSW",
        "price": "585",
        "price_per_unit": "355",
        "price_unit": "L"
      },
      {
        "state": "VIC",
        "price": "585",
        "price_per_unit": "355",
        "price_unit": "L"
      },
      {
        "state": "QLD",
        "price": "585",
        "price_per_unit": "355",
        "price_unit": "L"
      },
      {
        "state": "WA",
        "price": "585",
        "price_per_unit": "355",
        "price_unit": "L"
      },
      {
        "state": "SA",
        "price": "585",
        "price_per_unit": "355",
        "price_unit": "L"
      },
      {
        "state": "TAS",
        "price": "585",
        "price_per_unit": "355",
        "price_unit": "L"
      },
      {
        "state": "ACT",
        "price": "585",
        "price_per_unit": "355",
        "price_unit": "L"
      },
      {
        "state": "NT",
        "price": "585",
        "price_per_unit": "355",
        "price_unit": "L"
      }
    ]
  },
  {
    "source_url": "https://www.woolworths.com.au/shop/productdetails/1075213998/remedy-kombucha-apple-crisp-24-x-250ml-cans",
    "name": "Remedy Kombucha Apple Crisp - 24 x 250ml Cans",
    "image_url": "https://cdn1.woolworths.media/content/wowproductimages/large/1075213998.jpg",
    "source_id": "Woolworths - 1075213998",
    "barcode": "",
    "shop": "Woolworths",
    "weight": "1L",
    "prices": [
      {
        "state": "NSW",
        "price": "5000",
        "price_per_unit": "833",
        "price_unit": "L"
      },
      {
        "state": "VIC",
        "price": "5000",
        "price_per_unit": "833",
        "price_unit": "L"
      },
      {
        "state": "QLD",
        "price": "5000",
        "price_per_unit": "833",
        "price_unit": "L"
      },
      {
        "state": "WA",
        "price": "5000",
        "price_per_unit": "833",
        "price_unit": "L"
      },
      {
        "state": "SA",
        "price": "5000",
        "price_per_unit": "833",
        "price_unit": "L"
      },
      {
        "state": "TAS",
        "price": "5000",
        "price_per_unit": "833",
        "price_unit": "L"
      },
      {
        "state": "ACT",
        "price": "5000",
        "price_per_unit": "833",
        "price_unit": "L"
      },
      {
        "state": "NT",
        "price": "5000",
        "price_per_unit": "833",
        "price_unit": "L"
      }
    ]
  },
  {
    "source_url": "https://www.woolworths.com.au/shop/productdetails/1075214005/remedy-kombucha-lemon-lime-mint-24-x-250ml-cans",
    "name": "Remedy Kombucha Lemon Lime & Mint - 24 x 250ml Cans",
    "image_url": "https://cdn1.woolworths.media/content/wowproductimages/large/1075214005.jpg",
    "source_id": "Woolworths - 1075214005",
    "barcode": "",
    "shop": "Woolworths",
    "weight": "1L",
    "prices": [
      {
        "state": "NSW",
        "price": "5000",
        "price_per_unit": "833",
        "price_unit": "L"
      },
      {
        "state": "VIC",
        "price": "5000",
        "price_per_unit": "833",
        "price_unit": "L"
      },
      {
        "state": "QLD",
        "price": "5000",
        "price_per_unit": "833",
        "price_unit": "L"
      },
      {
        "state": "WA",
        "price": "5000",
        "price_per_unit": "833",
        "price_unit": "L"
      },
      {
        "state": "SA",
        "price": "5000",
        "price_per_unit": "833",
        "price_unit": "L"
      },
      {
        "state": "TAS",
        "price": "5000",
        "price_per_unit": "833",
        "price_unit": "L"
      },
      {
        "state": "ACT",
        "price": "5000",
        "price_per_unit": "833",
        "price_unit": "L"
      },
      {
        "state": "NT",
        "price": "5000",
        "price_per_unit": "833",
        "price_unit": "L"
      }
    ]
  },
  {
    "source_url": "https://www.woolworths.com.au/shop/productdetails/1075508047/remedy-kombucha-lemonade-24-x-250ml-cans",
    "name": "Remedy Kombucha Lemonade  - 24 x 250ml Cans",
    "image_url": "https://cdn1.woolworths.media/content/wowproductimages/large/1075508047.jpg",
    "source_id": "Woolworths - 1075508047",
    "barcode": "",
    "shop": "Woolworths",
    "weight": "1EA",
    "prices": [
      {
        "state": "NSW",
        "price": "5000",
        "price_per_unit": "208",
        "price_unit": "EA"
      },
      {
        "state": "VIC",
        "price": "5000",
        "price_per_unit": "208",
        "price_unit": "EA"
      },
      {
        "state": "QLD",
        "price": "5000",
        "price_per_unit": "208",
        "price_unit": "EA"
      },
      {
        "state": "WA",
        "price": "5000",
        "price_per_unit": "208",
        "price_unit": "EA"
      },
      {
        "state": "SA",
        "price": "5000",
        "price_per_unit": "208",
        "price_unit": "EA"
      },
      {
        "state": "TAS",
        "price": "5000",
        "price_per_unit": "208",
        "price_unit": "EA"
      },
      {
        "state": "ACT",
        "price": "5000",
        "price_per_unit": "208",
        "price_unit": "EA"
      },
      {
        "state": "NT",
        "price": "5000",
        "price_per_unit": "208",
        "price_unit": "EA"
      }
    ]
  },
  {
    "source_url": "https://www.woolworths.com.au/shop/productdetails/1075214016/remedy-kombucha-peach-24-x-250ml-cans",
    "name": "Remedy Kombucha Peach - 24 x 250ml Cans",
    "image_url": "https://cdn1.woolworths.media/content/wowproductimages/large/1075214016.jpg",
    "source_id": "Woolworths - 1075214016",
    "barcode": "",
    "shop": "Woolworths",
    "weight": "1L",
    "prices": [
      {
        "state": "NSW",
        "price": "5000",
        "price_per_unit": "833",
        "price_unit": "L"
      },
      {
        "state": "VIC",
        "price": "5000",
        "price_per_unit": "833",
        "price_unit": "L"
      },
      {
        "state": "QLD",
        "price": "5000",
        "price_per_unit": "833",
        "price_unit": "L"
      },
      {
        "state": "WA",
        "price": "5000",
        "price_per_unit": "833",
        "price_unit": "L"
      },
      {
        "state": "SA",
        "price": "5000",
        "price_per_unit": "833",
        "price_unit": "L"
      },
      {
        "state": "TAS",
        "price": "5000",
        "price_per_unit": "833",
        "price_unit": "L"
      },
      {
        "state": "ACT",
        "price": "5000",
        "price_per_unit": "833",
        "price_unit": "L"
      },
      {
        "state": "NT",
        "price": "5000",
        "price_per_unit": "833",
        "price_unit": "L"
      }
    ]
  },
  {
    "source_url": "https://www.woolworths.com.au/shop/productdetails/1075214038/remedy-sodaly-blood-orange-24-x-250ml-cans",
    "name": "Remedy Sodaly Blood Orange - 24 x 250ml Cans",
    "image_url": "https://cdn1.woolworths.media/content/wowproductimages/large/1075214038.jpg",
    "source_id": "Woolworths - 1075214038",
    "barcode": "",
    "shop": "Woolworths",
    "weight": "1L",
    "prices": [
      {
        "state": "NSW",
        "price": "4500",
        "price_per_unit": "750",
        "price_unit": "L"
      },
      {
        "state": "VIC",
        "price": "4500",
        "price_per_unit": "750",
        "price_unit": "L"
      },
      {
        "state": "QLD",
        "price": "4500",
        "price_per_unit": "750",
        "price_unit": "L"
      },
      {
        "state": "WA",
        "price": "4500",
        "price_per_unit": "750",
        "price_unit": "L"
      },
      {
        "state": "SA",
        "price": "4500",
        "price_per_unit": "750",
        "price_unit": "L"
      },
      {
        "state": "TAS",
        "price": "4500",
        "price_per_unit": "750",
        "price_unit": "L"
      },
      {
        "state": "ACT",
        "price": "4500",
        "price_per_unit": "750",
        "price_unit": "L"
      },
      {
        "state": "NT",
        "price": "4500",
        "price_per_unit": "750",
        "price_unit": "L"
      }
    ]
  },
  {
    "source_url": "https://www.woolworths.com.au/shop/productdetails/1075214029/remedy-sodaly-guava-24-x-250ml-cans",
    "name": "Remedy Sodaly Guava - 24 x 250ml Cans",
    "image_url": "https://cdn1.woolworths.media/content/wowproductimages/large/1075214029.jpg",
    "source_id": "Woolworths - 1075214029",
    "barcode": "",
    "shop": "Woolworths",
    "weight": "1L",
    "prices": [
      {
        "state": "NSW",
        "price": "4500",
        "price_per_unit": "750",
        "price_unit": "L"
      },
      {
        "state": "VIC",
        "price": "4500",
        "price_per_unit": "750",
        "price_unit": "L"
      },
      {
        "state": "QLD",
        "price": "4500",
        "price_per_unit": "750",
        "price_unit": "L"
      },
      {
        "state": "WA",
        "price": "4500",
        "price_per_unit": "750",
        "price_unit": "L"
      },
      {
        "state": "SA",
        "price": "4500",
        "price_per_unit": "750",
        "price_unit": "L"
      },
      {
        "state": "TAS",
        "price": "4500",
        "price_per_unit": "750",
        "price_unit": "L"
      },
      {
        "state": "ACT",
        "price": "4500",
        "price_per_unit": "750",
        "price_unit": "L"
      },
      {
        "state": "NT",
        "price": "4500",
        "price_per_unit": "750",
        "price_unit": "L"
      }
    ]
  },
  {
    "source_url": "https://www.woolworths.com.au/shop/productdetails/1075214030/remedy-sodaly-lemon-lime-bitters-24-x-250ml-cans",
    "name": "Remedy Sodaly Lemon Lime Bitters - 24 x 250ml Cans",
    "image_url": "https://cdn1.woolworths.media/content/wowproductimages/large/1075214030.jpg",
    "source_id": "Woolworths - 1075214030",
    "barcode": "",
    "shop": "Woolworths",
    "weight": "1L",
    "prices": [
      {
        "state": "NSW",
        "price": "4500",
        "price_per_unit": "750",
        "price_unit": "L"
      },
      {
        "state": "VIC",
        "price": "4500",
        "price_per_unit": "750",
        "price_unit": "L"
      },
      {
        "state": "QLD",
        "price": "4500",
        "price_per_unit": "750",
        "price_unit": "L"
      },
      {
        "state": "WA",
        "price": "4500",
        "price_per_unit": "750",
        "price_unit": "L"
      },
      {
        "state": "SA",
        "price": "4500",
        "price_per_unit": "750",
        "price_unit": "L"
      },
      {
        "state": "TAS",
        "price": "4500",
        "price_per_unit": "750",
        "price_unit": "L"
      },
      {
        "state": "ACT",
        "price": "4500",
        "price_per_unit": "750",
        "price_unit": "L"
      },
      {
        "state": "NT",
        "price": "4500",
        "price_per_unit": "750",
        "price_unit": "L"
      }
    ]
  },
  {
    "source_url": "https://www.woolworths.com.au/shop/productdetails/1075214034/remedy-sodaly-passionfruit-24-x-250ml-cans",
    "name": "Remedy Sodaly Passionfruit - 24 x 250ml Cans",
    "image_url": "https://cdn1.woolworths.media/content/wowproductimages/large/1075214034.jpg",
    "source_id": "Woolworths - 1075214034",
    "barcode": "",
    "shop": "Woolworths",
    "weight": "1L",
    "prices": [
      {
        "state": "NSW",
        "price": "4500",
        "price_per_unit": "750",
        "price_unit": "L"
      },
      {
        "state": "VIC",
        "price": "4500",
        "price_per_unit": "750",
        "price_unit": "L"
      },
      {
        "state": "QLD",
        "price": "4500",
        "price_per_unit": "750",
        "price_unit": "L"
      },
      {
        "state": "WA",
        "price": "4500",
        "price_per_unit": "750",
        "price_unit": "L"
      },
      {
        "state": "SA",
        "price": "4500",
        "price_per_unit": "750",
        "price_unit": "L"
      },
      {
        "state": "TAS",
        "price": "4500",
        "price_per_unit": "750",
        "price_unit": "L"
      },
      {
        "state": "ACT",
        "price": "4500",
        "price_per_unit": "750",
        "price_unit": "L"
      },
      {
        "state": "NT",
        "price": "4500",
        "price_per_unit": "750",
        "price_unit": "L"
      }
    ]
  },
  {
    "source_url": "https://www.woolworths.com.au/shop/productdetails/1075508049/remedy-sodaly-pineapple-24-x-250ml-cans",
    "name": "Remedy Sodaly Pineapple - 24 x 250ml Cans",
    "image_url": "https://cdn1.woolworths.media/content/wowproductimages/large/1075508049.jpg",
    "source_id": "Woolworths - 1075508049",
    "barcode": "",
    "shop": "Woolworths",
    "weight": "1EA",
    "prices": [
      {
        "state": "NSW",
        "price": "4500",
        "price_per_unit": "188",
        "price_unit": "EA"
      },
      {
        "state": "VIC",
        "price": "4500",
        "price_per_unit": "188",
        "price_unit": "EA"
      },
      {
        "state": "QLD",
        "price": "4500",
        "price_per_unit": "188",
        "price_unit": "EA"
      },
      {
        "state": "WA",
        "price": "4500",
        "price_per_unit": "188",
        "price_unit": "EA"
      },
      {
        "state": "SA",
        "price": "4500",
        "price_per_unit": "188",
        "price_unit": "EA"
      },
      {
        "state": "TAS",
        "price": "4500",
        "price_per_unit": "188",
        "price_unit": "EA"
      },
      {
        "state": "ACT",
        "price": "4500",
        "price_per_unit": "188",
        "price_unit": "EA"
      },
      {
        "state": "NT",
        "price": "4500",
        "price_per_unit": "188",
        "price_unit": "EA"
      }
    ]
  },
  {
    "source_url": "https://www.woolworths.com.au/shop/productdetails/1075214035/remedy-sodaly-raspberry-24-x-250ml-cans",
    "name": "Remedy Sodaly Raspberry - 24 x 250ml Cans",
    "image_url": "https://cdn1.woolworths.media/content/wowproductimages/large/1075214035.jpg",
    "source_id": "Woolworths - 1075214035",
    "barcode": "",
    "shop": "Woolworths",
    "weight": "1L",
    "prices": [
      {
        "state": "NSW",
        "price": "4500",
        "price_per_unit": "750",
        "price_unit": "L"
      },
      {
        "state": "VIC",
        "price": "4500",
        "price_per_unit": "750",
        "price_unit": "L"
      },
      {
        "state": "QLD",
        "price": "4500",
        "price_per_unit": "750",
        "price_unit": "L"
      },
      {
        "state": "WA",
        "price": "4500",
        "price_per_unit": "750",
        "price_unit": "L"
      },
      {
        "state": "SA",
        "price": "4500",
        "price_per_unit": "750",
        "price_unit": "L"
      },
      {
        "state": "TAS",
        "price": "4500",
        "price_per_unit": "750",
        "price_unit": "L"
      },
      {
        "state": "ACT",
        "price": "4500",
        "price_per_unit": "750",
        "price_unit": "L"
      },
      {
        "state": "NT",
        "price": "4500",
        "price_per_unit": "750",
        "price_unit": "L"
      }
    ]
  },
  {
    "source_url": "https://www.woolworths.com.au/shop/productdetails/1075508048/remedy-sodaly-yuzu-lemon-24-x-250ml-cans",
    "name": "Remedy Sodaly Yuzu Lemon - 24 x 250ml Cans",
    "image_url": "https://cdn1.woolworths.media/content/wowproductimages/large/1075508048.jpg",
    "source_id": "Woolworths - 1075508048",
    "barcode": "",
    "shop": "Woolworths",
    "weight": "1EA",
    "prices": [
      {
        "state": "NSW",
        "price": "4500",
        "price_per_unit": "188",
        "price_unit": "EA"
      },
      {
        "state": "VIC",
        "price": "4500",
        "price_per_unit": "188",
        "price_unit": "EA"
      },
      {
        "state": "QLD",
        "price": "4500",
        "price_per_unit": "188",
        "price_unit": "EA"
      },
      {
        "state": "WA",
        "price": "4500",
        "price_per_unit": "188",
        "price_unit": "EA"
      },
      {
        "state": "SA",
        "price": "4500",
        "price_per_unit": "188",
        "price_unit": "EA"
      },
      {
        "state": "TAS",
        "price": "4500",
        "price_per_unit": "188",
        "price_unit": "EA"
      },
      {
        "state": "ACT",
        "price": "4500",
        "price_per_unit": "188",
        "price_unit": "EA"
      },
      {
        "state": "NT",
        "price": "4500",
        "price_per_unit": "188",
        "price_unit": "EA"
      }
    ]
  },
  {
    "source_url": "https://www.woolworths.com.au/shop/productdetails/1075250619/san-pellegrino-330ml-aranciata-cans-24pk",
    "name": "San Pellegrino 330Ml Aranciata Cans 24Pk",
    "image_url": "https://cdn1.woolworths.media/content/wowproductimages/large/1075250619.jpg",
    "source_id": "Woolworths - 1075250619",
    "barcode": "",
    "shop": "Woolworths",
    "weight": "1L",
    "prices": [
      {
        "state": "NSW",
        "price": "5050",
        "price_per_unit": "638",
        "price_unit": "L"
      },
      {
        "state": "VIC",
        "price": "5050",
        "price_per_unit": "638",
        "price_unit": "L"
      },
      {
        "state": "QLD",
        "price": "5050",
        "price_per_unit": "638",
        "price_unit": "L"
      },
      {
        "state": "WA",
        "price": "5050",
        "price_per_unit": "638",
        "price_unit": "L"
      },
      {
        "state": "SA",
        "price": "5050",
        "price_per_unit": "638",
        "price_unit": "L"
      },
      {
        "state": "TAS",
        "price": "5050",
        "price_per_unit": "638",
        "price_unit": "L"
      },
      {
        "state": "ACT",
        "price": "5050",
        "price_per_unit": "638",
        "price_unit": "L"
      },
      {
        "state": "NT",
        "price": "5050",
        "price_per_unit": "638",
        "price_unit": "L"
      }
    ]
  },
  {
    "source_url": "https://www.woolworths.com.au/shop/productdetails/1074294410/san-pellegrino-330ml-aranciata-rossa-can-24pk",
    "name": "San Pellegrino 330Ml Aranciata Rossa Can 24Pk",
    "image_url": "https://cdn1.woolworths.media/content/wowproductimages/large/1074294410.jpg",
    "source_id": "Woolworths - 1074294410",
    "barcode": "",
    "shop": "Woolworths",
    "weight": "1L",
    "prices": [
      {
        "state": "NSW",
        "price": "5050",
        "price_per_unit": "638",
        "price_unit": "L"
      },
      {
        "state": "VIC",
        "price": "5050",
        "price_per_unit": "638",
        "price_unit": "L"
      },
      {
        "state": "QLD",
        "price": "5050",
        "price_per_unit": "638",
        "price_unit": "L"
      },
      {
        "state": "WA",
        "price": "5050",
        "price_per_unit": "638",
        "price_unit": "L"
      },
      {
        "state": "SA",
        "price": "5050",
        "price_per_unit": "638",
        "price_unit": "L"
      },
      {
        "state": "TAS",
        "price": "5050",
        "price_per_unit": "638",
        "price_unit": "L"
      },
      {
        "state": "ACT",
        "price": "5050",
        "price_per_unit": "638",
        "price_unit": "L"
      },
      {
        "state": "NT",
        "price": "5050",
        "price_per_unit": "638",
        "price_unit": "L"
      }
    ]
  },
  {
    "source_url": "https://www.woolworths.com.au/shop/productdetails/1074294307/san-pellegrino-330ml-chinotto-cans-24pk",
    "name": "San Pellegrino 330Ml Chinotto Cans 24Pk",
    "image_url": "https://cdn1.woolworths.media/content/wowproductimages/large/1074294307.jpg",
    "source_id": "Woolworths - 1074294307",
    "barcode": "",
    "shop": "Woolworths",
    "weight": "1L",
    "prices": [
      {
        "state": "NSW",
        "price": "5050",
        "price_per_unit": "638",
        "price_unit": "L"
      },
      {
        "state": "VIC",
        "price": "5050",
        "price_per_unit": "638",
        "price_unit": "L"
      },
      {
        "state": "QLD",
        "price": "5050",
        "price_per_unit": "638",
        "price_unit": "L"
      },
      {
        "state": "WA",
        "price": "5050",
        "price_per_unit": "638",
        "price_unit": "L"
      },
      {
        "state": "SA",
        "price": "5050",
        "price_per_unit": "638",
        "price_unit": "L"
      },
      {
        "state": "TAS",
        "price": "5050",
        "price_per_unit": "638",
        "price_unit": "L"
      },
      {
        "state": "ACT",
        "price": "5050",
        "price_per_unit": "638",
        "price_unit": "L"
      },
      {
        "state": "NT",
        "price": "5050",
        "price_per_unit": "638",
        "price_unit": "L"
      }
    ]
  },
  {
    "source_url": "https://www.woolworths.com.au/shop/productdetails/1074294349/san-pellegrino-330ml-limonata-cans-24pk",
    "name": "San Pellegrino 330Ml Limonata Cans 24Pk",
    "image_url": "https://cdn1.woolworths.media/content/wowproductimages/large/1074294349.jpg",
    "source_id": "Woolworths - 1074294349",
    "barcode": "",
    "shop": "Woolworths",
    "weight": "1L",
    "prices": [
      {
        "state": "NSW",
        "price": "5050",
        "price_per_unit": "638",
        "price_unit": "L"
      },
      {
        "state": "VIC",
        "price": "5050",
        "price_per_unit": "638",
        "price_unit": "L"
      },
      {
        "state": "QLD",
        "price": "5050",
        "price_per_unit": "638",
        "price_unit": "L"
      },
      {
        "state": "WA",
        "price": "5050",
        "price_per_unit": "638",
        "price_unit": "L"
      },
      {
        "state": "SA",
        "price": "5050",
        "price_per_unit": "638",
        "price_unit": "L"
      },
      {
        "state": "TAS",
        "price": "5050",
        "price_per_unit": "638",
        "price_unit": "L"
      },
      {
        "state": "ACT",
        "price": "5050",
        "price_per_unit": "638",
        "price_unit": "L"
      },
      {
        "state": "NT",
        "price": "5050",
        "price_per_unit": "638",
        "price_unit": "L"
      }
    ]
  },
  {
    "source_url": "https://www.woolworths.com.au/shop/productdetails/1075250623/san-pellegrino-330ml-melograno-arancia-24pk",
    "name": "San Pellegrino 330Ml Melograno Arancia 24Pk",
    "image_url": "https://cdn1.woolworths.media/content/wowproductimages/large/1075250623.jpg",
    "source_id": "Woolworths - 1075250623",
    "barcode": "",
    "shop": "Woolworths",
    "weight": "1L",
    "prices": [
      {
        "state": "NSW",
        "price": "5050",
        "price_per_unit": "638",
        "price_unit": "L"
      },
      {
        "state": "VIC",
        "price": "5050",
        "price_per_unit": "638",
        "price_unit": "L"
      },
      {
        "state": "QLD",
        "price": "5050",
        "price_per_unit": "638",
        "price_unit": "L"
      },
      {
        "state": "WA",
        "price": "5050",
        "price_per_unit": "638",
        "price_unit": "L"
      },
      {
        "state": "SA",
        "price": "5050",
        "price_per_unit": "638",
        "price_unit": "L"
      },
      {
        "state": "TAS",
        "price": "5050",
        "price_per_unit": "638",
        "price_unit": "L"
      },
      {
        "state": "ACT",
        "price": "5050",
        "price_per_unit": "638",
        "price_unit": "L"
      },
      {
        "state": "NT",
        "price": "5050",
        "price_per_unit": "638",
        "price_unit": "L"
      }
    ]
  },
  {
    "source_url": "https://www.woolworths.com.au/shop/productdetails/1075797339/schweppes-lemonade-cans-375ml-30pk",
    "name": "Schweppes Lemonade Cans 375mL 30Pk",
    "image_url": "https://cdn1.woolworths.media/content/wowproductimages/large/1075797339.jpg",
    "source_id": "Woolworths - 1075797339",
    "barcode": "",
    "shop": "Woolworths",
    "weight": "1L",
    "prices": [
      {
        "state": "NSW",
        "price": "4500",
        "price_per_unit": "5000",
        "price_unit": "L"
      },
      {
        "state": "VIC",
        "price": "4500",
        "price_per_unit": "5000",
        "price_unit": "L"
      },
      {
        "state": "QLD",
        "price": "4500",
        "price_per_unit": "5000",
        "price_unit": "L"
      },
      {
        "state": "WA",
        "price": "4500",
        "price_per_unit": "5000",
        "price_unit": "L"
      },
      {
        "state": "SA",
        "price": "4500",
        "price_per_unit": "5000",
        "price_unit": "L"
      },
      {
        "state": "TAS",
        "price": "4500",
        "price_per_unit": "5000",
        "price_unit": "L"
      },
      {
        "state": "ACT",
        "price": "4500",
        "price_per_unit": "5000",
        "price_unit": "L"
      },
      {
        "state": "NT",
        "price": "4500",
        "price_per_unit": "5000",
        "price_unit": "L"
      }
    ]
  },
  {
    "source_url": "https://www.woolworths.com.au/shop/productdetails/1075797500/schweppes-mountain-dew-cans-375ml-30pk",
    "name": "Schweppes Mountain Dew Cans 375mL 30Pk",
    "image_url": "https://cdn1.woolworths.media/content/wowproductimages/large/1075797500.jpg",
    "source_id": "Woolworths - 1075797500",
    "barcode": "",
    "shop": "Woolworths",
    "weight": "1L",
    "prices": [
      {
        "state": "NSW",
        "price": "4500",
        "price_per_unit": "5000",
        "price_unit": "L"
      },
      {
        "state": "VIC",
        "price": "4500",
        "price_per_unit": "5000",
        "price_unit": "L"
      },
      {
        "state": "QLD",
        "price": "4500",
        "price_per_unit": "5000",
        "price_unit": "L"
      },
      {
        "state": "WA",
        "price": "4500",
        "price_per_unit": "5000",
        "price_unit": "L"
      },
      {
        "state": "SA",
        "price": "4500",
        "price_per_unit": "5000",
        "price_unit": "L"
      },
      {
        "state": "TAS",
        "price": "4500",
        "price_per_unit": "5000",
        "price_unit": "L"
      },
      {
        "state": "ACT",
        "price": "4500",
        "price_per_unit": "5000",
        "price_unit": "L"
      },
      {
        "state": "NT",
        "price": "4500",
        "price_per_unit": "5000",
        "price_unit": "L"
      }
    ]
  },
  {
    "source_url": "https://www.woolworths.com.au/shop/productdetails/1075797361/schweppes-pepsi-cans-375ml-30pk",
    "name": "Schweppes Pepsi Cans 375mL 30Pk",
    "image_url": "https://cdn1.woolworths.media/content/wowproductimages/large/1075797361.jpg",
    "source_id": "Woolworths - 1075797361",
    "barcode": "",
    "shop": "Woolworths",
    "weight": "1L",
    "prices": [
      {
        "state": "NSW",
        "price": "4500",
        "price_per_unit": "5000",
        "price_unit": "L"
      },
      {
        "state": "VIC",
        "price": "4500",
        "price_per_unit": "5000",
        "price_unit": "L"
      },
      {
        "state": "QLD",
        "price": "4500",
        "price_per_unit": "5000",
        "price_unit": "L"
      },
      {
        "state": "WA",
        "price": "4500",
        "price_per_unit": "5000",
        "price_unit": "L"
      },
      {
        "state": "SA",
        "price": "4500",
        "price_per_unit": "5000",
        "price_unit": "L"
      },
      {
        "state": "TAS",
        "price": "4500",
        "price_per_unit": "5000",
        "price_unit": "L"
      },
      {
        "state": "ACT",
        "price": "4500",
        "price_per_unit": "5000",
        "price_unit": "L"
      },
      {
        "state": "NT",
        "price": "4500",
        "price_per_unit": "5000",
        "price_unit": "L"
      }
    ]
  },
  {
    "source_url": "https://www.woolworths.com.au/shop/productdetails/1075797274/schweppes-pepsi-max-cans-375ml-30pk",
    "name": "Schweppes Pepsi Max Cans 375mL 30Pk",
    "image_url": "https://cdn1.woolworths.media/content/wowproductimages/large/1075797274.jpg",
    "source_id": "Woolworths - 1075797274",
    "barcode": "",
    "shop": "Woolworths",
    "weight": "1L",
    "prices": [
      {
        "state": "NSW",
        "price": "4500",
        "price_per_unit": "5000",
        "price_unit": "L"
      },
      {
        "state": "VIC",
        "price": "4500",
        "price_per_unit": "5000",
        "price_unit": "L"
      },
      {
        "state": "QLD",
        "price": "4500",
        "price_per_unit": "5000",
        "price_unit": "L"
      },
      {
        "state": "WA",
        "price": "4500",
        "price_per_unit": "5000",
        "price_unit": "L"
      },
      {
        "state": "SA",
        "price": "4500",
        "price_per_unit": "5000",
        "price_unit": "L"
      },
      {
        "state": "TAS",
        "price": "4500",
        "price_per_unit": "5000",
        "price_unit": "L"
      },
      {
        "state": "ACT",
        "price": "4500",
        "price_per_unit": "5000",
        "price_unit": "L"
      },
      {
        "state": "NT",
        "price": "4500",
        "price_per_unit": "5000",
        "price_unit": "L"
      }
    ]
  },
  {
    "source_url": "https://www.woolworths.com.au/shop/productdetails/1075797295/schweppes-solo-cans-375ml-30pk",
    "name": "Schweppes Solo Cans 375mL 30Pk",
    "image_url": "https://cdn1.woolworths.media/content/wowproductimages/large/1075797295.jpg",
    "source_id": "Woolworths - 1075797295",
    "barcode": "",
    "shop": "Woolworths",
    "weight": "1L",
    "prices": [
      {
        "state": "NSW",
        "price": "4500",
        "price_per_unit": "5000",
        "price_unit": "L"
      },
      {
        "state": "VIC",
        "price": "4500",
        "price_per_unit": "5000",
        "price_unit": "L"
      },
      {
        "state": "QLD",
        "price": "4500",
        "price_per_unit": "5000",
        "price_unit": "L"
      },
      {
        "state": "WA",
        "price": "4500",
        "price_per_unit": "5000",
        "price_unit": "L"
      },
      {
        "state": "SA",
        "price": "4500",
        "price_per_unit": "5000",
        "price_unit": "L"
      },
      {
        "state": "TAS",
        "price": "4500",
        "price_per_unit": "5000",
        "price_unit": "L"
      },
      {
        "state": "ACT",
        "price": "4500",
        "price_per_unit": "5000",
        "price_unit": "L"
      },
      {
        "state": "NT",
        "price": "4500",
        "price_per_unit": "5000",
        "price_unit": "L"
      }
    ]
  },
  {
    "source_url": "https://www.woolworths.com.au/shop/productdetails/1075797480/schweppes-sunkist-cans-375ml-30pk",
    "name": "Schweppes Sunkist Cans 375mL 30Pk",
    "image_url": "https://cdn1.woolworths.media/content/wowproductimages/large/1075797480.jpg",
    "source_id": "Woolworths - 1075797480",
    "barcode": "",
    "shop": "Woolworths",
    "weight": "1L",
    "prices": [
      {
        "state": "NSW",
        "price": "4500",
        "price_per_unit": "5000",
        "price_unit": "L"
      },
      {
        "state": "VIC",
        "price": "4500",
        "price_per_unit": "5000",
        "price_unit": "L"
      },
      {
        "state": "QLD",
        "price": "4500",
        "price_per_unit": "5000",
        "price_unit": "L"
      },
      {
        "state": "WA",
        "price": "4500",
        "price_per_unit": "5000",
        "price_unit": "L"
      },
      {
        "state": "SA",
        "price": "4500",
        "price_per_unit": "5000",
        "price_unit": "L"
      },
      {
        "state": "TAS",
        "price": "4500",
        "price_per_unit": "5000",
        "price_unit": "L"
      },
      {
        "state": "ACT",
        "price": "4500",
        "price_per_unit": "5000",
        "price_unit": "L"
      },
      {
        "state": "NT",
        "price": "4500",
        "price_per_unit": "5000",
        "price_unit": "L"
      }
    ]
  },
  {
    "source_url": "https://www.woolworths.com.au/shop/productdetails/1074294404/soda-boss-375ml-cans-peach-rings-12pk",
    "name": "Soda Boss 375Ml Cans Peach Rings 12Pk",
    "image_url": "https://cdn1.woolworths.media/content/wowproductimages/large/1074294404.jpg",
    "source_id": "Woolworths - 1074294404",
    "barcode": "",
    "shop": "Woolworths",
    "weight": "1L",
    "prices": [
      {
        "state": "NSW",
        "price": "2800",
        "price_per_unit": "622",
        "price_unit": "L"
      },
      {
        "state": "VIC",
        "price": "2800",
        "price_per_unit": "622",
        "price_unit": "L"
      },
      {
        "state": "QLD",
        "price": "2800",
        "price_per_unit": "622",
        "price_unit": "L"
      },
      {
        "state": "WA",
        "price": "2800",
        "price_per_unit": "622",
        "price_unit": "L"
      },
      {
        "state": "SA",
        "price": "2800",
        "price_per_unit": "622",
        "price_unit": "L"
      },
      {
        "state": "TAS",
        "price": "2800",
        "price_per_unit": "622",
        "price_unit": "L"
      },
      {
        "state": "ACT",
        "price": "2800",
        "price_per_unit": "622",
        "price_unit": "L"
      },
      {
        "state": "NT",
        "price": "2800",
        "price_per_unit": "622",
        "price_unit": "L"
      }
    ]
  },
  {
    "source_url": "https://www.woolworths.com.au/shop/productdetails/1074294402/soda-boss-375ml-cans-strawberry-gummies-12pk",
    "name": "Soda Boss 375Ml Cans Strawberry Gummies 12Pk",
    "image_url": "https://cdn1.woolworths.media/content/wowproductimages/large/1074294402.jpg",
    "source_id": "Woolworths - 1074294402",
    "barcode": "",
    "shop": "Woolworths",
    "weight": "1L",
    "prices": [
      {
        "state": "NSW",
        "price": "2800",
        "price_per_unit": "622",
        "price_unit": "L"
      },
      {
        "state": "VIC",
        "price": "2800",
        "price_per_unit": "622",
        "price_unit": "L"
      },
      {
        "state": "QLD",
        "price": "2800",
        "price_per_unit": "622",
        "price_unit": "L"
      },
      {
        "state": "WA",
        "price": "2800",
        "price_per_unit": "622",
        "price_unit": "L"
      },
      {
        "state": "SA",
        "price": "2800",
        "price_per_unit": "622",
        "price_unit": "L"
      },
      {
        "state": "TAS",
        "price": "2800",
        "price_per_unit": "622",
        "price_unit": "L"
      },
      {
        "state": "ACT",
        "price": "2800",
        "price_per_unit": "622",
        "price_unit": "L"
      },
      {
        "state": "NT",
        "price": "2800",
        "price_per_unit": "622",
        "price_unit": "L"
      }
    ]
  },
  {
    "source_url": "https://www.woolworths.com.au/shop/productdetails/1074576310/soda-press-co-organic-summer-orange-soda-mix-syrup-3pk",
    "name": "Soda Press Co. Organic Summer Orange Soda Mix Syrup 3PK",
    "image_url": "https://cdn1.woolworths.media/content/wowproductimages/large/1074576310.jpg",
    "source_id": "Woolworths - 1074576310",
    "barcode": "",
    "shop": "Woolworths",
    "weight": "1EA",
    "prices": [
      {
        "state": "NSW",
        "price": "3900",
        "price_per_unit": "1300",
        "price_unit": "EA"
      },
      {
        "state": "VIC",
        "price": "3900",
        "price_per_unit": "1300",
        "price_unit": "EA"
      },
      {
        "state": "QLD",
        "price": "3900",
        "price_per_unit": "1300",
        "price_unit": "EA"
      },
      {
        "state": "WA",
        "price": "3900",
        "price_per_unit": "1300",
        "price_unit": "EA"
      },
      {
        "state": "SA",
        "price": "3900",
        "price_per_unit": "1300",
        "price_unit": "EA"
      },
      {
        "state": "TAS",
        "price": "3900",
        "price_per_unit": "1300",
        "price_unit": "EA"
      },
      {
        "state": "ACT",
        "price": "3900",
        "price_per_unit": "1300",
        "price_unit": "EA"
      },
      {
        "state": "NT",
        "price": "3900",
        "price_per_unit": "1300",
        "price_unit": "EA"
      }
    ]
  },
  {
    "source_url": "https://www.woolworths.com.au/shop/productdetails/1074749017/sodastream-classics-ginger-beer-mix-3pk-440ml",
    "name": "SodaStream Classics Ginger Beer Mix 3PK 440ml",
    "image_url": "https://cdn1.woolworths.media/content/wowproductimages/large/1074749017.jpg",
    "source_id": "Woolworths - 1074749017",
    "barcode": "",
    "shop": "Woolworths",
    "weight": "1EA",
    "prices": [
      {
        "state": "NSW",
        "price": "3500",
        "price_per_unit": "1167",
        "price_unit": "EA"
      },
      {
        "state": "VIC",
        "price": "3500",
        "price_per_unit": "1167",
        "price_unit": "EA"
      },
      {
        "state": "QLD",
        "price": "3500",
        "price_per_unit": "1167",
        "price_unit": "EA"
      },
      {
        "state": "WA",
        "price": "3500",
        "price_per_unit": "1167",
        "price_unit": "EA"
      },
      {
        "state": "SA",
        "price": "3500",
        "price_per_unit": "1167",
        "price_unit": "EA"
      },
      {
        "state": "TAS",
        "price": "3500",
        "price_per_unit": "1167",
        "price_unit": "EA"
      },
      {
        "state": "ACT",
        "price": "3500",
        "price_per_unit": "1167",
        "price_unit": "EA"
      },
      {
        "state": "NT",
        "price": "3500",
        "price_per_unit": "1167",
        "price_unit": "EA"
      }
    ]
  },
  {
    "source_url": "https://www.woolworths.com.au/shop/productdetails/1074749018/sodastream-classics-ginger-beer-mix-6pk-440ml",
    "name": "SodaStream Classics Ginger Beer Mix 6PK 440ml",
    "image_url": "https://cdn1.woolworths.media/content/wowproductimages/large/1074749018.jpg",
    "source_id": "Woolworths - 1074749018",
    "barcode": "",
    "shop": "Woolworths",
    "weight": "1EA",
    "prices": [
      {
        "state": "NSW",
        "price": "5130",
        "price_per_unit": "855",
        "price_unit": "EA"
      },
      {
        "state": "VIC",
        "price": "5130",
        "price_per_unit": "855",
        "price_unit": "EA"
      },
      {
        "state": "QLD",
        "price": "5130",
        "price_per_unit": "855",
        "price_unit": "EA"
      },
      {
        "state": "WA",
        "price": "5130",
        "price_per_unit": "855",
        "price_unit": "EA"
      },
      {
        "state": "SA",
        "price": "5130",
        "price_per_unit": "855",
        "price_unit": "EA"
      },
      {
        "state": "TAS",
        "price": "5130",
        "price_per_unit": "855",
        "price_unit": "EA"
      },
      {
        "state": "ACT",
        "price": "5130",
        "price_per_unit": "855",
        "price_unit": "EA"
      },
      {
        "state": "NT",
        "price": "5130",
        "price_per_unit": "855",
        "price_unit": "EA"
      }
    ]
  },
  {
    "source_url": "https://www.woolworths.com.au/shop/productdetails/1074576317/sodastream-zeros-mix-cranberry-raspberry-low-sugar-3pk-440ml",
    "name": "SodaStream Zeros Mix Cranberry Raspberry - Low Sugar 3PK 440ml",
    "image_url": "https://cdn1.woolworths.media/content/wowproductimages/large/1074576317.jpg",
    "source_id": "Woolworths - 1074576317",
    "barcode": "",
    "shop": "Woolworths",
    "weight": "1EA",
    "prices": [
      {
        "state": "NSW",
        "price": "3700",
        "price_per_unit": "1233",
        "price_unit": "EA"
      },
      {
        "state": "VIC",
        "price": "3700",
        "price_per_unit": "1233",
        "price_unit": "EA"
      },
      {
        "state": "QLD",
        "price": "3700",
        "price_per_unit": "1233",
        "price_unit": "EA"
      },
      {
        "state": "WA",
        "price": "3700",
        "price_per_unit": "1233",
        "price_unit": "EA"
      },
      {
        "state": "SA",
        "price": "3700",
        "price_per_unit": "1233",
        "price_unit": "EA"
      },
      {
        "state": "TAS",
        "price": "3700",
        "price_per_unit": "1233",
        "price_unit": "EA"
      },
      {
        "state": "ACT",
        "price": "3700",
        "price_per_unit": "1233",
        "price_unit": "EA"
      },
      {
        "state": "NT",
        "price": "3700",
        "price_per_unit": "1233",
        "price_unit": "EA"
      }
    ]
  },
  {
    "source_url": "https://www.woolworths.com.au/shop/productdetails/6000033/solo-lemon-pineapple-flavour-zero-sugar",
    "name": "Solo Lemon Pineapple Flavour Zero Sugar 375mL x 10 pack",
    "image_url": "https://cdn1.woolworths.media/content/wowproductimages/large/6000033.jpg",
    "source_id": "Woolworths - 6000033",
    "barcode": "9315596009384",
    "shop": "Woolworths",
    "weight": "1L",
    "prices": [
      {
        "state": "NSW",
        "price": "900",
        "price_per_unit": "240",
        "price_unit": "L"
      },
      {
        "state": "VIC",
        "price": "900",
        "price_per_unit": "240",
        "price_unit": "L"
      },
      {
        "state": "QLD",
        "price": "900",
        "price_per_unit": "240",
        "price_unit": "L"
      },
      {
        "state": "WA",
        "price": "900",
        "price_per_unit": "240",
        "price_unit": "L"
      },
      {
        "state": "SA",
        "price": "900",
        "price_per_unit": "240",
        "price_unit": "L"
      },
      {
        "state": "TAS",
        "price": "900",
        "price_per_unit": "240",
        "price_unit": "L"
      },
      {
        "state": "ACT",
        "price": "900",
        "price_per_unit": "240",
        "price_unit": "L"
      },
      {
        "state": "NT",
        "price": "900",
        "price_per_unit": "240",
        "price_unit": "L"
      }
    ]
  },
  {
    "source_url": "https://www.woolworths.com.au/shop/productdetails/942185/solo-original-lemon-soft-drink-mini-cans",
    "name": "Solo Original Lemon Soft Drink Mini Cans 275mL x 6 pack",
    "image_url": "https://cdn1.woolworths.media/content/wowproductimages/large/942185.jpg",
    "source_id": "Woolworths - 942185",
    "barcode": "9315596009308",
    "shop": "Woolworths",
    "weight": "1L",
    "prices": [
      {
        "state": "NSW",
        "price": "585",
        "price_per_unit": "355",
        "price_unit": "L"
      },
      {
        "state": "VIC",
        "price": "585",
        "price_per_unit": "355",
        "price_unit": "L"
      },
      {
        "state": "QLD",
        "price": "585",
        "price_per_unit": "355",
        "price_unit": "L"
      },
      {
        "state": "WA",
        "price": "585",
        "price_per_unit": "355",
        "price_unit": "L"
      },
      {
        "state": "SA",
        "price": "585",
        "price_per_unit": "355",
        "price_unit": "L"
      },
      {
        "state": "TAS",
        "price": "585",
        "price_per_unit": "355",
        "price_unit": "L"
      },
      {
        "state": "ACT",
        "price": "585",
        "price_per_unit": "355",
        "price_unit": "L"
      },
      {
        "state": "NT",
        "price": "585",
        "price_per_unit": "355",
        "price_unit": "L"
      }
    ]
  },
  {
    "source_url": "https://www.woolworths.com.au/shop/productdetails/93187/sprite-lemonade-soft-drink-bottle",
    "name": "Sprite Lemonade Soft Drink Bottle 600ml",
    "image_url": "https://cdn1.woolworths.media/content/wowproductimages/large/093187.jpg",
    "source_id": "Woolworths - 93187",
    "barcode": "9300675009867",
    "shop": "Woolworths",
    "weight": "1L",
    "prices": [
      {
        "state": "NSW",
        "price": "425",
        "price_per_unit": "708",
        "price_unit": "L"
      },
      {
        "state": "VIC",
        "price": "425",
        "price_per_unit": "708",
        "price_unit": "L"
      },
      {
        "state": "QLD",
        "price": "425",
        "price_per_unit": "708",
        "price_unit": "L"
      },
      {
        "state": "WA",
        "price": "425",
        "price_per_unit": "708",
        "price_unit": "L"
      },
      {
        "state": "SA",
        "price": "425",
        "price_per_unit": "708",
        "price_unit": "L"
      },
      {
        "state": "TAS",
        "price": "425",
        "price_per_unit": "708",
        "price_unit": "L"
      },
      {
        "state": "ACT",
        "price": "425",
        "price_per_unit": "708",
        "price_unit": "L"
      },
      {
        "state": "NT",
        "price": "450",
        "price_per_unit": "750",
        "price_unit": "L"
      }
    ]
  },
  {
    "source_url": "https://www.woolworths.com.au/shop/productdetails/792155/sprite-lemonade-soft-drink-can",
    "name": "Sprite Lemonade Soft Drink Can 250ml",
    "image_url": "https://cdn1.woolworths.media/content/wowproductimages/large/792155.jpg",
    "source_id": "Woolworths - 792155",
    "barcode": "9300675057950",
    "shop": "Woolworths",
    "weight": "1L",
    "prices": [
      {
        "state": "NSW",
        "price": "250",
        "price_per_unit": "1000",
        "price_unit": "L"
      },
      {
        "state": "VIC",
        "price": "250",
        "price_per_unit": "1000",
        "price_unit": "L"
      },
      {
        "state": "QLD",
        "price": "250",
        "price_per_unit": "1000",
        "price_unit": "L"
      },
      {
        "state": "WA",
        "price": "250",
        "price_per_unit": "1000",
        "price_unit": "L"
      },
      {
        "state": "SA",
        "price": "250",
        "price_per_unit": "1000",
        "price_unit": "L"
      },
      {
        "state": "TAS",
        "price": "250",
        "price_per_unit": "1000",
        "price_unit": "L"
      },
      {
        "state": "ACT",
        "price": "250",
        "price_per_unit": "1000",
        "price_unit": "L"
      },
      {
        "state": "NT",
        "price": "265",
        "price_per_unit": "1060",
        "price_unit": "L"
      }
    ]
  },
  {
    "source_url": "https://www.woolworths.com.au/shop/productdetails/244826/sprite-lemonade-soft-drink-mini-cans",
    "name": "Sprite Lemonade Soft Drink Mini Cans 250ml x 6 Pack",
    "image_url": "https://cdn1.woolworths.media/content/wowproductimages/large/244826.jpg",
    "source_id": "Woolworths - 244826",
    "barcode": "9300675090919",
    "shop": "Woolworths",
    "weight": "1L",
    "prices": [
      {
        "state": "NSW",
        "price": "965",
        "price_per_unit": "643",
        "price_unit": "L"
      },
      {
        "state": "VIC",
        "price": "965",
        "price_per_unit": "643",
        "price_unit": "L"
      },
      {
        "state": "QLD",
        "price": "965",
        "price_per_unit": "643",
        "price_unit": "L"
      },
      {
        "state": "WA",
        "price": "965",
        "price_per_unit": "643",
        "price_unit": "L"
      },
      {
        "state": "SA",
        "price": "965",
        "price_per_unit": "643",
        "price_unit": "L"
      },
      {
        "state": "TAS",
        "price": "965",
        "price_per_unit": "643",
        "price_unit": "L"
      },
      {
        "state": "ACT",
        "price": "965",
        "price_per_unit": "643",
        "price_unit": "L"
      },
      {
        "state": "NT",
        "price": "1015",
        "price_per_unit": "677",
        "price_unit": "L"
      }
    ]
  },
  {
    "source_url": "https://www.woolworths.com.au/shop/productdetails/245007/sprite-zero-sugar-lemonade-soft-drink-mini-cans",
    "name": "Sprite Zero Sugar Lemonade Soft Drink Mini Cans 250ml x 6 Pack",
    "image_url": "https://cdn1.woolworths.media/content/wowproductimages/large/245007.jpg",
    "source_id": "Woolworths - 245007",
    "barcode": "9300675090926",
    "shop": "Woolworths",
    "weight": "1L",
    "prices": [
      {
        "state": "NSW",
        "price": "965",
        "price_per_unit": "643",
        "price_unit": "L"
      },
      {
        "state": "VIC",
        "price": "965",
        "price_per_unit": "643",
        "price_unit": "L"
      },
      {
        "state": "QLD",
        "price": "965",
        "price_per_unit": "643",
        "price_unit": "L"
      },
      {
        "state": "WA",
        "price": "965",
        "price_per_unit": "643",
        "price_unit": "L"
      },
      {
        "state": "SA",
        "price": "965",
        "price_per_unit": "643",
        "price_unit": "L"
      },
      {
        "state": "TAS",
        "price": "965",
        "price_per_unit": "643",
        "price_unit": "L"
      },
      {
        "state": "ACT",
        "price": "965",
        "price_per_unit": "643",
        "price_unit": "L"
      },
      {
        "state": "NT",
        "price": "1015",
        "price_per_unit": "677",
        "price_unit": "L"
      }
    ]
  },
  {
    "source_url": "https://www.woolworths.com.au/shop/productdetails/864460/sprite-zero-sugar-soft-drink-bottle",
    "name": "Sprite Zero Sugar Soft Drink Bottle 600ml",
    "image_url": "https://cdn1.woolworths.media/content/wowproductimages/large/864460.jpg",
    "source_id": "Woolworths - 864460",
    "barcode": "9300675087117",
    "shop": "Woolworths",
    "weight": "1L",
    "prices": [
      {
        "state": "NSW",
        "price": "425",
        "price_per_unit": "708",
        "price_unit": "L"
      },
      {
        "state": "VIC",
        "price": "425",
        "price_per_unit": "708",
        "price_unit": "L"
      },
      {
        "state": "QLD",
        "price": "425",
        "price_per_unit": "708",
        "price_unit": "L"
      },
      {
        "state": "WA",
        "price": "425",
        "price_per_unit": "708",
        "price_unit": "L"
      },
      {
        "state": "SA",
        "price": "425",
        "price_per_unit": "708",
        "price_unit": "L"
      },
      {
        "state": "TAS",
        "price": "425",
        "price_per_unit": "708",
        "price_unit": "L"
      },
      {
        "state": "ACT",
        "price": "425",
        "price_per_unit": "708",
        "price_unit": "L"
      },
      {
        "state": "NT",
        "price": "450",
        "price_per_unit": "750",
        "price_unit": "L"
      }
    ]
  },
  {
    "source_url": "https://www.woolworths.com.au/shop/productdetails/1075037308/strangelove-double-ginger-lo-cal-soda-330ml-cans-x-24",
    "name": "StrangeLove Double Ginger Lo-Cal Soda 330ml Cans x 24",
    "image_url": "https://cdn1.woolworths.media/content/wowproductimages/large/1075037308.jpg",
    "source_id": "Woolworths - 1075037308",
    "barcode": "",
    "shop": "Woolworths",
    "weight": "1EA",
    "prices": [
      {
        "state": "NSW",
        "price": "6800",
        "price_per_unit": "283",
        "price_unit": "EA"
      },
      {
        "state": "VIC",
        "price": "6800",
        "price_per_unit": "283",
        "price_unit": "EA"
      },
      {
        "state": "QLD",
        "price": "6800",
        "price_per_unit": "283",
        "price_unit": "EA"
      },
      {
        "state": "WA",
        "price": "6800",
        "price_per_unit": "283",
        "price_unit": "EA"
      },
      {
        "state": "SA",
        "price": "6800",
        "price_per_unit": "283",
        "price_unit": "EA"
      },
      {
        "state": "TAS",
        "price": "6800",
        "price_per_unit": "283",
        "price_unit": "EA"
      },
      {
        "state": "ACT",
        "price": "6800",
        "price_per_unit": "283",
        "price_unit": "EA"
      },
      {
        "state": "NT",
        "price": "6800",
        "price_per_unit": "283",
        "price_unit": "EA"
      }
    ]
  },
  {
    "source_url": "https://www.woolworths.com.au/shop/productdetails/1073863276/strangelove-guava-sparkling-water-330ml-cans-6x4-pack",
    "name": "StrangeLove Guava Sparkling Water 330ml Cans - 6x4 Pack",
    "image_url": "https://cdn1.woolworths.media/content/wowproductimages/large/1073863276.jpg",
    "source_id": "Woolworths - 1073863276",
    "barcode": "",
    "shop": "Woolworths",
    "weight": "1L",
    "prices": [
      {
        "state": "NSW",
        "price": "5000",
        "price_per_unit": "631",
        "price_unit": "L"
      },
      {
        "state": "VIC",
        "price": "5000",
        "price_per_unit": "631",
        "price_unit": "L"
      },
      {
        "state": "QLD",
        "price": "5000",
        "price_per_unit": "631",
        "price_unit": "L"
      },
      {
        "state": "WA",
        "price": "5000",
        "price_per_unit": "631",
        "price_unit": "L"
      },
      {
        "state": "SA",
        "price": "5000",
        "price_per_unit": "631",
        "price_unit": "L"
      },
      {
        "state": "TAS",
        "price": "5000",
        "price_per_unit": "631",
        "price_unit": "L"
      },
      {
        "state": "ACT",
        "price": "5000",
        "price_per_unit": "631",
        "price_unit": "L"
      },
      {
        "state": "NT",
        "price": "5000",
        "price_per_unit": "631",
        "price_unit": "L"
      }
    ]
  },
  {
    "source_url": "https://www.woolworths.com.au/shop/productdetails/1073863267/strangelove-lemon-sparkling-water-330ml-cans-6x4-pack",
    "name": "StrangeLove Lemon Sparkling Water 330ml Cans - 6x4 Pack",
    "image_url": "https://cdn1.woolworths.media/content/wowproductimages/large/1073863267.jpg",
    "source_id": "Woolworths - 1073863267",
    "barcode": "",
    "shop": "Woolworths",
    "weight": "1L",
    "prices": [
      {
        "state": "NSW",
        "price": "5000",
        "price_per_unit": "631",
        "price_unit": "L"
      },
      {
        "state": "VIC",
        "price": "5000",
        "price_per_unit": "631",
        "price_unit": "L"
      },
      {
        "state": "QLD",
        "price": "5000",
        "price_per_unit": "631",
        "price_unit": "L"
      },
      {
        "state": "WA",
        "price": "5000",
        "price_per_unit": "631",
        "price_unit": "L"
      },
      {
        "state": "SA",
        "price": "5000",
        "price_per_unit": "631",
        "price_unit": "L"
      },
      {
        "state": "TAS",
        "price": "5000",
        "price_per_unit": "631",
        "price_unit": "L"
      },
      {
        "state": "ACT",
        "price": "5000",
        "price_per_unit": "631",
        "price_unit": "L"
      },
      {
        "state": "NT",
        "price": "5000",
        "price_per_unit": "631",
        "price_unit": "L"
      }
    ]
  },
  {
    "source_url": "https://www.woolworths.com.au/shop/productdetails/1075037309/strangelove-lime-jalapeno-lo-cal-soda-330ml-cans-x24",
    "name": "StrangeLove Lime & Jalapeno Lo-Cal Soda 330ml Cans x24",
    "image_url": "https://cdn1.woolworths.media/content/wowproductimages/large/1075037309.jpg",
    "source_id": "Woolworths - 1075037309",
    "barcode": "",
    "shop": "Woolworths",
    "weight": "1EA",
    "prices": [
      {
        "state": "NSW",
        "price": "6800",
        "price_per_unit": "283",
        "price_unit": "EA"
      },
      {
        "state": "VIC",
        "price": "6800",
        "price_per_unit": "283",
        "price_unit": "EA"
      },
      {
        "state": "QLD",
        "price": "6800",
        "price_per_unit": "283",
        "price_unit": "EA"
      },
      {
        "state": "WA",
        "price": "6800",
        "price_per_unit": "283",
        "price_unit": "EA"
      },
      {
        "state": "SA",
        "price": "6800",
        "price_per_unit": "283",
        "price_unit": "EA"
      },
      {
        "state": "TAS",
        "price": "6800",
        "price_per_unit": "283",
        "price_unit": "EA"
      },
      {
        "state": "ACT",
        "price": "6800",
        "price_per_unit": "283",
        "price_unit": "EA"
      },
      {
        "state": "NT",
        "price": "6800",
        "price_per_unit": "283",
        "price_unit": "EA"
      }
    ]
  },
  {
    "source_url": "https://www.woolworths.com.au/shop/productdetails/1073863265/strangelove-sparkling-australian-mineral-water-330ml-cans-6x4-pack",
    "name": "StrangeLove Sparkling Australian Mineral Water 330ml Cans - 6x4 Pack",
    "image_url": "https://cdn1.woolworths.media/content/wowproductimages/large/1073863265.jpg",
    "source_id": "Woolworths - 1073863265",
    "barcode": "",
    "shop": "Woolworths",
    "weight": "1L",
    "prices": [
      {
        "state": "NSW",
        "price": "5000",
        "price_per_unit": "631",
        "price_unit": "L"
      },
      {
        "state": "VIC",
        "price": "5000",
        "price_per_unit": "631",
        "price_unit": "L"
      },
      {
        "state": "QLD",
        "price": "5000",
        "price_per_unit": "631",
        "price_unit": "L"
      },
      {
        "state": "WA",
        "price": "5000",
        "price_per_unit": "631",
        "price_unit": "L"
      },
      {
        "state": "SA",
        "price": "5000",
        "price_per_unit": "631",
        "price_unit": "L"
      },
      {
        "state": "TAS",
        "price": "5000",
        "price_per_unit": "631",
        "price_unit": "L"
      },
      {
        "state": "ACT",
        "price": "5000",
        "price_per_unit": "631",
        "price_unit": "L"
      },
      {
        "state": "NT",
        "price": "5000",
        "price_per_unit": "631",
        "price_unit": "L"
      }
    ]
  },
  {
    "source_url": "https://www.woolworths.com.au/shop/productdetails/1075037315/strangelove-very-mandarin-lo-cal-soda-330ml-cans-x-24",
    "name": "StrangeLove Very Mandarin Lo-Cal Soda 330ml Cans x 24",
    "image_url": "https://cdn1.woolworths.media/content/wowproductimages/large/1075037315.jpg",
    "source_id": "Woolworths - 1075037315",
    "barcode": "",
    "shop": "Woolworths",
    "weight": "1EA",
    "prices": [
      {
        "state": "NSW",
        "price": "6800",
        "price_per_unit": "283",
        "price_unit": "EA"
      },
      {
        "state": "VIC",
        "price": "6800",
        "price_per_unit": "283",
        "price_unit": "EA"
      },
      {
        "state": "QLD",
        "price": "6800",
        "price_per_unit": "283",
        "price_unit": "EA"
      },
      {
        "state": "WA",
        "price": "6800",
        "price_per_unit": "283",
        "price_unit": "EA"
      },
      {
        "state": "SA",
        "price": "6800",
        "price_per_unit": "283",
        "price_unit": "EA"
      },
      {
        "state": "TAS",
        "price": "6800",
        "price_per_unit": "283",
        "price_unit": "EA"
      },
      {
        "state": "ACT",
        "price": "6800",
        "price_per_unit": "283",
        "price_unit": "EA"
      },
      {
        "state": "NT",
        "price": "6800",
        "price_per_unit": "283",
        "price_unit": "EA"
      }
    ]
  },
  {
    "source_url": "https://www.woolworths.com.au/shop/productdetails/1075037316/strangelove-yuzu-lo-cal-soda-330ml-cans-x-24",
    "name": "StrangeLove Yuzu Lo-Cal Soda 330ml Cans x 24",
    "image_url": "https://cdn1.woolworths.media/content/wowproductimages/large/1075037316.jpg",
    "source_id": "Woolworths - 1075037316",
    "barcode": "",
    "shop": "Woolworths",
    "weight": "1EA",
    "prices": [
      {
        "state": "NSW",
        "price": "6800",
        "price_per_unit": "283",
        "price_unit": "EA"
      },
      {
        "state": "VIC",
        "price": "6800",
        "price_per_unit": "283",
        "price_unit": "EA"
      },
      {
        "state": "QLD",
        "price": "6800",
        "price_per_unit": "283",
        "price_unit": "EA"
      },
      {
        "state": "WA",
        "price": "6800",
        "price_per_unit": "283",
        "price_unit": "EA"
      },
      {
        "state": "SA",
        "price": "6800",
        "price_per_unit": "283",
        "price_unit": "EA"
      },
      {
        "state": "TAS",
        "price": "6800",
        "price_per_unit": "283",
        "price_unit": "EA"
      },
      {
        "state": "ACT",
        "price": "6800",
        "price_per_unit": "283",
        "price_unit": "EA"
      },
      {
        "state": "NT",
        "price": "6800",
        "price_per_unit": "283",
        "price_unit": "EA"
      }
    ]
  },
  {
    "source_url": "https://www.woolworths.com.au/shop/productdetails/935973/sunkist-soft-drink-mini-cans",
    "name": "Sunkist Soft Drink Mini Cans 275mL x 6 pack",
    "image_url": "https://cdn1.woolworths.media/content/wowproductimages/large/935973.jpg",
    "source_id": "Woolworths - 935973",
    "barcode": "9315596009322",
    "shop": "Woolworths",
    "weight": "1L",
    "prices": [
      {
        "state": "NSW",
        "price": "585",
        "price_per_unit": "355",
        "price_unit": "L"
      },
      {
        "state": "VIC",
        "price": "585",
        "price_per_unit": "355",
        "price_unit": "L"
      },
      {
        "state": "QLD",
        "price": "585",
        "price_per_unit": "355",
        "price_unit": "L"
      },
      {
        "state": "WA",
        "price": "585",
        "price_per_unit": "355",
        "price_unit": "L"
      },
      {
        "state": "SA",
        "price": "585",
        "price_per_unit": "355",
        "price_unit": "L"
      },
      {
        "state": "TAS",
        "price": "585",
        "price_per_unit": "355",
        "price_unit": "L"
      },
      {
        "state": "ACT",
        "price": "585",
        "price_per_unit": "355",
        "price_unit": "L"
      },
      {
        "state": "NT",
        "price": "585",
        "price_per_unit": "355",
        "price_unit": "L"
      }
    ]
  },
  {
    "source_url": "https://www.woolworths.com.au/shop/productdetails/1074294373/usa-cans-355ml-dr-pepper-cream-soda-12pk",
    "name": "Usa Cans 355Ml Dr Pepper Cream Soda 12Pk",
    "image_url": "https://cdn1.woolworths.media/content/wowproductimages/large/1074294373.jpg",
    "source_id": "Woolworths - 1074294373",
    "barcode": "",
    "shop": "Woolworths",
    "weight": "1L",
    "prices": [
      {
        "state": "NSW",
        "price": "3650",
        "price_per_unit": "857",
        "price_unit": "L"
      },
      {
        "state": "VIC",
        "price": "3650",
        "price_per_unit": "857",
        "price_unit": "L"
      },
      {
        "state": "QLD",
        "price": "3650",
        "price_per_unit": "857",
        "price_unit": "L"
      },
      {
        "state": "WA",
        "price": "3650",
        "price_per_unit": "857",
        "price_unit": "L"
      },
      {
        "state": "SA",
        "price": "3650",
        "price_per_unit": "857",
        "price_unit": "L"
      },
      {
        "state": "TAS",
        "price": "3650",
        "price_per_unit": "857",
        "price_unit": "L"
      },
      {
        "state": "ACT",
        "price": "3650",
        "price_per_unit": "857",
        "price_unit": "L"
      },
      {
        "state": "NT",
        "price": "3650",
        "price_per_unit": "857",
        "price_unit": "L"
      }
    ]
  },
  {
    "source_url": "https://www.woolworths.com.au/shop/productdetails/1075830213/usa-cans-355ml-dr-pepper-strawberries-cream-12pk",
    "name": "Usa Cans 355mL Dr Pepper Strawberries & Cream 12Pk",
    "image_url": "https://cdn1.woolworths.media/content/wowproductimages/large/1075830213.jpg",
    "source_id": "Woolworths - 1075830213",
    "barcode": "",
    "shop": "Woolworths",
    "weight": "1L",
    "prices": [
      {
        "state": "NSW",
        "price": "3650",
        "price_per_unit": "857",
        "price_unit": "L"
      },
      {
        "state": "VIC",
        "price": "3650",
        "price_per_unit": "857",
        "price_unit": "L"
      },
      {
        "state": "QLD",
        "price": "3650",
        "price_per_unit": "857",
        "price_unit": "L"
      },
      {
        "state": "WA",
        "price": "3650",
        "price_per_unit": "857",
        "price_unit": "L"
      },
      {
        "state": "SA",
        "price": "3650",
        "price_per_unit": "857",
        "price_unit": "L"
      },
      {
        "state": "TAS",
        "price": "3650",
        "price_per_unit": "857",
        "price_unit": "L"
      },
      {
        "state": "ACT",
        "price": "3650",
        "price_per_unit": "857",
        "price_unit": "L"
      },
      {
        "state": "NT",
        "price": "3650",
        "price_per_unit": "857",
        "price_unit": "L"
      }
    ]
  },
  {
    "source_url": "https://www.woolworths.com.au/shop/productdetails/1074294292/usa-cans-355ml-fanta-berry-12pk",
    "name": "Usa Cans 355Ml Fanta Berry 12Pk",
    "image_url": "https://cdn1.woolworths.media/content/wowproductimages/large/1074294292.jpg",
    "source_id": "Woolworths - 1074294292",
    "barcode": "",
    "shop": "Woolworths",
    "weight": "1L",
    "prices": [
      {
        "state": "NSW",
        "price": "3650",
        "price_per_unit": "857",
        "price_unit": "L"
      },
      {
        "state": "VIC",
        "price": "3650",
        "price_per_unit": "857",
        "price_unit": "L"
      },
      {
        "state": "QLD",
        "price": "3650",
        "price_per_unit": "857",
        "price_unit": "L"
      },
      {
        "state": "WA",
        "price": "3650",
        "price_per_unit": "857",
        "price_unit": "L"
      },
      {
        "state": "SA",
        "price": "3650",
        "price_per_unit": "857",
        "price_unit": "L"
      },
      {
        "state": "TAS",
        "price": "3650",
        "price_per_unit": "857",
        "price_unit": "L"
      },
      {
        "state": "ACT",
        "price": "3650",
        "price_per_unit": "857",
        "price_unit": "L"
      },
      {
        "state": "NT",
        "price": "3650",
        "price_per_unit": "857",
        "price_unit": "L"
      }
    ]
  },
  {
    "source_url": "https://www.woolworths.com.au/shop/productdetails/1074294320/usa-cans-355ml-fanta-grape-12pk",
    "name": "Usa Cans 355Ml Fanta Grape 12Pk",
    "image_url": "https://cdn1.woolworths.media/content/wowproductimages/large/1074294320.jpg",
    "source_id": "Woolworths - 1074294320",
    "barcode": "",
    "shop": "Woolworths",
    "weight": "1L",
    "prices": [
      {
        "state": "NSW",
        "price": "3650",
        "price_per_unit": "857",
        "price_unit": "L"
      },
      {
        "state": "VIC",
        "price": "3650",
        "price_per_unit": "857",
        "price_unit": "L"
      },
      {
        "state": "QLD",
        "price": "3650",
        "price_per_unit": "857",
        "price_unit": "L"
      },
      {
        "state": "WA",
        "price": "3650",
        "price_per_unit": "857",
        "price_unit": "L"
      },
      {
        "state": "SA",
        "price": "3650",
        "price_per_unit": "857",
        "price_unit": "L"
      },
      {
        "state": "TAS",
        "price": "3650",
        "price_per_unit": "857",
        "price_unit": "L"
      },
      {
        "state": "ACT",
        "price": "3650",
        "price_per_unit": "857",
        "price_unit": "L"
      },
      {
        "state": "NT",
        "price": "3650",
        "price_per_unit": "857",
        "price_unit": "L"
      }
    ]
  },
  {
    "source_url": "https://www.woolworths.com.au/shop/productdetails/1074294369/usa-cans-355ml-fanta-strawberry-12pk",
    "name": "Usa Cans 355Ml Fanta Strawberry 12Pk",
    "image_url": "https://cdn1.woolworths.media/content/wowproductimages/large/1074294369.jpg",
    "source_id": "Woolworths - 1074294369",
    "barcode": "",
    "shop": "Woolworths",
    "weight": "1L",
    "prices": [
      {
        "state": "NSW",
        "price": "3650",
        "price_per_unit": "857",
        "price_unit": "L"
      },
      {
        "state": "VIC",
        "price": "3650",
        "price_per_unit": "857",
        "price_unit": "L"
      },
      {
        "state": "QLD",
        "price": "3650",
        "price_per_unit": "857",
        "price_unit": "L"
      },
      {
        "state": "WA",
        "price": "3650",
        "price_per_unit": "857",
        "price_unit": "L"
      },
      {
        "state": "SA",
        "price": "3650",
        "price_per_unit": "857",
        "price_unit": "L"
      },
      {
        "state": "TAS",
        "price": "3650",
        "price_per_unit": "857",
        "price_unit": "L"
      },
      {
        "state": "ACT",
        "price": "3650",
        "price_per_unit": "857",
        "price_unit": "L"
      },
      {
        "state": "NT",
        "price": "3650",
        "price_per_unit": "857",
        "price_unit": "L"
      }
    ]
  },
  {
    "source_url": "https://www.woolworths.com.au/shop/productdetails/1075915157/usa-cans-dr-pepper-cherry-355ml-12pk",
    "name": "USA Cans Dr Pepper Cherry 355mL 12Pk",
    "image_url": "https://cdn1.woolworths.media/content/wowproductimages/large/1075915157.jpg",
    "source_id": "Woolworths - 1075915157",
    "barcode": "",
    "shop": "Woolworths",
    "weight": "1L",
    "prices": [
      {
        "state": "NSW",
        "price": "3650",
        "price_per_unit": "857",
        "price_unit": "L"
      },
      {
        "state": "VIC",
        "price": "3650",
        "price_per_unit": "857",
        "price_unit": "L"
      },
      {
        "state": "QLD",
        "price": "3650",
        "price_per_unit": "857",
        "price_unit": "L"
      },
      {
        "state": "WA",
        "price": "3650",
        "price_per_unit": "857",
        "price_unit": "L"
      },
      {
        "state": "SA",
        "price": "3650",
        "price_per_unit": "857",
        "price_unit": "L"
      },
      {
        "state": "TAS",
        "price": "3650",
        "price_per_unit": "857",
        "price_unit": "L"
      },
      {
        "state": "ACT",
        "price": "3650",
        "price_per_unit": "857",
        "price_unit": "L"
      },
      {
        "state": "NT",
        "price": "3650",
        "price_per_unit": "857",
        "price_unit": "L"
      }
    ]
  },
  {
    "source_url": "https://www.woolworths.com.au/shop/productdetails/42605/coca-cola-classic-soft-drink-multipack-cans",
    "name": "Coca-Cola Classic Soft Drink Multipack Cans 375ml X 24 Pack",
    "image_url": "https://cdn1.woolworths.media/content/wowproductimages/large/042605.jpg",
    "source_id": "Woolworths - 42605",
    "barcode": "9300675000628",
    "shop": "Woolworths",
    "weight": "1L",
    "prices": [
      {
        "state": "VIC",
        "price": "3850",
        "price_per_unit": "428",
        "price_unit": "L"
      },
      {
        "state": "QLD",
        "price": "3850",
        "price_per_unit": "428",
        "price_unit": "L"
      },
      {
        "state": "WA",
        "price": "3850",
        "price_per_unit": "428",
        "price_unit": "L"
      },
      {
        "state": "SA",
        "price": "3850",
        "price_per_unit": "428",
        "price_unit": "L"
      },
      {
        "state": "TAS",
        "price": "3615",
        "price_per_unit": "402",
        "price_unit": "L"
      },
      {
        "state": "ACT",
        "price": "3850",
        "price_per_unit": "428",
        "price_unit": "L"
      },
      {
        "state": "NT",
        "price": "4045",
        "price_per_unit": "449",
        "price_unit": "L"
      }
    ]
  },
  {
    "source_url": "https://www.woolworths.com.au/shop/productdetails/793278/coca-cola-diet-soft-drink-multipack-cans",
    "name": "Coca-Cola Diet Soft Drink Multipack Cans 375ml X 10 Pack",
    "image_url": "https://cdn1.woolworths.media/content/wowproductimages/large/793278.jpg",
    "source_id": "Woolworths - 793278",
    "barcode": "9300675014793",
    "shop": "Woolworths",
    "weight": "1L",
    "prices": [
      {
        "state": "VIC",
        "price": "1140",
        "price_per_unit": "304",
        "price_unit": "L"
      },
      {
        "state": "QLD",
        "price": "1140",
        "price_per_unit": "304",
        "price_unit": "L"
      },
      {
        "state": "WA",
        "price": "1140",
        "price_per_unit": "304",
        "price_unit": "L"
      },
      {
        "state": "SA",
        "price": "1140",
        "price_per_unit": "304",
        "price_unit": "L"
      },
      {
        "state": "TAS",
        "price": "1070",
        "price_per_unit": "285",
        "price_unit": "L"
      },
      {
        "state": "NT",
        "price": "1190",
        "price_per_unit": "317",
        "price_unit": "L"
      }
    ]
  },
  {
    "source_url": "https://www.woolworths.com.au/shop/productdetails/370757/coca-cola-diet-soft-drink-multipack-cans",
    "name": "Coca-Cola Diet Soft Drink Multipack Cans 375ml X 24 Pack",
    "image_url": "https://cdn1.woolworths.media/content/wowproductimages/large/370757.jpg",
    "source_id": "Woolworths - 370757",
    "barcode": "9300675000635",
    "shop": "Woolworths",
    "weight": "1L",
    "prices": [
      {
        "state": "VIC",
        "price": "3850",
        "price_per_unit": "428",
        "price_unit": "L"
      },
      {
        "state": "QLD",
        "price": "3850",
        "price_per_unit": "428",
        "price_unit": "L"
      },
      {
        "state": "WA",
        "price": "3850",
        "price_per_unit": "428",
        "price_unit": "L"
      },
      {
        "state": "SA",
        "price": "3850",
        "price_per_unit": "428",
        "price_unit": "L"
      },
      {
        "state": "TAS",
        "price": "3615",
        "price_per_unit": "402",
        "price_unit": "L"
      },
      {
        "state": "ACT",
        "price": "3850",
        "price_per_unit": "428",
        "price_unit": "L"
      },
      {
        "state": "NT",
        "price": "4045",
        "price_per_unit": "449",
        "price_unit": "L"
      }
    ]
  },
  {
    "source_url": "https://www.woolworths.com.au/shop/productdetails/85159/coca-cola-diet-soft-drink-multipack-cans",
    "name": "Coca-Cola Diet Soft Drink Multipack Cans 375ml X 30 Pack",
    "image_url": "https://cdn1.woolworths.media/content/wowproductimages/large/085159.jpg",
    "source_id": "Woolworths - 85159",
    "barcode": "9300675012249",
    "shop": "Woolworths",
    "weight": "1L",
    "prices": [
      {
        "state": "VIC",
        "price": "2830",
        "price_per_unit": "252",
        "price_unit": "L"
      },
      {
        "state": "WA",
        "price": "2830",
        "price_per_unit": "252",
        "price_unit": "L"
      },
      {
        "state": "SA",
        "price": "2830",
        "price_per_unit": "252",
        "price_unit": "L"
      },
      {
        "state": "TAS",
        "price": "2630",
        "price_per_unit": "234",
        "price_unit": "L"
      },
      {
        "state": "ACT",
        "price": "2830",
        "price_per_unit": "252",
        "price_unit": "L"
      },
      {
        "state": "NT",
        "price": "2975",
        "price_per_unit": "264",
        "price_unit": "L"
      }
    ]
  },
  {
    "source_url": "https://www.woolworths.com.au/shop/productdetails/244993/coca-cola-vanilla-soft-drink-mini-cans-mini-cans",
    "name": "Coca-Cola Vanilla Soft Drink Mini Cans 250ml X 6 Pack",
    "image_url": "https://cdn1.woolworths.media/content/wowproductimages/large/244993.jpg",
    "source_id": "Woolworths - 244993",
    "barcode": "9300675090889",
    "shop": "Woolworths",
    "weight": "1L",
    "prices": [
      {
        "state": "VIC",
        "price": "965",
        "price_per_unit": "643",
        "price_unit": "L"
      },
      {
        "state": "QLD",
        "price": "965",
        "price_per_unit": "643",
        "price_unit": "L"
      },
      {
        "state": "WA",
        "price": "965",
        "price_per_unit": "643",
        "price_unit": "L"
      },
      {
        "state": "SA",
        "price": "965",
        "price_per_unit": "643",
        "price_unit": "L"
      },
      {
        "state": "TAS",
        "price": "905",
        "price_per_unit": "603",
        "price_unit": "L"
      },
      {
        "state": "NT",
        "price": "1015",
        "price_per_unit": "677",
        "price_unit": "L"
      }
    ]
  },
  {
    "source_url": "https://www.woolworths.com.au/shop/productdetails/676160/coca-cola-vanilla-soft-drink-multipack-cans",
    "name": "Coca-Cola Vanilla Soft Drink Multipack Cans 375ml X 10 Pack",
    "image_url": "https://cdn1.woolworths.media/content/wowproductimages/large/676160.jpg",
    "source_id": "Woolworths - 676160",
    "barcode": "9300675084147",
    "shop": "Woolworths",
    "weight": "1L",
    "prices": [
      {
        "state": "VIC",
        "price": "1140",
        "price_per_unit": "304",
        "price_unit": "L"
      },
      {
        "state": "WA",
        "price": "1140",
        "price_per_unit": "304",
        "price_unit": "L"
      },
      {
        "state": "SA",
        "price": "1140",
        "price_per_unit": "304",
        "price_unit": "L"
      },
      {
        "state": "NT",
        "price": "1190",
        "price_per_unit": "317",
        "price_unit": "L"
      }
    ]
  },
  {
    "source_url": "https://www.woolworths.com.au/shop/productdetails/915572/coca-cola-zero-sugar-oreo-mini-cans",
    "name": "Coca-Cola Zero Sugar Oreo Mini Cans 250mL x 6 pack",
    "image_url": "https://cdn1.woolworths.media/content/wowproductimages/large/915572.jpg",
    "source_id": "Woolworths - 915572",
    "barcode": "9300675096065",
    "shop": "Woolworths",
    "weight": "1L",
    "prices": []
  },
  {
    "source_url": "https://www.woolworths.com.au/shop/productdetails/669683/coca-cola-zero-sugar-soft-drink-multipack-cans",
    "name": "Coca-Cola Zero Sugar Soft Drink Multipack Cans 24 x 375mL",
    "image_url": "https://cdn1.woolworths.media/content/wowproductimages/large/669683.jpg",
    "source_id": "Woolworths - 669683",
    "barcode": "9300675079709",
    "shop": "Woolworths",
    "weight": "1L",
    "prices": [
      {
        "state": "VIC",
        "price": "3850",
        "price_per_unit": "428",
        "price_unit": "L"
      },
      {
        "state": "QLD",
        "price": "3850",
        "price_per_unit": "428",
        "price_unit": "L"
      },
      {
        "state": "WA",
        "price": "3850",
        "price_per_unit": "428",
        "price_unit": "L"
      },
      {
        "state": "SA",
        "price": "3850",
        "price_per_unit": "428",
        "price_unit": "L"
      },
      {
        "state": "TAS",
        "price": "3615",
        "price_per_unit": "402",
        "price_unit": "L"
      },
      {
        "state": "ACT",
        "price": "3850",
        "price_per_unit": "428",
        "price_unit": "L"
      },
      {
        "state": "NT",
        "price": "4045",
        "price_per_unit": "449",
        "price_unit": "L"
      }
    ]
  },
  {
    "source_url": "https://www.woolworths.com.au/shop/productdetails/291041/diet-rite-orange-mango",
    "name": "Diet Rite Orange Mango 375ml x 12 Pack",
    "image_url": "https://cdn1.woolworths.media/content/wowproductimages/large/291041.jpg",
    "source_id": "Woolworths - 291041",
    "barcode": "9345905010749",
    "shop": "Woolworths",
    "weight": "1L",
    "prices": [
      {
        "state": "VIC",
        "price": "875",
        "price_per_unit": "194",
        "price_unit": "L"
      },
      {
        "state": "WA",
        "price": "875",
        "price_per_unit": "194",
        "price_unit": "L"
      },
      {
        "state": "ACT",
        "price": "875",
        "price_per_unit": "194",
        "price_unit": "L"
      }
    ]
  },
  {
    "source_url": "https://www.woolworths.com.au/shop/productdetails/925724/fanta-grape-soft-drink-mini-cans",
    "name": "Fanta Grape Soft Drink Mini Cans 250ml x 6 pack",
    "image_url": "https://cdn1.woolworths.media/content/wowproductimages/large/925724.jpg",
    "source_id": "Woolworths - 925724",
    "barcode": "9300675095204",
    "shop": "Woolworths",
    "weight": "1L",
    "prices": [
      {
        "state": "VIC",
        "price": "965",
        "price_per_unit": "643",
        "price_unit": "L"
      },
      {
        "state": "WA",
        "price": "965",
        "price_per_unit": "643",
        "price_unit": "L"
      },
      {
        "state": "SA",
        "price": "965",
        "price_per_unit": "643",
        "price_unit": "L"
      },
      {
        "state": "TAS",
        "price": "905",
        "price_per_unit": "603",
        "price_unit": "L"
      },
      {
        "state": "NT",
        "price": "1015",
        "price_per_unit": "677",
        "price_unit": "L"
      }
    ]
  },
  {
    "source_url": "https://www.woolworths.com.au/shop/productdetails/659038/fanta-mini-pineapple-zero-cans",
    "name": "Fanta Mini Pineapple Zero Cans 250ml x 6 Pack",
    "image_url": "https://cdn1.woolworths.media/content/wowproductimages/large/659038.jpg",
    "source_id": "Woolworths - 659038",
    "barcode": "9300675094351",
    "shop": "Woolworths",
    "weight": "1L",
    "prices": [
      {
        "state": "VIC",
        "price": "965",
        "price_per_unit": "3860",
        "price_unit": "L"
      },
      {
        "state": "WA",
        "price": "965",
        "price_per_unit": "3860",
        "price_unit": "L"
      },
      {
        "state": "SA",
        "price": "965",
        "price_per_unit": "3860",
        "price_unit": "L"
      },
      {
        "state": "NT",
        "price": "1015",
        "price_per_unit": "4060",
        "price_unit": "L"
      }
    ]
  },
  {
    "source_url": "https://www.woolworths.com.au/shop/productdetails/370743/fanta-orange-soft-drink-cans",
    "name": "Fanta Orange Soft Drink Cans 375ml x24 Pack",
    "image_url": "https://cdn1.woolworths.media/content/wowproductimages/large/370743.jpg",
    "source_id": "Woolworths - 370743",
    "barcode": "9300675003766",
    "shop": "Woolworths",
    "weight": "1L",
    "prices": [
      {
        "state": "VIC",
        "price": "3850",
        "price_per_unit": "428",
        "price_unit": "L"
      },
      {
        "state": "QLD",
        "price": "3850",
        "price_per_unit": "428",
        "price_unit": "L"
      },
      {
        "state": "WA",
        "price": "3850",
        "price_per_unit": "428",
        "price_unit": "L"
      },
      {
        "state": "SA",
        "price": "3850",
        "price_per_unit": "428",
        "price_unit": "L"
      },
      {
        "state": "ACT",
        "price": "3850",
        "price_per_unit": "428",
        "price_unit": "L"
      },
      {
        "state": "NT",
        "price": "4045",
        "price_per_unit": "449",
        "price_unit": "L"
      }
    ]
  },
  {
    "source_url": "https://www.woolworths.com.au/shop/productdetails/793311/fanta-orange-soft-drink-multipack-cans",
    "name": "Fanta Orange Soft Drink Multipack Cans 375ml x10 Pack",
    "image_url": "https://cdn1.woolworths.media/content/wowproductimages/large/793311.jpg",
    "source_id": "Woolworths - 793311",
    "barcode": "9300675014830",
    "shop": "Woolworths",
    "weight": "1L",
    "prices": [
      {
        "state": "VIC",
        "price": "1140",
        "price_per_unit": "304",
        "price_unit": "L"
      },
      {
        "state": "WA",
        "price": "1140",
        "price_per_unit": "304",
        "price_unit": "L"
      },
      {
        "state": "SA",
        "price": "1140",
        "price_per_unit": "304",
        "price_unit": "L"
      },
      {
        "state": "NT",
        "price": "1190",
        "price_per_unit": "317",
        "price_unit": "L"
      }
    ]
  },
  {
    "source_url": "https://www.woolworths.com.au/shop/productdetails/159799/kirks-creaming-soda-cans",
    "name": "Kirks Creaming Soda Cans 375ml x10 Pack",
    "image_url": "https://cdn1.woolworths.media/content/wowproductimages/large/159799.jpg",
    "source_id": "Woolworths - 159799",
    "barcode": "9300624010470",
    "shop": "Woolworths",
    "weight": "1L",
    "prices": [
      {
        "state": "VIC",
        "price": "1450",
        "price_per_unit": "387",
        "price_unit": "L"
      },
      {
        "state": "QLD",
        "price": "1450",
        "price_per_unit": "387",
        "price_unit": "L"
      },
      {
        "state": "WA",
        "price": "1450",
        "price_per_unit": "387",
        "price_unit": "L"
      },
      {
        "state": "SA",
        "price": "1450",
        "price_per_unit": "387",
        "price_unit": "L"
      },
      {
        "state": "TAS",
        "price": "1360",
        "price_per_unit": "363",
        "price_unit": "L"
      },
      {
        "state": "NT",
        "price": "1525",
        "price_per_unit": "407",
        "price_unit": "L"
      }
    ]
  },
  {
    "source_url": "https://www.woolworths.com.au/shop/productdetails/317387/kirks-creaming-soda-sugar-free-soda-soft-drink-multipack-cans",
    "name": "Kirks Creaming Soda Sugar Free Soda Soft Drink Multipack Cans 375ml x10 Pack",
    "image_url": "https://cdn1.woolworths.media/content/wowproductimages/large/317387.jpg",
    "source_id": "Woolworths - 317387",
    "barcode": "9300624016601",
    "shop": "Woolworths",
    "weight": "1L",
    "prices": [
      {
        "state": "VIC",
        "price": "1450",
        "price_per_unit": "387",
        "price_unit": "L"
      },
      {
        "state": "WA",
        "price": "1450",
        "price_per_unit": "387",
        "price_unit": "L"
      },
      {
        "state": "SA",
        "price": "1450",
        "price_per_unit": "387",
        "price_unit": "L"
      },
      {
        "state": "NT",
        "price": "1525",
        "price_per_unit": "407",
        "price_unit": "L"
      }
    ]
  },
  {
    "source_url": "https://www.woolworths.com.au/shop/productdetails/159797/kirks-lemon-squash-soft-drink-multipack-cans",
    "name": "Kirks Lemon Squash Soft Drink Multipack Cans 375ml x10 Pack",
    "image_url": "https://cdn1.woolworths.media/content/wowproductimages/large/159797.jpg",
    "source_id": "Woolworths - 159797",
    "barcode": "9300624010494",
    "shop": "Woolworths",
    "weight": "1L",
    "prices": [
      {
        "state": "VIC",
        "price": "1450",
        "price_per_unit": "387",
        "price_unit": "L"
      },
      {
        "state": "WA",
        "price": "1450",
        "price_per_unit": "387",
        "price_unit": "L"
      },
      {
        "state": "SA",
        "price": "1450",
        "price_per_unit": "387",
        "price_unit": "L"
      },
      {
        "state": "NT",
        "price": "1525",
        "price_per_unit": "407",
        "price_unit": "L"
      }
    ]
  },
  {
    "source_url": "https://www.woolworths.com.au/shop/productdetails/159796/kirks-lemonade-soft-drink-multipack-cans",
    "name": "Kirks Lemonade Soft Drink Multipack Cans 375ml x10 Pack",
    "image_url": "https://cdn1.woolworths.media/content/wowproductimages/large/159796.jpg",
    "source_id": "Woolworths - 159796",
    "barcode": "9300624010487",
    "shop": "Woolworths",
    "weight": "1L",
    "prices": [
      {
        "state": "VIC",
        "price": "1450",
        "price_per_unit": "387",
        "price_unit": "L"
      },
      {
        "state": "QLD",
        "price": "1450",
        "price_per_unit": "387",
        "price_unit": "L"
      },
      {
        "state": "WA",
        "price": "1450",
        "price_per_unit": "387",
        "price_unit": "L"
      },
      {
        "state": "SA",
        "price": "1450",
        "price_per_unit": "387",
        "price_unit": "L"
      },
      {
        "state": "TAS",
        "price": "1360",
        "price_per_unit": "363",
        "price_unit": "L"
      },
      {
        "state": "ACT",
        "price": "1450",
        "price_per_unit": "387",
        "price_unit": "L"
      },
      {
        "state": "NT",
        "price": "1525",
        "price_per_unit": "407",
        "price_unit": "L"
      }
    ]
  },
  {
    "source_url": "https://www.woolworths.com.au/shop/productdetails/159798/kirks-pasito-soft-drink-multipack-cans",
    "name": "Kirks Pasito Soft Drink Multipack Cans 375ml x10 Pack",
    "image_url": "https://cdn1.woolworths.media/content/wowproductimages/large/159798.jpg",
    "source_id": "Woolworths - 159798",
    "barcode": "9300624010524",
    "shop": "Woolworths",
    "weight": "1L",
    "prices": [
      {
        "state": "VIC",
        "price": "1450",
        "price_per_unit": "387",
        "price_unit": "L"
      },
      {
        "state": "QLD",
        "price": "1450",
        "price_per_unit": "387",
        "price_unit": "L"
      },
      {
        "state": "WA",
        "price": "1450",
        "price_per_unit": "387",
        "price_unit": "L"
      },
      {
        "state": "SA",
        "price": "1450",
        "price_per_unit": "387",
        "price_unit": "L"
      },
      {
        "state": "TAS",
        "price": "1360",
        "price_per_unit": "363",
        "price_unit": "L"
      },
      {
        "state": "ACT",
        "price": "1450",
        "price_per_unit": "387",
        "price_unit": "L"
      },
      {
        "state": "NT",
        "price": "1525",
        "price_per_unit": "407",
        "price_unit": "L"
      }
    ]
  },
  {
    "source_url": "https://www.woolworths.com.au/shop/productdetails/317388/kirks-sugar-free-lemon-squash-soft-drink-multipack-cans",
    "name": "Kirks Sugar Free Lemon Squash Soft Drink Multipack Cans 375ml x10 Pack",
    "image_url": "https://cdn1.woolworths.media/content/wowproductimages/large/317388.jpg",
    "source_id": "Woolworths - 317388",
    "barcode": "9300624016571",
    "shop": "Woolworths",
    "weight": "1L",
    "prices": [
      {
        "state": "VIC",
        "price": "1450",
        "price_per_unit": "387",
        "price_unit": "L"
      },
      {
        "state": "WA",
        "price": "1450",
        "price_per_unit": "387",
        "price_unit": "L"
      },
      {
        "state": "SA",
        "price": "1450",
        "price_per_unit": "387",
        "price_unit": "L"
      },
      {
        "state": "TAS",
        "price": "1360",
        "price_per_unit": "363",
        "price_unit": "L"
      },
      {
        "state": "NT",
        "price": "1525",
        "price_per_unit": "407",
        "price_unit": "L"
      }
    ]
  },
  {
    "source_url": "https://www.woolworths.com.au/shop/productdetails/322924/kirks-sugar-free-lemonade-soft-drink-multipack-cans",
    "name": "Kirks Sugar Free Lemonade Soft Drink  Multipack Cans 375ml x10 Pack",
    "image_url": "https://cdn1.woolworths.media/content/wowproductimages/large/322924.jpg",
    "source_id": "Woolworths - 322924",
    "barcode": "9300624016540",
    "shop": "Woolworths",
    "weight": "1L",
    "prices": [
      {
        "state": "VIC",
        "price": "1450",
        "price_per_unit": "387",
        "price_unit": "L"
      },
      {
        "state": "WA",
        "price": "1450",
        "price_per_unit": "387",
        "price_unit": "L"
      },
      {
        "state": "SA",
        "price": "1450",
        "price_per_unit": "387",
        "price_unit": "L"
      },
      {
        "state": "TAS",
        "price": "1360",
        "price_per_unit": "363",
        "price_unit": "L"
      },
      {
        "state": "NT",
        "price": "1525",
        "price_per_unit": "407",
        "price_unit": "L"
      }
    ]
  },
  {
    "source_url": "https://www.woolworths.com.au/shop/productdetails/609936/kirks-sugar-free-orange-soft-drink-multipack-cans",
    "name": "Kirks Sugar Free Orange Soft Drink Multipack Cans 375mL x 10 pack",
    "image_url": "https://cdn1.woolworths.media/content/wowproductimages/large/609936.jpg",
    "source_id": "Woolworths - 609936",
    "barcode": "9300675093545",
    "shop": "Woolworths",
    "weight": "1L",
    "prices": [
      {
        "state": "VIC",
        "price": "1450",
        "price_per_unit": "387",
        "price_unit": "L"
      },
      {
        "state": "QLD",
        "price": "1450",
        "price_per_unit": "387",
        "price_unit": "L"
      },
      {
        "state": "WA",
        "price": "1450",
        "price_per_unit": "387",
        "price_unit": "L"
      },
      {
        "state": "SA",
        "price": "1450",
        "price_per_unit": "387",
        "price_unit": "L"
      },
      {
        "state": "TAS",
        "price": "1360",
        "price_per_unit": "363",
        "price_unit": "L"
      },
      {
        "state": "ACT",
        "price": "1450",
        "price_per_unit": "387",
        "price_unit": "L"
      },
      {
        "state": "NT",
        "price": "1525",
        "price_per_unit": "407",
        "price_unit": "L"
      }
    ]
  },
  {
    "source_url": "https://www.woolworths.com.au/shop/productdetails/178416/kirks-sugar-free-pasito-soft-cans-bottle",
    "name": "Kirks Sugar Free Pasito Soft Cans 375ml x10 Pack",
    "image_url": "https://cdn1.woolworths.media/content/wowproductimages/large/178416.jpg",
    "source_id": "Woolworths - 178416",
    "barcode": "9300624034704",
    "shop": "Woolworths",
    "weight": "1L",
    "prices": [
      {
        "state": "VIC",
        "price": "1450",
        "price_per_unit": "387",
        "price_unit": "L"
      },
      {
        "state": "WA",
        "price": "1450",
        "price_per_unit": "387",
        "price_unit": "L"
      },
      {
        "state": "SA",
        "price": "1450",
        "price_per_unit": "387",
        "price_unit": "L"
      }
    ]
  },
  {
    "source_url": "https://www.woolworths.com.au/shop/productdetails/442169/mountain-dew-energised-soft-drink-multipack-cans",
    "name": "Mountain Dew Energised Soft Drink Multipack Cans 375ml x 10 Pack",
    "image_url": "https://cdn1.woolworths.media/content/wowproductimages/large/442169.jpg",
    "source_id": "Woolworths - 442169",
    "barcode": "9313820000534",
    "shop": "Woolworths",
    "weight": "1L",
    "prices": [
      {
        "state": "VIC",
        "price": "900",
        "price_per_unit": "240",
        "price_unit": "L"
      },
      {
        "state": "WA",
        "price": "900",
        "price_per_unit": "240",
        "price_unit": "L"
      },
      {
        "state": "SA",
        "price": "900",
        "price_per_unit": "240",
        "price_unit": "L"
      },
      {
        "state": "NT",
        "price": "900",
        "price_per_unit": "240",
        "price_unit": "L"
      }
    ]
  },
  {
    "source_url": "https://www.woolworths.com.au/shop/productdetails/62335/mountain-dew-energised-soft-drink-multipack-cans",
    "name": "Mountain Dew Energised Soft Drink Multipack Cans 375ml x 24 Pack",
    "image_url": "https://cdn1.woolworths.media/content/wowproductimages/large/062335.jpg",
    "source_id": "Woolworths - 62335",
    "barcode": "9313820002439",
    "shop": "Woolworths",
    "weight": "1L",
    "prices": [
      {
        "state": "VIC",
        "price": "3485",
        "price_per_unit": "387",
        "price_unit": "L"
      },
      {
        "state": "QLD",
        "price": "3485",
        "price_per_unit": "387",
        "price_unit": "L"
      },
      {
        "state": "WA",
        "price": "3485",
        "price_per_unit": "387",
        "price_unit": "L"
      },
      {
        "state": "SA",
        "price": "3485",
        "price_per_unit": "387",
        "price_unit": "L"
      },
      {
        "state": "TAS",
        "price": "3185",
        "price_per_unit": "354",
        "price_unit": "L"
      },
      {
        "state": "ACT",
        "price": "3485",
        "price_per_unit": "387",
        "price_unit": "L"
      },
      {
        "state": "NT",
        "price": "3485",
        "price_per_unit": "387",
        "price_unit": "L"
      }
    ]
  },
  {
    "source_url": "https://www.woolworths.com.au/shop/productdetails/231452/passiona-passionfruit-soft-drink-cans-multipack",
    "name": "Passiona Passionfruit Soft Drink Cans Multipack 375ml x 10 Pack",
    "image_url": "https://cdn1.woolworths.media/content/wowproductimages/large/231452.jpg",
    "source_id": "Woolworths - 231452",
    "barcode": "9315596008127",
    "shop": "Woolworths",
    "weight": "1L",
    "prices": [
      {
        "state": "VIC",
        "price": "900",
        "price_per_unit": "240",
        "price_unit": "L"
      },
      {
        "state": "WA",
        "price": "900",
        "price_per_unit": "240",
        "price_unit": "L"
      },
      {
        "state": "SA",
        "price": "900",
        "price_per_unit": "240",
        "price_unit": "L"
      },
      {
        "state": "TAS",
        "price": "900",
        "price_per_unit": "240",
        "price_unit": "L"
      },
      {
        "state": "ACT",
        "price": "900",
        "price_per_unit": "240",
        "price_unit": "L"
      },
      {
        "state": "NT",
        "price": "900",
        "price_per_unit": "240",
        "price_unit": "L"
      }
    ]
  },
  {
    "source_url": "https://www.woolworths.com.au/shop/productdetails/442182/pepsi-cola-soft-drink-cans-multipack",
    "name": "Pepsi Cola Soft Drink Cans Multipack 375ml x 10 Pack",
    "image_url": "https://cdn1.woolworths.media/content/wowproductimages/large/442182.jpg",
    "source_id": "Woolworths - 442182",
    "barcode": "9313820000688",
    "shop": "Woolworths",
    "weight": "1L",
    "prices": [
      {
        "state": "VIC",
        "price": "900",
        "price_per_unit": "240",
        "price_unit": "L"
      },
      {
        "state": "WA",
        "price": "900",
        "price_per_unit": "240",
        "price_unit": "L"
      },
      {
        "state": "SA",
        "price": "900",
        "price_per_unit": "240",
        "price_unit": "L"
      },
      {
        "state": "TAS",
        "price": "900",
        "price_per_unit": "240",
        "price_unit": "L"
      },
      {
        "state": "ACT",
        "price": "900",
        "price_per_unit": "240",
        "price_unit": "L"
      },
      {
        "state": "NT",
        "price": "900",
        "price_per_unit": "240",
        "price_unit": "L"
      }
    ]
  },
  {
    "source_url": "https://www.woolworths.com.au/shop/productdetails/773147/pepsi-cola-soft-drink-cans-multipack",
    "name": "Pepsi Cola Soft Drink Cans Multipack 375ml x 30 Pack",
    "image_url": "https://cdn1.woolworths.media/content/wowproductimages/large/773147.jpg",
    "source_id": "Woolworths - 773147",
    "barcode": "9313820001470",
    "shop": "Woolworths",
    "weight": "1L",
    "prices": [
      {
        "state": "VIC",
        "price": "2500",
        "price_per_unit": "222",
        "price_unit": "L"
      },
      {
        "state": "QLD",
        "price": "2500",
        "price_per_unit": "222",
        "price_unit": "L"
      },
      {
        "state": "WA",
        "price": "2500",
        "price_per_unit": "222",
        "price_unit": "L"
      },
      {
        "state": "SA",
        "price": "2500",
        "price_per_unit": "222",
        "price_unit": "L"
      },
      {
        "state": "TAS",
        "price": "2500",
        "price_per_unit": "222",
        "price_unit": "L"
      },
      {
        "state": "ACT",
        "price": "2500",
        "price_per_unit": "222",
        "price_unit": "L"
      },
      {
        "state": "NT",
        "price": "2500",
        "price_per_unit": "222",
        "price_unit": "L"
      }
    ]
  },
  {
    "source_url": "https://www.woolworths.com.au/shop/productdetails/580912/pepsi-max-no-sugar-vanilla-cola-soft-drink-cans-multipack",
    "name": "Pepsi Max No Sugar Vanilla Cola Soft Drink Cans Multipack 375ml x 10 Pack",
    "image_url": "https://cdn1.woolworths.media/content/wowproductimages/large/580912.jpg",
    "source_id": "Woolworths - 580912",
    "barcode": "9313820001067",
    "shop": "Woolworths",
    "weight": "1L",
    "prices": [
      {
        "state": "VIC",
        "price": "900",
        "price_per_unit": "240",
        "price_unit": "L"
      },
      {
        "state": "WA",
        "price": "900",
        "price_per_unit": "240",
        "price_unit": "L"
      },
      {
        "state": "SA",
        "price": "900",
        "price_per_unit": "240",
        "price_unit": "L"
      },
      {
        "state": "TAS",
        "price": "900",
        "price_per_unit": "240",
        "price_unit": "L"
      },
      {
        "state": "ACT",
        "price": "900",
        "price_per_unit": "240",
        "price_unit": "L"
      },
      {
        "state": "NT",
        "price": "900",
        "price_per_unit": "240",
        "price_unit": "L"
      }
    ]
  },
  {
    "source_url": "https://www.woolworths.com.au/shop/productdetails/913918/pepsi-max-soda-shop-raspberry-cans",
    "name": "Pepsi Max Soda Shop Raspberry Cans 375mL x 10 pack",
    "image_url": "https://cdn1.woolworths.media/content/wowproductimages/large/913918.jpg",
    "source_id": "Woolworths - 913918",
    "barcode": "9313820002903",
    "shop": "Woolworths",
    "weight": "1L",
    "prices": [
      {
        "state": "VIC",
        "price": "900",
        "price_per_unit": "240",
        "price_unit": "L"
      },
      {
        "state": "WA",
        "price": "900",
        "price_per_unit": "240",
        "price_unit": "L"
      },
      {
        "state": "TAS",
        "price": "900",
        "price_per_unit": "240",
        "price_unit": "L"
      },
      {
        "state": "ACT",
        "price": "900",
        "price_per_unit": "240",
        "price_unit": "L"
      },
      {
        "state": "NT",
        "price": "900",
        "price_per_unit": "240",
        "price_unit": "L"
      }
    ]
  },
  {
    "source_url": "https://www.woolworths.com.au/shop/productdetails/442185/schweppes-lemonade-soft-drink-cans-multipack",
    "name": "Schweppes Lemonade Soft Drink Cans Multipack 375ml x 10 Pack",
    "image_url": "https://cdn1.woolworths.media/content/wowproductimages/large/442185.jpg",
    "source_id": "Woolworths - 442185",
    "barcode": "9315596005669",
    "shop": "Woolworths",
    "weight": "1L",
    "prices": [
      {
        "state": "VIC",
        "price": "900",
        "price_per_unit": "240",
        "price_unit": "L"
      },
      {
        "state": "WA",
        "price": "900",
        "price_per_unit": "240",
        "price_unit": "L"
      },
      {
        "state": "SA",
        "price": "900",
        "price_per_unit": "240",
        "price_unit": "L"
      },
      {
        "state": "TAS",
        "price": "900",
        "price_per_unit": "240",
        "price_unit": "L"
      },
      {
        "state": "ACT",
        "price": "900",
        "price_per_unit": "240",
        "price_unit": "L"
      },
      {
        "state": "NT",
        "price": "900",
        "price_per_unit": "240",
        "price_unit": "L"
      }
    ]
  },
  {
    "source_url": "https://www.woolworths.com.au/shop/productdetails/773144/schweppes-lemonade-soft-drink-cans-multipack",
    "name": "Schweppes Lemonade Soft Drink Cans Multipack 375ml x 30 Pack",
    "image_url": "https://cdn1.woolworths.media/content/wowproductimages/large/773144.jpg",
    "source_id": "Woolworths - 773144",
    "barcode": "9315596003580",
    "shop": "Woolworths",
    "weight": "1L",
    "prices": [
      {
        "state": "VIC",
        "price": "2500",
        "price_per_unit": "222",
        "price_unit": "L"
      },
      {
        "state": "QLD",
        "price": "2500",
        "price_per_unit": "222",
        "price_unit": "L"
      },
      {
        "state": "WA",
        "price": "2500",
        "price_per_unit": "222",
        "price_unit": "L"
      },
      {
        "state": "SA",
        "price": "2500",
        "price_per_unit": "222",
        "price_unit": "L"
      },
      {
        "state": "TAS",
        "price": "2500",
        "price_per_unit": "222",
        "price_unit": "L"
      },
      {
        "state": "ACT",
        "price": "2500",
        "price_per_unit": "222",
        "price_unit": "L"
      },
      {
        "state": "NT",
        "price": "2500",
        "price_per_unit": "222",
        "price_unit": "L"
      }
    ]
  },
  {
    "source_url": "https://www.woolworths.com.au/shop/productdetails/290348/schweppes-lemonade-soft-drink-mini-cans-multipack",
    "name": "Schweppes Lemonade Soft Drink Mini Cans Multipack 275ml x 6 Pack",
    "image_url": "https://cdn1.woolworths.media/content/wowproductimages/large/290348.jpg",
    "source_id": "Woolworths - 290348",
    "barcode": "9315596008363",
    "shop": "Woolworths",
    "weight": "1L",
    "prices": [
      {
        "state": "VIC",
        "price": "585",
        "price_per_unit": "355",
        "price_unit": "L"
      },
      {
        "state": "WA",
        "price": "585",
        "price_per_unit": "355",
        "price_unit": "L"
      },
      {
        "state": "SA",
        "price": "585",
        "price_per_unit": "355",
        "price_unit": "L"
      },
      {
        "state": "TAS",
        "price": "585",
        "price_per_unit": "355",
        "price_unit": "L"
      },
      {
        "state": "ACT",
        "price": "585",
        "price_per_unit": "355",
        "price_unit": "L"
      },
      {
        "state": "NT",
        "price": "585",
        "price_per_unit": "355",
        "price_unit": "L"
      }
    ]
  },
  {
    "source_url": "https://www.woolworths.com.au/shop/productdetails/442187/schweppes-traditional-raspberry-soft-drink-cans-multipack",
    "name": "Schweppes Traditional Raspberry Soft Drink Cans Multipack 375ml x 10 Pack",
    "image_url": "https://cdn1.woolworths.media/content/wowproductimages/large/442187.jpg",
    "source_id": "Woolworths - 442187",
    "barcode": "9315596005676",
    "shop": "Woolworths",
    "weight": "1L",
    "prices": [
      {
        "state": "VIC",
        "price": "900",
        "price_per_unit": "240",
        "price_unit": "L"
      },
      {
        "state": "WA",
        "price": "900",
        "price_per_unit": "240",
        "price_unit": "L"
      },
      {
        "state": "SA",
        "price": "900",
        "price_per_unit": "240",
        "price_unit": "L"
      },
      {
        "state": "TAS",
        "price": "900",
        "price_per_unit": "240",
        "price_unit": "L"
      },
      {
        "state": "ACT",
        "price": "900",
        "price_per_unit": "240",
        "price_unit": "L"
      },
      {
        "state": "NT",
        "price": "900",
        "price_per_unit": "240",
        "price_unit": "L"
      }
    ]
  },
  {
    "source_url": "https://www.woolworths.com.au/shop/productdetails/442191/solo-thirst-crusher-original-lemon-soft-drink-cans-multipack",
    "name": "Solo Thirst Crusher Original Lemon Soft Drink Cans Multipack 375ml x 10 Pack",
    "image_url": "https://cdn1.woolworths.media/content/wowproductimages/large/442191.jpg",
    "source_id": "Woolworths - 442191",
    "barcode": "9315596005782",
    "shop": "Woolworths",
    "weight": "1L",
    "prices": [
      {
        "state": "VIC",
        "price": "900",
        "price_per_unit": "240",
        "price_unit": "L"
      },
      {
        "state": "QLD",
        "price": "900",
        "price_per_unit": "240",
        "price_unit": "L"
      },
      {
        "state": "WA",
        "price": "900",
        "price_per_unit": "240",
        "price_unit": "L"
      },
      {
        "state": "SA",
        "price": "900",
        "price_per_unit": "240",
        "price_unit": "L"
      },
      {
        "state": "TAS",
        "price": "900",
        "price_per_unit": "240",
        "price_unit": "L"
      },
      {
        "state": "ACT",
        "price": "900",
        "price_per_unit": "240",
        "price_unit": "L"
      },
      {
        "state": "NT",
        "price": "900",
        "price_per_unit": "240",
        "price_unit": "L"
      }
    ]
  },
  {
    "source_url": "https://www.woolworths.com.au/shop/productdetails/773142/solo-thirst-crusher-original-lemon-soft-drink-cans-multipack",
    "name": "Solo Thirst Crusher Original Lemon Soft Drink Cans Multipack 375ml x 30 Pack",
    "image_url": "https://cdn1.woolworths.media/content/wowproductimages/large/773142.jpg",
    "source_id": "Woolworths - 773142",
    "barcode": "9315596003573",
    "shop": "Woolworths",
    "weight": "1L",
    "prices": [
      {
        "state": "VIC",
        "price": "2500",
        "price_per_unit": "222",
        "price_unit": "L"
      },
      {
        "state": "QLD",
        "price": "2500",
        "price_per_unit": "222",
        "price_unit": "L"
      },
      {
        "state": "WA",
        "price": "2500",
        "price_per_unit": "222",
        "price_unit": "L"
      },
      {
        "state": "SA",
        "price": "2500",
        "price_per_unit": "222",
        "price_unit": "L"
      },
      {
        "state": "TAS",
        "price": "2500",
        "price_per_unit": "222",
        "price_unit": "L"
      },
      {
        "state": "ACT",
        "price": "2500",
        "price_per_unit": "222",
        "price_unit": "L"
      },
      {
        "state": "NT",
        "price": "2500",
        "price_per_unit": "222",
        "price_unit": "L"
      }
    ]
  },
  {
    "source_url": "https://www.woolworths.com.au/shop/productdetails/676314/solo-zero-sugar-original-lemon-soft-drink-cans-multipack",
    "name": "Solo Zero Sugar Original Lemon Soft Drink Cans Multipack 375ml x 10 Pack",
    "image_url": "https://cdn1.woolworths.media/content/wowproductimages/large/676314.jpg",
    "source_id": "Woolworths - 676314",
    "barcode": "9315596006970",
    "shop": "Woolworths",
    "weight": "1L",
    "prices": [
      {
        "state": "VIC",
        "price": "900",
        "price_per_unit": "240",
        "price_unit": "L"
      },
      {
        "state": "WA",
        "price": "900",
        "price_per_unit": "240",
        "price_unit": "L"
      },
      {
        "state": "SA",
        "price": "900",
        "price_per_unit": "240",
        "price_unit": "L"
      },
      {
        "state": "TAS",
        "price": "900",
        "price_per_unit": "240",
        "price_unit": "L"
      },
      {
        "state": "ACT",
        "price": "900",
        "price_per_unit": "240",
        "price_unit": "L"
      },
      {
        "state": "NT",
        "price": "900",
        "price_per_unit": "240",
        "price_unit": "L"
      }
    ]
  },
  {
    "source_url": "https://www.woolworths.com.au/shop/productdetails/155291/solo-zero-sugar-original-lemon-soft-drink-cans-multipack",
    "name": "Solo Zero Sugar Original Lemon Soft Drink Cans Multipack 375ml x 24 Pack",
    "image_url": "https://cdn1.woolworths.media/content/wowproductimages/large/155291.jpg",
    "source_id": "Woolworths - 155291",
    "barcode": "9315596007809",
    "shop": "Woolworths",
    "weight": "1L",
    "prices": [
      {
        "state": "VIC",
        "price": "3485",
        "price_per_unit": "387",
        "price_unit": "L"
      },
      {
        "state": "QLD",
        "price": "3485",
        "price_per_unit": "387",
        "price_unit": "L"
      },
      {
        "state": "WA",
        "price": "3485",
        "price_per_unit": "387",
        "price_unit": "L"
      },
      {
        "state": "SA",
        "price": "3485",
        "price_per_unit": "387",
        "price_unit": "L"
      },
      {
        "state": "TAS",
        "price": "3485",
        "price_per_unit": "387",
        "price_unit": "L"
      },
      {
        "state": "ACT",
        "price": "3485",
        "price_per_unit": "387",
        "price_unit": "L"
      }
    ]
  },
  {
    "source_url": "https://www.woolworths.com.au/shop/productdetails/370739/sprite-lemonade-soft-drink-cans",
    "name": "Sprite Lemonade Soft Drink Cans 375ml x24 Pack",
    "image_url": "https://cdn1.woolworths.media/content/wowproductimages/large/370739.jpg",
    "source_id": "Woolworths - 370739",
    "barcode": "9300675003131",
    "shop": "Woolworths",
    "weight": "1L",
    "prices": [
      {
        "state": "VIC",
        "price": "3850",
        "price_per_unit": "428",
        "price_unit": "L"
      },
      {
        "state": "QLD",
        "price": "3850",
        "price_per_unit": "428",
        "price_unit": "L"
      },
      {
        "state": "WA",
        "price": "3850",
        "price_per_unit": "428",
        "price_unit": "L"
      },
      {
        "state": "SA",
        "price": "3850",
        "price_per_unit": "428",
        "price_unit": "L"
      },
      {
        "state": "TAS",
        "price": "3850",
        "price_per_unit": "428",
        "price_unit": "L"
      },
      {
        "state": "ACT",
        "price": "3850",
        "price_per_unit": "428",
        "price_unit": "L"
      },
      {
        "state": "NT",
        "price": "4045",
        "price_per_unit": "449",
        "price_unit": "L"
      }
    ]
  },
  {
    "source_url": "https://www.woolworths.com.au/shop/productdetails/793285/sprite-lemonade-soft-drink-multipack-cans",
    "name": "Sprite Lemonade Soft Drink Multipack Cans 375ml x10 Pack",
    "image_url": "https://cdn1.woolworths.media/content/wowproductimages/large/793285.jpg",
    "source_id": "Woolworths - 793285",
    "barcode": "9300675014816",
    "shop": "Woolworths",
    "weight": "1L",
    "prices": [
      {
        "state": "VIC",
        "price": "1140",
        "price_per_unit": "304",
        "price_unit": "L"
      },
      {
        "state": "QLD",
        "price": "1140",
        "price_per_unit": "304",
        "price_unit": "L"
      },
      {
        "state": "WA",
        "price": "1140",
        "price_per_unit": "304",
        "price_unit": "L"
      },
      {
        "state": "SA",
        "price": "1140",
        "price_per_unit": "304",
        "price_unit": "L"
      },
      {
        "state": "TAS",
        "price": "1140",
        "price_per_unit": "304",
        "price_unit": "L"
      },
      {
        "state": "ACT",
        "price": "1140",
        "price_per_unit": "304",
        "price_unit": "L"
      },
      {
        "state": "NT",
        "price": "1190",
        "price_per_unit": "317",
        "price_unit": "L"
      }
    ]
  },
  {
    "source_url": "https://www.woolworths.com.au/shop/productdetails/793280/sprite-zero-sugar-lemonade-soft-drink-multipack-cans",
    "name": "Sprite Zero Sugar Lemonade Soft Drink Multipack Cans 375ml x10 Pack",
    "image_url": "https://cdn1.woolworths.media/content/wowproductimages/large/793280.jpg",
    "source_id": "Woolworths - 793280",
    "barcode": "9300675087148",
    "shop": "Woolworths",
    "weight": "1L",
    "prices": [
      {
        "state": "QLD",
        "price": "1140",
        "price_per_unit": "304",
        "price_unit": "L"
      },
      {
        "state": "WA",
        "price": "1140",
        "price_per_unit": "304",
        "price_unit": "L"
      },
      {
        "state": "SA",
        "price": "1140",
        "price_per_unit": "304",
        "price_unit": "L"
      },
      {
        "state": "TAS",
        "price": "1140",
        "price_per_unit": "304",
        "price_unit": "L"
      },
      {
        "state": "ACT",
        "price": "1140",
        "price_per_unit": "304",
        "price_unit": "L"
      },
      {
        "state": "NT",
        "price": "1190",
        "price_per_unit": "317",
        "price_unit": "L"
      }
    ]
  },
  {
    "source_url": "https://www.woolworths.com.au/shop/productdetails/140921/sunkist-orange-soft-drink-cans-multipack",
    "name": "Sunkist Orange Soft Drink Cans Multipack 375ml x 10 Pack",
    "image_url": "https://cdn1.woolworths.media/content/wowproductimages/large/140921.jpg",
    "source_id": "Woolworths - 140921",
    "barcode": "9315596005683",
    "shop": "Woolworths",
    "weight": "1L",
    "prices": [
      {
        "state": "VIC",
        "price": "900",
        "price_per_unit": "240",
        "price_unit": "L"
      },
      {
        "state": "QLD",
        "price": "900",
        "price_per_unit": "240",
        "price_unit": "L"
      },
      {
        "state": "WA",
        "price": "900",
        "price_per_unit": "240",
        "price_unit": "L"
      },
      {
        "state": "SA",
        "price": "900",
        "price_per_unit": "240",
        "price_unit": "L"
      },
      {
        "state": "TAS",
        "price": "900",
        "price_per_unit": "240",
        "price_unit": "L"
      },
      {
        "state": "ACT",
        "price": "900",
        "price_per_unit": "240",
        "price_unit": "L"
      },
      {
        "state": "NT",
        "price": "900",
        "price_per_unit": "240",
        "price_unit": "L"
      }
    ]
  },
  {
    "source_url": "https://www.woolworths.com.au/shop/productdetails/830734/sunkist-orange-soft-drink-cans-multipack",
    "name": "Sunkist Orange Soft Drink Cans Multipack 375ml x 30 Pack",
    "image_url": "https://cdn1.woolworths.media/content/wowproductimages/large/830734.jpg",
    "source_id": "Woolworths - 830734",
    "barcode": "9315596003597",
    "shop": "Woolworths",
    "weight": "1L",
    "prices": [
      {
        "state": "VIC",
        "price": "2500",
        "price_per_unit": "222",
        "price_unit": "L"
      },
      {
        "state": "WA",
        "price": "2500",
        "price_per_unit": "222",
        "price_unit": "L"
      },
      {
        "state": "SA",
        "price": "2500",
        "price_per_unit": "222",
        "price_unit": "L"
      },
      {
        "state": "TAS",
        "price": "2500",
        "price_per_unit": "222",
        "price_unit": "L"
      },
      {
        "state": "ACT",
        "price": "2500",
        "price_per_unit": "222",
        "price_unit": "L"
      },
      {
        "state": "NT",
        "price": "2500",
        "price_per_unit": "222",
        "price_unit": "L"
      }
    ]
  },
  {
    "source_url": "https://www.woolworths.com.au/shop/productdetails/141053/sunkist-zero-sugar-orange-soft-drink-cans-multipack",
    "name": "Sunkist Zero Sugar Orange Soft Drink Cans Multipack 375ml x 10 Pack",
    "image_url": "https://cdn1.woolworths.media/content/wowproductimages/large/141053.jpg",
    "source_id": "Woolworths - 141053",
    "barcode": "9315596007465",
    "shop": "Woolworths",
    "weight": "1L",
    "prices": [
      {
        "state": "VIC",
        "price": "900",
        "price_per_unit": "240",
        "price_unit": "L"
      },
      {
        "state": "WA",
        "price": "900",
        "price_per_unit": "240",
        "price_unit": "L"
      },
      {
        "state": "SA",
        "price": "900",
        "price_per_unit": "240",
        "price_unit": "L"
      },
      {
        "state": "TAS",
        "price": "900",
        "price_per_unit": "240",
        "price_unit": "L"
      },
      {
        "state": "ACT",
        "price": "900",
        "price_per_unit": "240",
        "price_unit": "L"
      },
      {
        "state": "NT",
        "price": "900",
        "price_per_unit": "240",
        "price_unit": "L"
      }
    ]
  },
  {
    "source_url": "https://www.woolworths.com.au/shop/productdetails/140657/sunkist-zero-sugar-orange-soft-drink-cans-multipack",
    "name": "Sunkist Zero Sugar Orange Soft Drink Cans Multipack 375ml x 24 Pack",
    "image_url": "https://cdn1.woolworths.media/content/wowproductimages/large/140657.jpg",
    "source_id": "Woolworths - 140657",
    "barcode": "9315596007816",
    "shop": "Woolworths",
    "weight": "1L",
    "prices": [
      {
        "state": "VIC",
        "price": "3485",
        "price_per_unit": "387",
        "price_unit": "L"
      },
      {
        "state": "QLD",
        "price": "3485",
        "price_per_unit": "387",
        "price_unit": "L"
      },
      {
        "state": "WA",
        "price": "3485",
        "price_per_unit": "387",
        "price_unit": "L"
      },
      {
        "state": "SA",
        "price": "3485",
        "price_per_unit": "387",
        "price_unit": "L"
      },
      {
        "state": "TAS",
        "price": "3485",
        "price_per_unit": "387",
        "price_unit": "L"
      },
      {
        "state": "ACT",
        "price": "3485",
        "price_per_unit": "387",
        "price_unit": "L"
      }
    ]
  },
  {
    "source_url": "https://www.woolworths.com.au/shop/productdetails/113657/lo-bros-kombucha-soda-lemon-lime-bitters",
    "name": "Lo Bros Kombucha Soda Lemon Lime & Bitters 4 x250ml",
    "image_url": "https://cdn1.woolworths.media/content/wowproductimages/large/113657.jpg",
    "source_id": "Woolworths - 113657",
    "barcode": "9340784002465",
    "shop": "Woolworths",
    "weight": "1L",
    "prices": [
      {
        "state": "QLD",
        "price": "890",
        "price_per_unit": "890",
        "price_unit": "L"
      },
      {
        "state": "WA",
        "price": "890",
        "price_per_unit": "890",
        "price_unit": "L"
      },
      {
        "state": "TAS",
        "price": "890",
        "price_per_unit": "890",
        "price_unit": "L"
      },
      {
        "state": "ACT",
        "price": "890",
        "price_per_unit": "890",
        "price_unit": "L"
      },
      {
        "state": "NT",
        "price": "890",
        "price_per_unit": "890",
        "price_unit": "L"
      }
    ]
  },
  {
    "source_url": "https://www.woolworths.com.au/shop/productdetails/193652/diet-rite-no-sugar-passionfruit-cans",
    "name": "Diet Rite No Sugar Passionfruit Cans 12 x 375ml",
    "image_url": "https://cdn1.woolworths.media/content/wowproductimages/large/193652.jpg",
    "source_id": "Woolworths - 193652",
    "barcode": "9345905009651",
    "shop": "Woolworths",
    "weight": "1L",
    "prices": [
      {
        "state": "WA",
        "price": "875",
        "price_per_unit": "194",
        "price_unit": "L"
      }
    ]
  },
  {
    "source_url": "https://www.woolworths.com.au/shop/productdetails/193622/diet-rite-no-sugar-pine-lime-cans",
    "name": "Diet Rite No Sugar Pine Lime Cans 12 x 375ml",
    "image_url": "https://cdn1.woolworths.media/content/wowproductimages/large/193622.jpg",
    "source_id": "Woolworths - 193622",
    "barcode": "9345905009644",
    "shop": "Woolworths",
    "weight": "1L",
    "prices": [
      {
        "state": "WA",
        "price": "875",
        "price_per_unit": "194",
        "price_unit": "L"
      }
    ]
  },
  {
    "source_url": "https://www.woolworths.com.au/shop/productdetails/193612/la-ice-cola-cans",
    "name": "La Ice Cola Cans 12 x 375ml",
    "image_url": "https://cdn1.woolworths.media/content/wowproductimages/large/193612.jpg",
    "source_id": "Woolworths - 193612",
    "barcode": "9345905008715",
    "shop": "Woolworths",
    "weight": "1L",
    "prices": [
      {
        "state": "WA",
        "price": "875",
        "price_per_unit": "194",
        "price_unit": "L"
      },
      {
        "state": "NT",
        "price": "875",
        "price_per_unit": "194",
        "price_unit": "L"
      }
    ]
  },
  {
    "source_url": "https://www.woolworths.com.au/shop/productdetails/193511/la-ice-no-sugar-cola-cans",
    "name": "La Ice No Sugar Cola Cans 12 x 375ml",
    "image_url": "https://cdn1.woolworths.media/content/wowproductimages/large/193511.jpg",
    "source_id": "Woolworths - 193511",
    "barcode": "9345905008722",
    "shop": "Woolworths",
    "weight": "1L",
    "prices": [
      {
        "state": "WA",
        "price": "875",
        "price_per_unit": "194",
        "price_unit": "L"
      },
      {
        "state": "NT",
        "price": "875",
        "price_per_unit": "194",
        "price_unit": "L"
      }
    ]
  },
  {
    "source_url": "https://www.woolworths.com.au/shop/productdetails/221078/tru-blu-pub-squash-lemon-soda-squash-cans",
    "name": "Tru Blu Pub Squash Lemon Soda Squash Cans 12 x375ml",
    "image_url": "https://cdn1.woolworths.media/content/wowproductimages/large/221078.jpg",
    "source_id": "Woolworths - 221078",
    "barcode": "9345905010176",
    "shop": "Woolworths",
    "weight": "1L",
    "prices": [
      {
        "state": "WA",
        "price": "875",
        "price_per_unit": "194",
        "price_unit": "L"
      },
      {
        "state": "ACT",
        "price": "875",
        "price_per_unit": "194",
        "price_unit": "L"
      },
      {
        "state": "NT",
        "price": "875",
        "price_per_unit": "194",
        "price_unit": "L"
      }
    ]
  },
  {
    "source_url": "https://www.woolworths.com.au/shop/productdetails/311832/a-w-root-beer",
    "name": "A & W Root Beer 355mL",
    "image_url": "https://cdn1.woolworths.media/content/wowproductimages/large/311832.jpg",
    "source_id": "Woolworths - 311832",
    "barcode": "7818707",
    "shop": "Woolworths",
    "weight": "1L",
    "prices": [
      {
        "state": "SA",
        "price": "330",
        "price_per_unit": "930",
        "price_unit": "L"
      }
    ]
  },
  {
    "source_url": "https://www.woolworths.com.au/shop/productdetails/901424/dr-pepper-cherry-can",
    "name": "Dr Pepper Cherry Can 355mL",
    "image_url": "https://cdn1.woolworths.media/content/wowproductimages/large/901424.jpg",
    "source_id": "Woolworths - 901424",
    "barcode": "78000009538",
    "shop": "Woolworths",
    "weight": "1L",
    "prices": []
  },
  {
    "source_url": "https://www.woolworths.com.au/shop/productdetails/901460/dr-pepper-cream-soda-can",
    "name": "Dr Pepper Cream Soda Can 355mL",
    "image_url": "https://cdn1.woolworths.media/content/wowproductimages/large/901460.jpg",
    "source_id": "Woolworths - 901460",
    "barcode": "78000033489",
    "shop": "Woolworths",
    "weight": "1L",
    "prices": [
      {
        "state": "SA",
        "price": "330",
        "price_per_unit": "930",
        "price_unit": "L"
      }
    ]
  }
]