[
  {
    "source_url": "https://www.woolworths.com.au/shop/productdetails/405925/montague-sparkling-apple-juice",
    "name": "Montague Sparkling Apple Juice 300ml x4 Pack",
    "image_url": "https://cdn1.woolworths.media/content/wowproductimages/large/405925.jpg",
    "source_id": "Woolworths - 405925",
    "barcode": "9322288003353",
    "shop": "Woolworths",
    "weight": "1L",
    "prices": []
  },
  {
    "source_url": "https://www.woolworths.com.au/shop/productdetails/217418/daily-good-organic-fiji-ginger-immunity-shots",
    "name": "Daily Good Organic Fiji Ginger Immunity Shots 350ml",
    "image_url": "https://cdn1.woolworths.media/content/wowproductimages/large/217418.jpg",
    "source_id": "Woolworths - 217418",
    "barcode": "9421905935753",
    "shop": "Woolworths",
    "weight": "100ML",
    "prices": [
      {
        "state": "NSW",
        "price": "2000",
        "price_per_unit": "571",
        "price_unit": "ML"
      },
      {
        "state": "NSW",
        "price": "2000",
        "price_per_unit": "571",
        "price_unit": "ML"
      },
      {
        "state": "VIC",
        "price": "2000",
        "price_per_unit": "571",
        "price_unit": "ML"
      },
      {
        "state": "WA",
        "price": "2000",
        "price_per_unit": "571",
        "price_unit": "ML"
      }
    ]
  },
  {
    "source_url": "https://www.woolworths.com.au/shop/productdetails/78095/arepa-the-brain-drink-performance",
    "name": "Arepa The Brain Drink Performance 300ml",
    "image_url": "https://cdn1.woolworths.media/content/wowproductimages/large/078095.jpg",
    "source_id": "Woolworths - 78095",
    "barcode": "9413000022773",
    "shop": "Woolworths",
    "weight": "1L",
    "prices": [
      {
        "state": "NSW",
        "price": "420",
        "price_per_unit": "1400",
        "price_unit": "L"
      },
      {
        "state": "VIC",
        "price": "420",
        "price_per_unit": "1400",
        "price_unit": "L"
      },
      {
        "state": "QLD",
        "price": "420",
        "price_per_unit": "1400",
        "price_unit": "L"
      },
      {
        "state": "SA",
        "price": "420",
        "price_per_unit": "1400",
        "price_unit": "L"
      },
      {
        "state": "TAS",
        "price": "420",
        "price_per_unit": "1400",
        "price_unit": "L"
      },
      {
        "state": "ACT",
        "price": "420",
        "price_per_unit": "1400",
        "price_unit": "L"
      },
      {
        "state": "NT",
        "price": "420",
        "price_per_unit": "1400",
        "price_unit": "L"
      }
    ]
  },
  {
    "source_url": "https://www.woolworths.com.au/shop/productdetails/110558/arepa-the-brain-drink-sparkling-blackcurrant",
    "name": "Arepa The Brain Drink Sparkling Blackcurrant 300mL",
    "image_url": "https://cdn1.woolworths.media/content/wowproductimages/large/110558.jpg",
    "source_id": "Woolworths - 110558",
    "barcode": "9413000054248",
    "shop": "Woolworths",
    "weight": "1L",
    "prices": [
      {
        "state": "NSW",
        "price": "420",
        "price_per_unit": "1400",
        "price_unit": "L"
      },
      {
        "state": "VIC",
        "price": "420",
        "price_per_unit": "1400",
        "price_unit": "L"
      },
      {
        "state": "QLD",
        "price": "420",
        "price_per_unit": "1400",
        "price_unit": "L"
      },
      {
        "state": "SA",
        "price": "420",
        "price_per_unit": "1400",
        "price_unit": "L"
      },
      {
        "state": "ACT",
        "price": "420",
        "price_per_unit": "1400",
        "price_unit": "L"
      },
      {
        "state": "NT",
        "price": "420",
        "price_per_unit": "1400",
        "price_unit": "L"
      }
    ]
  },
  {
    "source_url": "https://www.woolworths.com.au/shop/productdetails/102336/bae-juice-100-korean-pear-juice",
    "name": "Bae Juice 100% Korean Pear Juice 120mL",
    "image_url": "https://cdn1.woolworths.media/content/wowproductimages/large/102336.jpg",
    "source_id": "Woolworths - 102336",
    "barcode": "9369998030842",
    "shop": "Woolworths",
    "weight": "1L",
    "prices": [
      {
        "state": "NSW",
        "price": "400",
        "price_per_unit": "3333",
        "price_unit": "L"
      },
      {
        "state": "VIC",
        "price": "400",
        "price_per_unit": "3333",
        "price_unit": "L"
      },
      {
        "state": "QLD",
        "price": "400",
        "price_per_unit": "3333",
        "price_unit": "L"
      },
      {
        "state": "WA",
        "price": "400",
        "price_per_unit": "3333",
        "price_unit": "L"
      },
      {
        "state": "SA",
        "price": "400",
        "price_per_unit": "3333",
        "price_unit": "L"
      },
      {
        "state": "TAS",
        "price": "400",
        "price_per_unit": "3333",
        "price_unit": "L"
      },
      {
        "state": "ACT",
        "price": "400",
        "price_per_unit": "3333",
        "price_unit": "L"
      },
      {
        "state": "NT",
        "price": "400",
        "price_per_unit": "3333",
        "price_unit": "L"
      }
    ]
  },
  {
    "source_url": "https://www.woolworths.com.au/shop/productdetails/470766/boost-all-berry-bang-juice",
    "name": "Boost All Berry Bang Juice 1l",
    "image_url": "https://cdn1.woolworths.media/content/wowproductimages/large/470766.jpg",
    "source_id": "Woolworths - 470766",
    "barcode": "9314102035145",
    "shop": "Woolworths",
    "weight": "1L",
    "prices": [
      {
        "state": "NSW",
        "price": "620",
        "price_per_unit": "620",
        "price_unit": "L"
      },
      {
        "state": "VIC",
        "price": "620",
        "price_per_unit": "620",
        "price_unit": "L"
      },
      {
        "state": "QLD",
        "price": "620",
        "price_per_unit": "620",
        "price_unit": "L"
      },
      {
        "state": "ACT",
        "price": "620",
        "price_per_unit": "620",
        "price_unit": "L"
      }
    ]
  },
  {
    "source_url": "https://www.woolworths.com.au/shop/productdetails/808083/boost-berry-happy",
    "name": "Boost Berry Happy 350ml",
    "image_url": "https://cdn1.woolworths.media/content/wowproductimages/large/808083.jpg",
    "source_id": "Woolworths - 808083",
    "barcode": "9314102030171",
    "shop": "Woolworths",
    "weight": "1L",
    "prices": [
      {
        "state": "NSW",
        "price": "420",
        "price_per_unit": "1200",
        "price_unit": "L"
      },
      {
        "state": "QLD",
        "price": "420",
        "price_per_unit": "1200",
        "price_unit": "L"
      },
      {
        "state": "WA",
        "price": "420",
        "price_per_unit": "1200",
        "price_unit": "L"
      },
      {
        "state": "SA",
        "price": "420",
        "price_per_unit": "1200",
        "price_unit": "L"
      },
      {
        "state": "TAS",
        "price": "420",
        "price_per_unit": "1200",
        "price_unit": "L"
      },
      {
        "state": "ACT",
        "price": "420",
        "price_per_unit": "1200",
        "price_unit": "L"
      },
      {
        "state": "NT",
        "price": "420",
        "price_per_unit": "1200",
        "price_unit": "L"
      }
    ]
  },
  {
    "source_url": "https://www.woolworths.com.au/shop/productdetails/310704/boost-energy-lift",
    "name": "Boost Energy Lift 1l",
    "image_url": "https://cdn1.woolworths.media/content/wowproductimages/large/310704.jpg",
    "source_id": "Woolworths - 310704",
    "barcode": "9314102035060",
    "shop": "Woolworths",
    "weight": "1L",
    "prices": [
      {
        "state": "NSW",
        "price": "620",
        "price_per_unit": "620",
        "price_unit": "L"
      },
      {
        "state": "VIC",
        "price": "620",
        "price_per_unit": "620",
        "price_unit": "L"
      },
      {
        "state": "QLD",
        "price": "620",
        "price_per_unit": "620",
        "price_unit": "L"
      },
      {
        "state": "WA",
        "price": "620",
        "price_per_unit": "620",
        "price_unit": "L"
      },
      {
        "state": "SA",
        "price": "620",
        "price_per_unit": "620",
        "price_unit": "L"
      },
      {
        "state": "TAS",
        "price": "620",
        "price_per_unit": "620",
        "price_unit": "L"
      },
      {
        "state": "ACT",
        "price": "620",
        "price_per_unit": "620",
        "price_unit": "L"
      },
      {
        "state": "NT",
        "price": "620",
        "price_per_unit": "620",
        "price_unit": "L"
      }
    ]
  },
  {
    "source_url": "https://www.woolworths.com.au/shop/productdetails/359115/boost-energy-lift",
    "name": "Boost Energy Lift 350ml",
    "image_url": "https://cdn1.woolworths.media/content/wowproductimages/large/359115.jpg",
    "source_id": "Woolworths - 359115",
    "barcode": "9314102030065",
    "shop": "Woolworths",
    "weight": "1L",
    "prices": [
      {
        "state": "NSW",
        "price": "420",
        "price_per_unit": "1200",
        "price_unit": "L"
      },
      {
        "state": "VIC",
        "price": "420",
        "price_per_unit": "1200",
        "price_unit": "L"
      },
      {
        "state": "QLD",
        "price": "420",
        "price_per_unit": "1200",
        "price_unit": "L"
      },
      {
        "state": "WA",
        "price": "420",
        "price_per_unit": "1200",
        "price_unit": "L"
      },
      {
        "state": "SA",
        "price": "420",
        "price_per_unit": "1200",
        "price_unit": "L"
      },
      {
        "state": "TAS",
        "price": "420",
        "price_per_unit": "1200",
        "price_unit": "L"
      },
      {
        "state": "ACT",
        "price": "420",
        "price_per_unit": "1200",
        "price_unit": "L"
      },
      {
        "state": "NT",
        "price": "420",
        "price_per_unit": "1200",
        "price_unit": "L"
      }
    ]
  },
  {
    "source_url": "https://www.woolworths.com.au/shop/productdetails/55309/boost-green-glow-juice",
    "name": "Boost Green Glow Juice 1L",
    "image_url": "https://cdn1.woolworths.media/content/wowproductimages/large/055309.jpg",
    "source_id": "Woolworths - 55309",
    "barcode": "9314102035411",
    "shop": "Woolworths",
    "weight": "1L",
    "prices": [
      {
        "state": "NSW",
        "price": "620",
        "price_per_unit": "620",
        "price_unit": "L"
      },
      {
        "state": "QLD",
        "price": "620",
        "price_per_unit": "620",
        "price_unit": "L"
      },
      {
        "state": "SA",
        "price": "620",
        "price_per_unit": "620",
        "price_unit": "L"
      },
      {
        "state": "NT",
        "price": "620",
        "price_per_unit": "620",
        "price_unit": "L"
      }
    ]
  },
  {
    "source_url": "https://www.woolworths.com.au/shop/productdetails/684270/boost-mango-tango",
    "name": "Boost Mango Tango 1l",
    "image_url": "https://cdn1.woolworths.media/content/wowproductimages/large/684270.jpg",
    "source_id": "Woolworths - 684270",
    "barcode": "9314102035169",
    "shop": "Woolworths",
    "weight": "1L",
    "prices": [
      {
        "state": "NSW",
        "price": "620",
        "price_per_unit": "620",
        "price_unit": "L"
      },
      {
        "state": "QLD",
        "price": "620",
        "price_per_unit": "620",
        "price_unit": "L"
      },
      {
        "state": "SA",
        "price": "620",
        "price_per_unit": "620",
        "price_unit": "L"
      },
      {
        "state": "TAS",
        "price": "620",
        "price_per_unit": "620",
        "price_unit": "L"
      },
      {
        "state": "NT",
        "price": "620",
        "price_per_unit": "620",
        "price_unit": "L"
      }
    ]
  },
  {
    "source_url": "https://www.woolworths.com.au/shop/productdetails/58334/boost-two-five-juice",
    "name": "Boost Two & Five Juice 1L",
    "image_url": "https://cdn1.woolworths.media/content/wowproductimages/large/058334.jpg",
    "source_id": "Woolworths - 58334",
    "barcode": "9314102035404",
    "shop": "Woolworths",
    "weight": "1L",
    "prices": [
      {
        "state": "NSW",
        "price": "620",
        "price_per_unit": "620",
        "price_unit": "L"
      },
      {
        "state": "ACT",
        "price": "620",
        "price_per_unit": "620",
        "price_unit": "L"
      },
      {
        "state": "NT",
        "price": "620",
        "price_per_unit": "620",
        "price_unit": "L"
      }
    ]
  },
  {
    "source_url": "https://www.woolworths.com.au/shop/productdetails/387059/cocobella-fusions-mango-passion",
    "name": "Cocobella Fusions Mango Passion 400ml",
    "image_url": "https://cdn1.woolworths.media/content/wowproductimages/large/387059.jpg",
    "source_id": "Woolworths - 387059",
    "barcode": "9336243002695",
    "shop": "Woolworths",
    "weight": "1L",
    "prices": [
      {
        "state": "VIC",
        "price": "400",
        "price_per_unit": "1000",
        "price_unit": "L"
      },
      {
        "state": "QLD",
        "price": "400",
        "price_per_unit": "1000",
        "price_unit": "L"
      },
      {
        "state": "WA",
        "price": "400",
        "price_per_unit": "1000",
        "price_unit": "L"
      },
      {
        "state": "TAS",
        "price": "400",
        "price_per_unit": "1000",
        "price_unit": "L"
      },
      {
        "state": "ACT",
        "price": "400",
        "price_per_unit": "1000",
        "price_unit": "L"
      },
      {
        "state": "NT",
        "price": "400",
        "price_per_unit": "1000",
        "price_unit": "L"
      }
    ]
  },
  {
    "source_url": "https://www.woolworths.com.au/shop/productdetails/387417/cocobella-fusions-raspberry-lemon",
    "name": "Cocobella Fusions Raspberry Lemon 400ml",
    "image_url": "https://cdn1.woolworths.media/content/wowproductimages/large/387417.jpg",
    "source_id": "Woolworths - 387417",
    "barcode": "9336243002671",
    "shop": "Woolworths",
    "weight": "1L",
    "prices": [
      {
        "state": "NSW",
        "price": "400",
        "price_per_unit": "1000",
        "price_unit": "L"
      },
      {
        "state": "VIC",
        "price": "400",
        "price_per_unit": "1000",
        "price_unit": "L"
      },
      {
        "state": "QLD",
        "price": "400",
        "price_per_unit": "1000",
        "price_unit": "L"
      },
      {
        "state": "WA",
        "price": "400",
        "price_per_unit": "1000",
        "price_unit": "L"
      },
      {
        "state": "TAS",
        "price": "400",
        "price_per_unit": "1000",
        "price_unit": "L"
      },
      {
        "state": "ACT",
        "price": "400",
        "price_per_unit": "1000",
        "price_unit": "L"
      }
    ]
  },
  {
    "source_url": "https://www.woolworths.com.au/shop/productdetails/972652/daily-juice-co-blends-berry-apple-crush",
    "name": "Daily Juice Co Blends Berry & Apple Crush 2L",
    "image_url": "https://cdn1.woolworths.media/content/wowproductimages/large/972652.jpg",
    "source_id": "Woolworths - 972652",
    "barcode": "9310113905903",
    "shop": "Woolworths",
    "weight": "1L",
    "prices": [
      {
        "state": "NSW",
        "price": "520",
        "price_per_unit": "260",
        "price_unit": "L"
      },
      {
        "state": "QLD",
        "price": "520",
        "price_per_unit": "260",
        "price_unit": "L"
      },
      {
        "state": "WA",
        "price": "520",
        "price_per_unit": "260",
        "price_unit": "L"
      },
      {
        "state": "SA",
        "price": "520",
        "price_per_unit": "260",
        "price_unit": "L"
      },
      {
        "state": "TAS",
        "price": "520",
        "price_per_unit": "260",
        "price_unit": "L"
      },
      {
        "state": "NT",
        "price": "520",
        "price_per_unit": "260",
        "price_unit": "L"
      }
    ]
  },
  {
    "source_url": "https://www.woolworths.com.au/shop/productdetails/972297/daily-juice-co-blends-citrus-passion",
    "name": "Daily Juice Co Blends Citrus Passion 1L",
    "image_url": "https://cdn1.woolworths.media/content/wowproductimages/large/972297.jpg",
    "source_id": "Woolworths - 972297",
    "barcode": "9310113905705",
    "shop": "Woolworths",
    "weight": "1L",
    "prices": [
      {
        "state": "NSW",
        "price": "450",
        "price_per_unit": "450",
        "price_unit": "L"
      },
      {
        "state": "WA",
        "price": "450",
        "price_per_unit": "450",
        "price_unit": "L"
      },
      {
        "state": "SA",
        "price": "450",
        "price_per_unit": "450",
        "price_unit": "L"
      },
      {
        "state": "ACT",
        "price": "450",
        "price_per_unit": "450",
        "price_unit": "L"
      },
      {
        "state": "NT",
        "price": "450",
        "price_per_unit": "450",
        "price_unit": "L"
      }
    ]
  },
  {
    "source_url": "https://www.woolworths.com.au/shop/productdetails/972641/daily-juice-co-blends-ruby-splash",
    "name": "Daily Juice Co Blends Ruby Splash 1L",
    "image_url": "https://cdn1.woolworths.media/content/wowproductimages/large/972641.jpg",
    "source_id": "Woolworths - 972641",
    "barcode": "9310113905712",
    "shop": "Woolworths",
    "weight": "1L",
    "prices": [
      {
        "state": "NSW",
        "price": "450",
        "price_per_unit": "450",
        "price_unit": "L"
      },
      {
        "state": "VIC",
        "price": "450",
        "price_per_unit": "450",
        "price_unit": "L"
      },
      {
        "state": "WA",
        "price": "450",
        "price_per_unit": "450",
        "price_unit": "L"
      },
      {
        "state": "SA",
        "price": "450",
        "price_per_unit": "450",
        "price_unit": "L"
      },
      {
        "state": "TAS",
        "price": "450",
        "price_per_unit": "450",
        "price_unit": "L"
      },
      {
        "state": "ACT",
        "price": "450",
        "price_per_unit": "450",
        "price_unit": "L"
      },
      {
        "state": "NT",
        "price": "450",
        "price_per_unit": "450",
        "price_unit": "L"
      }
    ]
  },
  {
    "source_url": "https://www.woolworths.com.au/shop/productdetails/711677/daily-juice-co-breakfast",
    "name": "Daily Juice Co Breakfast 500mL",
    "image_url": "https://cdn1.woolworths.media/content/wowproductimages/large/711677.jpg",
    "source_id": "Woolworths - 711677",
    "barcode": "9310113900380",
    "shop": "Woolworths",
    "weight": "1L",
    "prices": [
      {
        "state": "NSW",
        "price": "350",
        "price_per_unit": "700",
        "price_unit": "L"
      },
      {
        "state": "VIC",
        "price": "350",
        "price_per_unit": "700",
        "price_unit": "L"
      },
      {
        "state": "WA",
        "price": "350",
        "price_per_unit": "700",
        "price_unit": "L"
      },
      {
        "state": "SA",
        "price": "350",
        "price_per_unit": "700",
        "price_unit": "L"
      },
      {
        "state": "TAS",
        "price": "350",
        "price_per_unit": "700",
        "price_unit": "L"
      },
      {
        "state": "ACT",
        "price": "350",
        "price_per_unit": "700",
        "price_unit": "L"
      },
      {
        "state": "NT",
        "price": "350",
        "price_per_unit": "700",
        "price_unit": "L"
      }
    ]
  },
  {
    "source_url": "https://www.woolworths.com.au/shop/productdetails/124506/daily-juice-co-breakfast-burst-juice",
    "name": "Daily Juice Co Breakfast Burst Juice 3L",
    "image_url": "https://cdn1.woolworths.media/content/wowproductimages/large/124506.jpg",
    "source_id": "Woolworths - 124506",
    "barcode": "9310113904654",
    "shop": "Woolworths",
    "weight": "1L",
    "prices": [
      {
        "state": "NSW",
        "price": "780",
        "price_per_unit": "260",
        "price_unit": "L"
      },
      {
        "state": "VIC",
        "price": "780",
        "price_per_unit": "260",
        "price_unit": "L"
      },
      {
        "state": "SA",
        "price": "780",
        "price_per_unit": "260",
        "price_unit": "L"
      },
      {
        "state": "ACT",
        "price": "780",
        "price_per_unit": "260",
        "price_unit": "L"
      },
      {
        "state": "NT",
        "price": "780",
        "price_per_unit": "260",
        "price_unit": "L"
      }
    ]
  },
  {
    "source_url": "https://www.woolworths.com.au/shop/productdetails/711847/daily-juice-co-no-added-sugar-orange-juice-screw-cap",
    "name": "Daily Juice Co No Added Sugar Orange Juice Screw Cap 500mL",
    "image_url": "https://cdn1.woolworths.media/content/wowproductimages/large/711847.jpg",
    "source_id": "Woolworths - 711847",
    "barcode": "9310113900410",
    "shop": "Woolworths",
    "weight": "1L",
    "prices": [
      {
        "state": "NSW",
        "price": "350",
        "price_per_unit": "700",
        "price_unit": "L"
      },
      {
        "state": "VIC",
        "price": "350",
        "price_per_unit": "700",
        "price_unit": "L"
      },
      {
        "state": "QLD",
        "price": "350",
        "price_per_unit": "700",
        "price_unit": "L"
      },
      {
        "state": "WA",
        "price": "350",
        "price_per_unit": "700",
        "price_unit": "L"
      },
      {
        "state": "SA",
        "price": "350",
        "price_per_unit": "700",
        "price_unit": "L"
      },
      {
        "state": "TAS",
        "price": "350",
        "price_per_unit": "700",
        "price_unit": "L"
      },
      {
        "state": "ACT",
        "price": "350",
        "price_per_unit": "700",
        "price_unit": "L"
      },
      {
        "state": "NT",
        "price": "350",
        "price_per_unit": "700",
        "price_unit": "L"
      }
    ]
  },
  {
    "source_url": "https://www.woolworths.com.au/shop/productdetails/189081/daily-juice-co-orange-fibre",
    "name": "Daily Juice Co Orange & Fibre 1L",
    "image_url": "https://cdn1.woolworths.media/content/wowproductimages/large/189081.jpg",
    "source_id": "Woolworths - 189081",
    "barcode": "9310113904876",
    "shop": "Woolworths",
    "weight": "1L",
    "prices": [
      {
        "state": "NSW",
        "price": "480",
        "price_per_unit": "480",
        "price_unit": "L"
      },
      {
        "state": "VIC",
        "price": "480",
        "price_per_unit": "480",
        "price_unit": "L"
      },
      {
        "state": "WA",
        "price": "480",
        "price_per_unit": "480",
        "price_unit": "L"
      },
      {
        "state": "SA",
        "price": "480",
        "price_per_unit": "480",
        "price_unit": "L"
      },
      {
        "state": "ACT",
        "price": "480",
        "price_per_unit": "480",
        "price_unit": "L"
      },
      {
        "state": "NT",
        "price": "480",
        "price_per_unit": "480",
        "price_unit": "L"
      }
    ]
  },
  {
    "source_url": "https://www.woolworths.com.au/shop/productdetails/711676/daily-juice-co-orange-juice-pulp-free",
    "name": "Daily Juice Co Orange Juice Pulp Free 500mL",
    "image_url": "https://cdn1.woolworths.media/content/wowproductimages/large/711676.jpg",
    "source_id": "Woolworths - 711676",
    "barcode": "9310113900403",
    "shop": "Woolworths",
    "weight": "1L",
    "prices": [
      {
        "state": "NSW",
        "price": "350",
        "price_per_unit": "700",
        "price_unit": "L"
      },
      {
        "state": "VIC",
        "price": "350",
        "price_per_unit": "700",
        "price_unit": "L"
      },
      {
        "state": "QLD",
        "price": "350",
        "price_per_unit": "700",
        "price_unit": "L"
      },
      {
        "state": "WA",
        "price": "350",
        "price_per_unit": "700",
        "price_unit": "L"
      },
      {
        "state": "SA",
        "price": "350",
        "price_per_unit": "700",
        "price_unit": "L"
      },
      {
        "state": "TAS",
        "price": "350",
        "price_per_unit": "700",
        "price_unit": "L"
      },
      {
        "state": "ACT",
        "price": "350",
        "price_per_unit": "700",
        "price_unit": "L"
      },
      {
        "state": "NT",
        "price": "350",
        "price_per_unit": "700",
        "price_unit": "L"
      }
    ]
  },
  {
    "source_url": "https://www.woolworths.com.au/shop/productdetails/273752/eastcoast-100-apple-juice",
    "name": "Eastcoast 100% Apple Juice 2l",
    "image_url": "https://cdn1.woolworths.media/content/wowproductimages/large/273752.jpg",
    "source_id": "Woolworths - 273752",
    "barcode": "9326720001945",
    "shop": "Woolworths",
    "weight": "1L",
    "prices": [
      {
        "state": "NSW",
        "price": "650",
        "price_per_unit": "325",
        "price_unit": "L"
      }
    ]
  },
  {
    "source_url": "https://www.woolworths.com.au/shop/productdetails/938254/eastcoast-country-style-lemonade",
    "name": "Eastcoast Country Style Lemonade 2l",
    "image_url": "https://cdn1.woolworths.media/content/wowproductimages/large/938254.jpg",
    "source_id": "Woolworths - 938254",
    "barcode": "9326720000306",
    "shop": "Woolworths",
    "weight": "1L",
    "prices": [
      {
        "state": "NSW",
        "price": "700",
        "price_per_unit": "350",
        "price_unit": "L"
      }
    ]
  },
  {
    "source_url": "https://www.woolworths.com.au/shop/productdetails/72157/eastcoast-cranberry-drink",
    "name": "Eastcoast Cranberry Drink 2L",
    "image_url": "https://cdn1.woolworths.media/content/wowproductimages/large/072157.jpg",
    "source_id": "Woolworths - 72157",
    "barcode": "9326720000511",
    "shop": "Woolworths",
    "weight": "1L",
    "prices": [
      {
        "state": "NSW",
        "price": "700",
        "price_per_unit": "350",
        "price_unit": "L"
      },
      {
        "state": "VIC",
        "price": "700",
        "price_per_unit": "350",
        "price_unit": "L"
      }
    ]
  },
  {
    "source_url": "https://www.woolworths.com.au/shop/productdetails/389970/eastcoast-guava-lemonade",
    "name": "Eastcoast Guava Lemonade 2l",
    "image_url": "https://cdn1.woolworths.media/content/wowproductimages/large/389970.jpg",
    "source_id": "Woolworths - 389970",
    "barcode": "9326720001860",
    "shop": "Woolworths",
    "weight": "1L",
    "prices": [
      {
        "state": "NSW",
        "price": "700",
        "price_per_unit": "350",
        "price_unit": "L"
      }
    ]
  },
  {
    "source_url": "https://www.woolworths.com.au/shop/productdetails/955848/eastcoast-jive-kiwi-peach-mango-applie-smoothie",
    "name": "Eastcoast Jive Kiwi, Peach, Mango & Applie Smoothie 1l",
    "image_url": "https://cdn1.woolworths.media/content/wowproductimages/large/955848.jpg",
    "source_id": "Woolworths - 955848",
    "barcode": "9326720001198",
    "shop": "Woolworths",
    "weight": "1L",
    "prices": [
      {
        "state": "NSW",
        "price": "450",
        "price_per_unit": "450",
        "price_unit": "L"
      }
    ]
  },
  {
    "source_url": "https://www.woolworths.com.au/shop/productdetails/273732/eastcoast-mini-apple-blackcurrant-juice",
    "name": "Eastcoast Mini Apple & Blackcurrant Juice 200ml",
    "image_url": "https://cdn1.woolworths.media/content/wowproductimages/large/273732.jpg",
    "source_id": "Woolworths - 273732",
    "barcode": "9326720001402",
    "shop": "Woolworths",
    "weight": "1L",
    "prices": [
      {
        "state": "NSW",
        "price": "200",
        "price_per_unit": "1000",
        "price_unit": "L"
      }
    ]
  },
  {
    "source_url": "https://www.woolworths.com.au/shop/productdetails/273290/eastcoast-mini-orange-juice",
    "name": "Eastcoast Mini Orange Juice 200ml",
    "image_url": "https://cdn1.woolworths.media/content/wowproductimages/large/273290.jpg",
    "source_id": "Woolworths - 273290",
    "barcode": "9326720001365",
    "shop": "Woolworths",
    "weight": "1L",
    "prices": [
      {
        "state": "NSW",
        "price": "200",
        "price_per_unit": "1000",
        "price_unit": "L"
      }
    ]
  },
  {
    "source_url": "https://www.woolworths.com.au/shop/productdetails/938274/eastcoast-orange-passionfruit",
    "name": "Eastcoast Orange & Passionfruit 2l",
    "image_url": "https://cdn1.woolworths.media/content/wowproductimages/large/938274.jpg",
    "source_id": "Woolworths - 938274",
    "barcode": "9326720000283",
    "shop": "Woolworths",
    "weight": "1L",
    "prices": [
      {
        "state": "NSW",
        "price": "700",
        "price_per_unit": "350",
        "price_unit": "L"
      }
    ]
  },
  {
    "source_url": "https://www.woolworths.com.au/shop/productdetails/938214/eastcoast-orange-juice-100-percent",
    "name": "Eastcoast Orange Juice 100 Percent 2l",
    "image_url": "https://cdn1.woolworths.media/content/wowproductimages/large/938214.jpg",
    "source_id": "Woolworths - 938214",
    "barcode": "9326720000092",
    "shop": "Woolworths",
    "weight": "1L",
    "prices": [
      {
        "state": "NSW",
        "price": "700",
        "price_per_unit": "350",
        "price_unit": "L"
      },
      {
        "state": "VIC",
        "price": "700",
        "price_per_unit": "350",
        "price_unit": "L"
      }
    ]
  },
  {
    "source_url": "https://www.woolworths.com.au/shop/productdetails/938216/eastcoast-orange-juice-pulp-free",
    "name": "Eastcoast Orange Juice Pulp Free 2l",
    "image_url": "https://cdn1.woolworths.media/content/wowproductimages/large/938216.jpg",
    "source_id": "Woolworths - 938216",
    "barcode": "9326720000535",
    "shop": "Woolworths",
    "weight": "1L",
    "prices": [
      {
        "state": "NSW",
        "price": "700",
        "price_per_unit": "350",
        "price_unit": "L"
      }
    ]
  },
  {
    "source_url": "https://www.woolworths.com.au/shop/productdetails/666552/eastcoast-passionfruit-orange-guava-juice-drink",
    "name": "Eastcoast Passionfruit Orange & Guava Juice Drink 2L",
    "image_url": "https://cdn1.woolworths.media/content/wowproductimages/large/666552.jpg",
    "source_id": "Woolworths - 666552",
    "barcode": "9326720001266",
    "shop": "Woolworths",
    "weight": "1L",
    "prices": [
      {
        "state": "NSW",
        "price": "700",
        "price_per_unit": "350",
        "price_unit": "L"
      },
      {
        "state": "VIC",
        "price": "700",
        "price_per_unit": "350",
        "price_unit": "L"
      },
      {
        "state": "ACT",
        "price": "700",
        "price_per_unit": "350",
        "price_unit": "L"
      }
    ]
  },
  {
    "source_url": "https://www.woolworths.com.au/shop/productdetails/895612/eastcoast-pineapple-juice",
    "name": "Eastcoast Pineapple Juice 2L",
    "image_url": "https://cdn1.woolworths.media/content/wowproductimages/large/895612.jpg",
    "source_id": "Woolworths - 895612",
    "barcode": "9326720000214",
    "shop": "Woolworths",
    "weight": "1L",
    "prices": [
      {
        "state": "NSW",
        "price": "650",
        "price_per_unit": "325",
        "price_unit": "L"
      },
      {
        "state": "VIC",
        "price": "650",
        "price_per_unit": "325",
        "price_unit": "L"
      },
      {
        "state": "ACT",
        "price": "650",
        "price_per_unit": "325",
        "price_unit": "L"
      }
    ]
  },
  {
    "source_url": "https://www.woolworths.com.au/shop/productdetails/22187/eastcoast-wake-up-shake-up-juice",
    "name": "Eastcoast Wake Up Shake Up Juice 2l",
    "image_url": "https://cdn1.woolworths.media/content/wowproductimages/large/022187.jpg",
    "source_id": "Woolworths - 22187",
    "barcode": "9326720001341",
    "shop": "Woolworths",
    "weight": "1L",
    "prices": [
      {
        "state": "NSW",
        "price": "650",
        "price_per_unit": "325",
        "price_unit": "L"
      }
    ]
  },
  {
    "source_url": "https://www.woolworths.com.au/shop/productdetails/111808/famous-soda-co-pink-lemonade",
    "name": "Famous Soda Co Pink Lemonade 330ml",
    "image_url": "https://cdn1.woolworths.media/content/wowproductimages/large/111808.jpg",
    "source_id": "Woolworths - 111808",
    "barcode": "9369998111794",
    "shop": "Woolworths",
    "weight": "1L",
    "prices": [
      {
        "state": "NSW",
        "price": "400",
        "price_per_unit": "1212",
        "price_unit": "L"
      },
      {
        "state": "VIC",
        "price": "400",
        "price_per_unit": "1212",
        "price_unit": "L"
      },
      {
        "state": "QLD",
        "price": "400",
        "price_per_unit": "1212",
        "price_unit": "L"
      },
      {
        "state": "WA",
        "price": "400",
        "price_per_unit": "1212",
        "price_unit": "L"
      },
      {
        "state": "TAS",
        "price": "400",
        "price_per_unit": "1212",
        "price_unit": "L"
      },
      {
        "state": "ACT",
        "price": "400",
        "price_per_unit": "1212",
        "price_unit": "L"
      }
    ]
  },
  {
    "source_url": "https://www.woolworths.com.au/shop/productdetails/271777/famous-soda-co-zero-sugar-tangerine",
    "name": "Famous Soda Co Zero Sugar Tangerine 330ml",
    "image_url": "https://cdn1.woolworths.media/content/wowproductimages/large/271777.jpg",
    "source_id": "Woolworths - 271777",
    "barcode": "9356745000197",
    "shop": "Woolworths",
    "weight": "1L",
    "prices": [
      {
        "state": "NSW",
        "price": "400",
        "price_per_unit": "1212",
        "price_unit": "L"
      },
      {
        "state": "QLD",
        "price": "400",
        "price_per_unit": "1212",
        "price_unit": "L"
      },
      {
        "state": "WA",
        "price": "400",
        "price_per_unit": "1212",
        "price_unit": "L"
      },
      {
        "state": "SA",
        "price": "400",
        "price_per_unit": "1212",
        "price_unit": "L"
      },
      {
        "state": "NT",
        "price": "400",
        "price_per_unit": "1212",
        "price_unit": "L"
      }
    ]
  },
  {
    "source_url": "https://www.woolworths.com.au/shop/productdetails/104088/grower-s-harvest-freshly-squeezed-orange-juice-low-pulp",
    "name": "Grower's Harvest Freshly Squeezed Orange Juice Low Pulp 2L",
    "image_url": "https://cdn1.woolworths.media/content/wowproductimages/large/104088.jpg",
    "source_id": "Woolworths - 104088",
    "barcode": "9315054011027",
    "shop": "Woolworths",
    "weight": "1L",
    "prices": [
      {
        "state": "NSW",
        "price": "650",
        "price_per_unit": "325",
        "price_unit": "L"
      },
      {
        "state": "VIC",
        "price": "650",
        "price_per_unit": "325",
        "price_unit": "L"
      },
      {
        "state": "SA",
        "price": "650",
        "price_per_unit": "325",
        "price_unit": "L"
      },
      {
        "state": "ACT",
        "price": "650",
        "price_per_unit": "325",
        "price_unit": "L"
      },
      {
        "state": "NT",
        "price": "650",
        "price_per_unit": "325",
        "price_unit": "L"
      }
    ]
  },
  {
    "source_url": "https://www.woolworths.com.au/shop/productdetails/104523/grower-s-harvest-freshly-squeezed-orange-juice-with-pulp",
    "name": "Grower's Harvest Freshly Squeezed Orange Juice With Pulp 2L",
    "image_url": "https://cdn1.woolworths.media/content/wowproductimages/large/104523.jpg",
    "source_id": "Woolworths - 104523",
    "barcode": "9315054011010",
    "shop": "Woolworths",
    "weight": "1L",
    "prices": [
      {
        "state": "NSW",
        "price": "650",
        "price_per_unit": "325",
        "price_unit": "L"
      },
      {
        "state": "VIC",
        "price": "650",
        "price_per_unit": "325",
        "price_unit": "L"
      },
      {
        "state": "SA",
        "price": "650",
        "price_per_unit": "325",
        "price_unit": "L"
      },
      {
        "state": "ACT",
        "price": "650",
        "price_per_unit": "325",
        "price_unit": "L"
      },
      {
        "state": "NT",
        "price": "650",
        "price_per_unit": "325",
        "price_unit": "L"
      }
    ]
  },
  {
    "source_url": "https://www.woolworths.com.au/shop/productdetails/39479/impressed-cold-pressed-jack-rose-juice",
    "name": "Impressed Cold Pressed Jack Rose Juice 1L",
    "image_url": "https://cdn1.woolworths.media/content/wowproductimages/large/039479.jpg",
    "source_id": "Woolworths - 39479",
    "barcode": "9336243006037",
    "shop": "Woolworths",
    "weight": "1L",
    "prices": [
      {
        "state": "NSW",
        "price": "550",
        "price_per_unit": "550",
        "price_unit": "L"
      },
      {
        "state": "QLD",
        "price": "550",
        "price_per_unit": "550",
        "price_unit": "L"
      },
      {
        "state": "WA",
        "price": "550",
        "price_per_unit": "550",
        "price_unit": "L"
      },
      {
        "state": "SA",
        "price": "550",
        "price_per_unit": "550",
        "price_unit": "L"
      },
      {
        "state": "TAS",
        "price": "550",
        "price_per_unit": "550",
        "price_unit": "L"
      },
      {
        "state": "ACT",
        "price": "550",
        "price_per_unit": "550",
        "price_unit": "L"
      },
      {
        "state": "NT",
        "price": "550",
        "price_per_unit": "550",
        "price_unit": "L"
      }
    ]
  },
  {
    "source_url": "https://www.woolworths.com.au/shop/productdetails/468559/impressed-cold-pressed-juice-easy-greens",
    "name": "Impressed Cold Pressed Juice Easy Greens 1l",
    "image_url": "https://cdn1.woolworths.media/content/wowproductimages/large/468559.jpg",
    "source_id": "Woolworths - 468559",
    "barcode": "9336243006075",
    "shop": "Woolworths",
    "weight": "1L",
    "prices": [
      {
        "state": "NSW",
        "price": "550",
        "price_per_unit": "550",
        "price_unit": "L"
      },
      {
        "state": "VIC",
        "price": "550",
        "price_per_unit": "550",
        "price_unit": "L"
      },
      {
        "state": "QLD",
        "price": "550",
        "price_per_unit": "550",
        "price_unit": "L"
      },
      {
        "state": "WA",
        "price": "550",
        "price_per_unit": "550",
        "price_unit": "L"
      },
      {
        "state": "SA",
        "price": "550",
        "price_per_unit": "550",
        "price_unit": "L"
      },
      {
        "state": "ACT",
        "price": "550",
        "price_per_unit": "550",
        "price_unit": "L"
      },
      {
        "state": "NT",
        "price": "550",
        "price_per_unit": "550",
        "price_unit": "L"
      }
    ]
  },
  {
    "source_url": "https://www.woolworths.com.au/shop/productdetails/629484/impressed-cold-pressed-juice-ginger-ninja",
    "name": "Impressed Cold Pressed Juice Ginger Ninja 1l",
    "image_url": "https://cdn1.woolworths.media/content/wowproductimages/large/629484.jpg",
    "source_id": "Woolworths - 629484",
    "barcode": "9336243006099",
    "shop": "Woolworths",
    "weight": "1L",
    "prices": [
      {
        "state": "VIC",
        "price": "550",
        "price_per_unit": "550",
        "price_unit": "L"
      },
      {
        "state": "QLD",
        "price": "550",
        "price_per_unit": "550",
        "price_unit": "L"
      },
      {
        "state": "WA",
        "price": "550",
        "price_per_unit": "550",
        "price_unit": "L"
      },
      {
        "state": "ACT",
        "price": "550",
        "price_per_unit": "550",
        "price_unit": "L"
      },
      {
        "state": "NT",
        "price": "550",
        "price_per_unit": "550",
        "price_unit": "L"
      }
    ]
  },
  {
    "source_url": "https://www.woolworths.com.au/shop/productdetails/629052/impressed-cold-pressed-juice-jack-rose",
    "name": "Impressed Cold Pressed Juice Jack Rose 325ml",
    "image_url": "https://cdn1.woolworths.media/content/wowproductimages/large/629052.jpg",
    "source_id": "Woolworths - 629052",
    "barcode": "9336243005993",
    "shop": "Woolworths",
    "weight": "1L",
    "prices": [
      {
        "state": "NSW",
        "price": "250",
        "price_per_unit": "769",
        "price_unit": "L"
      },
      {
        "state": "VIC",
        "price": "250",
        "price_per_unit": "769",
        "price_unit": "L"
      },
      {
        "state": "QLD",
        "price": "250",
        "price_per_unit": "769",
        "price_unit": "L"
      },
      {
        "state": "ACT",
        "price": "250",
        "price_per_unit": "769",
        "price_unit": "L"
      }
    ]
  },
  {
    "source_url": "https://www.woolworths.com.au/shop/productdetails/22552/impressed-cold-pressed-juice-raspberry-beret",
    "name": "Impressed Cold Pressed Juice Raspberry Beret 1l",
    "image_url": "https://cdn1.woolworths.media/content/wowproductimages/large/022552.jpg",
    "source_id": "Woolworths - 22552",
    "barcode": "9336243006105",
    "shop": "Woolworths",
    "weight": "1L",
    "prices": [
      {
        "state": "NSW",
        "price": "550",
        "price_per_unit": "550",
        "price_unit": "L"
      },
      {
        "state": "VIC",
        "price": "550",
        "price_per_unit": "550",
        "price_unit": "L"
      },
      {
        "state": "QLD",
        "price": "550",
        "price_per_unit": "550",
        "price_unit": "L"
      },
      {
        "state": "ACT",
        "price": "550",
        "price_per_unit": "550",
        "price_unit": "L"
      }
    ]
  },
  {
    "source_url": "https://www.woolworths.com.au/shop/productdetails/843719/impressed-cold-pressed-juice-summer-greens",
    "name": "Impressed Cold Pressed Juice Summer Greens 325ml",
    "image_url": "https://cdn1.woolworths.media/content/wowproductimages/large/843719.jpg",
    "source_id": "Woolworths - 843719",
    "barcode": "9336243005870",
    "shop": "Woolworths",
    "weight": "1L",
    "prices": [
      {
        "state": "NSW",
        "price": "250",
        "price_per_unit": "769",
        "price_unit": "L"
      },
      {
        "state": "VIC",
        "price": "250",
        "price_per_unit": "769",
        "price_unit": "L"
      },
      {
        "state": "QLD",
        "price": "250",
        "price_per_unit": "769",
        "price_unit": "L"
      },
      {
        "state": "WA",
        "price": "250",
        "price_per_unit": "769",
        "price_unit": "L"
      },
      {
        "state": "SA",
        "price": "250",
        "price_per_unit": "769",
        "price_unit": "L"
      },
      {
        "state": "ACT",
        "price": "250",
        "price_per_unit": "769",
        "price_unit": "L"
      },
      {
        "state": "NT",
        "price": "250",
        "price_per_unit": "769",
        "price_unit": "L"
      }
    ]
  },
  {
    "source_url": "https://www.woolworths.com.au/shop/productdetails/972464/impressed-cold-pressed-oh-mandy",
    "name": "Impressed Cold Pressed Oh Mandy 1L",
    "image_url": "https://cdn1.woolworths.media/content/wowproductimages/large/972464.jpg",
    "source_id": "Woolworths - 972464",
    "barcode": "9336243006563",
    "shop": "Woolworths",
    "weight": "1L",
    "prices": [
      {
        "state": "NSW",
        "price": "550",
        "price_per_unit": "550",
        "price_unit": "L"
      },
      {
        "state": "VIC",
        "price": "550",
        "price_per_unit": "550",
        "price_unit": "L"
      },
      {
        "state": "WA",
        "price": "550",
        "price_per_unit": "550",
        "price_unit": "L"
      },
      {
        "state": "SA",
        "price": "550",
        "price_per_unit": "550",
        "price_unit": "L"
      },
      {
        "state": "TAS",
        "price": "550",
        "price_per_unit": "550",
        "price_unit": "L"
      },
      {
        "state": "ACT",
        "price": "550",
        "price_per_unit": "550",
        "price_unit": "L"
      },
      {
        "state": "NT",
        "price": "550",
        "price_per_unit": "550",
        "price_unit": "L"
      }
    ]
  },
  {
    "source_url": "https://www.woolworths.com.au/shop/productdetails/65603/impressed-pressed-juice-apple",
    "name": "Impressed Pressed Juice Apple 1L",
    "image_url": "https://cdn1.woolworths.media/content/wowproductimages/large/065603.jpg",
    "source_id": "Woolworths - 65603",
    "barcode": "9336243005733",
    "shop": "Woolworths",
    "weight": "1L",
    "prices": [
      {
        "state": "NSW",
        "price": "480",
        "price_per_unit": "480",
        "price_unit": "L"
      },
      {
        "state": "VIC",
        "price": "480",
        "price_per_unit": "480",
        "price_unit": "L"
      },
      {
        "state": "QLD",
        "price": "480",
        "price_per_unit": "480",
        "price_unit": "L"
      },
      {
        "state": "WA",
        "price": "480",
        "price_per_unit": "480",
        "price_unit": "L"
      },
      {
        "state": "SA",
        "price": "480",
        "price_per_unit": "480",
        "price_unit": "L"
      },
      {
        "state": "ACT",
        "price": "480",
        "price_per_unit": "480",
        "price_unit": "L"
      },
      {
        "state": "NT",
        "price": "480",
        "price_per_unit": "480",
        "price_unit": "L"
      }
    ]
  },
  {
    "source_url": "https://www.woolworths.com.au/shop/productdetails/157508/impressed-pressed-juice-berry-bliss",
    "name": "Impressed Pressed Juice Berry Bliss 1l",
    "image_url": "https://cdn1.woolworths.media/content/wowproductimages/large/157508.jpg",
    "source_id": "Woolworths - 157508",
    "barcode": "9336243005764",
    "shop": "Woolworths",
    "weight": "1L",
    "prices": [
      {
        "state": "NSW",
        "price": "480",
        "price_per_unit": "480",
        "price_unit": "L"
      },
      {
        "state": "VIC",
        "price": "480",
        "price_per_unit": "480",
        "price_unit": "L"
      },
      {
        "state": "QLD",
        "price": "480",
        "price_per_unit": "480",
        "price_unit": "L"
      },
      {
        "state": "WA",
        "price": "480",
        "price_per_unit": "480",
        "price_unit": "L"
      },
      {
        "state": "SA",
        "price": "480",
        "price_per_unit": "480",
        "price_unit": "L"
      },
      {
        "state": "ACT",
        "price": "480",
        "price_per_unit": "480",
        "price_unit": "L"
      },
      {
        "state": "NT",
        "price": "480",
        "price_per_unit": "480",
        "price_unit": "L"
      }
    ]
  },
  {
    "source_url": "https://www.woolworths.com.au/shop/productdetails/101333/impressed-pressed-juice-green-supreme",
    "name": "Impressed Pressed Juice Green Supreme 1l",
    "image_url": "https://cdn1.woolworths.media/content/wowproductimages/large/101333.jpg",
    "source_id": "Woolworths - 101333",
    "barcode": "9336243005757",
    "shop": "Woolworths",
    "weight": "1L",
    "prices": [
      {
        "state": "NSW",
        "price": "480",
        "price_per_unit": "480",
        "price_unit": "L"
      },
      {
        "state": "VIC",
        "price": "480",
        "price_per_unit": "480",
        "price_unit": "L"
      },
      {
        "state": "QLD",
        "price": "480",
        "price_per_unit": "480",
        "price_unit": "L"
      },
      {
        "state": "WA",
        "price": "480",
        "price_per_unit": "480",
        "price_unit": "L"
      },
      {
        "state": "SA",
        "price": "480",
        "price_per_unit": "480",
        "price_unit": "L"
      },
      {
        "state": "ACT",
        "price": "480",
        "price_per_unit": "480",
        "price_unit": "L"
      },
      {
        "state": "NT",
        "price": "480",
        "price_per_unit": "480",
        "price_unit": "L"
      }
    ]
  },
  {
    "source_url": "https://www.woolworths.com.au/shop/productdetails/65347/impressed-pressed-juice-orange-pulp-free",
    "name": "Impressed Pressed Juice Orange Pulp Free 1l",
    "image_url": "https://cdn1.woolworths.media/content/wowproductimages/large/065347.jpg",
    "source_id": "Woolworths - 65347",
    "barcode": "9336243005726",
    "shop": "Woolworths",
    "weight": "1L",
    "prices": [
      {
        "state": "VIC",
        "price": "480",
        "price_per_unit": "480",
        "price_unit": "L"
      },
      {
        "state": "QLD",
        "price": "480",
        "price_per_unit": "480",
        "price_unit": "L"
      },
      {
        "state": "WA",
        "price": "480",
        "price_per_unit": "480",
        "price_unit": "L"
      },
      {
        "state": "SA",
        "price": "480",
        "price_per_unit": "480",
        "price_unit": "L"
      },
      {
        "state": "ACT",
        "price": "480",
        "price_per_unit": "480",
        "price_unit": "L"
      },
      {
        "state": "NT",
        "price": "480",
        "price_per_unit": "480",
        "price_unit": "L"
      }
    ]
  },
  {
    "source_url": "https://www.woolworths.com.au/shop/productdetails/65513/impressed-pressed-juice-orange-with-pulp",
    "name": "Impressed Pressed Juice Orange With Pulp 1l",
    "image_url": "https://cdn1.woolworths.media/content/wowproductimages/large/065513.jpg",
    "source_id": "Woolworths - 65513",
    "barcode": "9336243005719",
    "shop": "Woolworths",
    "weight": "1L",
    "prices": [
      {
        "state": "VIC",
        "price": "480",
        "price_per_unit": "480",
        "price_unit": "L"
      },
      {
        "state": "QLD",
        "price": "480",
        "price_per_unit": "480",
        "price_unit": "L"
      },
      {
        "state": "WA",
        "price": "480",
        "price_per_unit": "480",
        "price_unit": "L"
      },
      {
        "state": "SA",
        "price": "480",
        "price_per_unit": "480",
        "price_unit": "L"
      },
      {
        "state": "ACT",
        "price": "480",
        "price_per_unit": "480",
        "price_unit": "L"
      },
      {
        "state": "NT",
        "price": "480",
        "price_per_unit": "480",
        "price_unit": "L"
      }
    ]
  },
  {
    "source_url": "https://www.woolworths.com.au/shop/productdetails/65620/impressed-pressed-juice-tropical-breakfast-juice",
    "name": "Impressed Pressed Juice Tropical Breakfast Juice 1l",
    "image_url": "https://cdn1.woolworths.media/content/wowproductimages/large/065620.jpg",
    "source_id": "Woolworths - 65620",
    "barcode": "9336243005740",
    "shop": "Woolworths",
    "weight": "1L",
    "prices": [
      {
        "state": "NSW",
        "price": "480",
        "price_per_unit": "480",
        "price_unit": "L"
      },
      {
        "state": "VIC",
        "price": "480",
        "price_per_unit": "480",
        "price_unit": "L"
      },
      {
        "state": "QLD",
        "price": "480",
        "price_per_unit": "480",
        "price_unit": "L"
      },
      {
        "state": "WA",
        "price": "480",
        "price_per_unit": "480",
        "price_unit": "L"
      },
      {
        "state": "SA",
        "price": "480",
        "price_per_unit": "480",
        "price_unit": "L"
      },
      {
        "state": "ACT",
        "price": "480",
        "price_per_unit": "480",
        "price_unit": "L"
      },
      {
        "state": "NT",
        "price": "480",
        "price_per_unit": "480",
        "price_unit": "L"
      }
    ]
  },
  {
    "source_url": "https://www.woolworths.com.au/shop/productdetails/272943/jiva-kombucha-pomegranate",
    "name": "Jiva Kombucha Pomegranate 300ml",
    "image_url": "https://cdn1.woolworths.media/content/wowproductimages/large/272943.jpg",
    "source_id": "Woolworths - 272943",
    "barcode": "9351775000896",
    "shop": "Woolworths",
    "weight": "1L",
    "prices": [
      {
        "state": "NSW",
        "price": "440",
        "price_per_unit": "1467",
        "price_unit": "L"
      },
      {
        "state": "VIC",
        "price": "440",
        "price_per_unit": "1467",
        "price_unit": "L"
      }
    ]
  },
  {
    "source_url": "https://www.woolworths.com.au/shop/productdetails/273644/jiva-kombucha-watermelon-mint",
    "name": "Jiva Kombucha Watermelon Mint 300ml",
    "image_url": "https://cdn1.woolworths.media/content/wowproductimages/large/273644.jpg",
    "source_id": "Woolworths - 273644",
    "barcode": "9351775000889",
    "shop": "Woolworths",
    "weight": "1L",
    "prices": [
      {
        "state": "NSW",
        "price": "440",
        "price_per_unit": "1467",
        "price_unit": "L"
      }
    ]
  },
  {
    "source_url": "https://www.woolworths.com.au/shop/productdetails/389795/jiva-xtreme-shot-defence-zesty-ginger-tonic",
    "name": "Jiva Xtreme Shot Defence Zesty Ginger Tonic 100ml",
    "image_url": "https://cdn1.woolworths.media/content/wowproductimages/large/389795.jpg",
    "source_id": "Woolworths - 389795",
    "barcode": "9351775002180",
    "shop": "Woolworths",
    "weight": "1L",
    "prices": [
      {
        "state": "NSW",
        "price": "260",
        "price_per_unit": "2600",
        "price_unit": "L"
      },
      {
        "state": "VIC",
        "price": "260",
        "price_per_unit": "2600",
        "price_unit": "L"
      },
      {
        "state": "SA",
        "price": "260",
        "price_per_unit": "2600",
        "price_unit": "L"
      },
      {
        "state": "TAS",
        "price": "260",
        "price_per_unit": "2600",
        "price_unit": "L"
      },
      {
        "state": "NT",
        "price": "260",
        "price_per_unit": "2600",
        "price_unit": "L"
      }
    ]
  },
  {
    "source_url": "https://www.woolworths.com.au/shop/productdetails/194020/jiva-xtreme-tonic-detox-spicy-ginger",
    "name": "Jiva Xtreme Tonic Detox Spicy Ginger 100ml",
    "image_url": "https://cdn1.woolworths.media/content/wowproductimages/large/194020.jpg",
    "source_id": "Woolworths - 194020",
    "barcode": "9351775001749",
    "shop": "Woolworths",
    "weight": "1L",
    "prices": [
      {
        "state": "NSW",
        "price": "260",
        "price_per_unit": "2600",
        "price_unit": "L"
      },
      {
        "state": "VIC",
        "price": "260",
        "price_per_unit": "2600",
        "price_unit": "L"
      },
      {
        "state": "SA",
        "price": "260",
        "price_per_unit": "2600",
        "price_unit": "L"
      },
      {
        "state": "TAS",
        "price": "260",
        "price_per_unit": "2600",
        "price_unit": "L"
      },
      {
        "state": "NT",
        "price": "260",
        "price_per_unit": "2600",
        "price_unit": "L"
      }
    ]
  },
  {
    "source_url": "https://www.woolworths.com.au/shop/productdetails/229891/jiva-xtreme-tonic-immunity-sour-apple",
    "name": "Jiva Xtreme Tonic Immunity Sour Apple 100ml",
    "image_url": "https://cdn1.woolworths.media/content/wowproductimages/large/229891.jpg",
    "source_id": "Woolworths - 229891",
    "barcode": "9351775000377",
    "shop": "Woolworths",
    "weight": "1L",
    "prices": [
      {
        "state": "NSW",
        "price": "260",
        "price_per_unit": "2600",
        "price_unit": "L"
      },
      {
        "state": "VIC",
        "price": "260",
        "price_per_unit": "2600",
        "price_unit": "L"
      },
      {
        "state": "SA",
        "price": "260",
        "price_per_unit": "2600",
        "price_unit": "L"
      },
      {
        "state": "TAS",
        "price": "260",
        "price_per_unit": "2600",
        "price_unit": "L"
      },
      {
        "state": "NT",
        "price": "260",
        "price_per_unit": "2600",
        "price_unit": "L"
      }
    ]
  },
  {
    "source_url": "https://www.woolworths.com.au/shop/productdetails/955847/jive-apple-carrot-ginger-lemon-juice",
    "name": "Jive Apple Carrot Ginger Lemon Juice 1L",
    "image_url": "https://cdn1.woolworths.media/content/wowproductimages/large/955847.jpg",
    "source_id": "Woolworths - 955847",
    "barcode": "9326720001181",
    "shop": "Woolworths",
    "weight": "100ML",
    "prices": [
      {
        "state": "NSW",
        "price": "450",
        "price_per_unit": "45",
        "price_unit": "ML"
      }
    ]
  },
  {
    "source_url": "https://www.woolworths.com.au/shop/productdetails/104086/juice-lovers-orange-juice-low-pulp",
    "name": "Juice Lovers Orange Juice Low Pulp 2L",
    "image_url": "https://cdn1.woolworths.media/content/wowproductimages/large/104086.jpg",
    "source_id": "Woolworths - 104086",
    "barcode": "9330272002305",
    "shop": "Woolworths",
    "weight": "1L",
    "prices": [
      {
        "state": "NSW",
        "price": "600",
        "price_per_unit": "300",
        "price_unit": "L"
      },
      {
        "state": "VIC",
        "price": "600",
        "price_per_unit": "300",
        "price_unit": "L"
      },
      {
        "state": "SA",
        "price": "600",
        "price_per_unit": "300",
        "price_unit": "L"
      },
      {
        "state": "ACT",
        "price": "600",
        "price_per_unit": "300",
        "price_unit": "L"
      },
      {
        "state": "NT",
        "price": "600",
        "price_per_unit": "300",
        "price_unit": "L"
      }
    ]
  },
  {
    "source_url": "https://www.woolworths.com.au/shop/productdetails/104255/juice-lovers-orange-juice-with-pulp",
    "name": "Juice Lovers Orange Juice With Pulp 2L",
    "image_url": "https://cdn1.woolworths.media/content/wowproductimages/large/104255.jpg",
    "source_id": "Woolworths - 104255",
    "barcode": "9330272002299",
    "shop": "Woolworths",
    "weight": "1L",
    "prices": [
      {
        "state": "NSW",
        "price": "600",
        "price_per_unit": "300",
        "price_unit": "L"
      },
      {
        "state": "VIC",
        "price": "600",
        "price_per_unit": "300",
        "price_unit": "L"
      },
      {
        "state": "SA",
        "price": "600",
        "price_per_unit": "300",
        "price_unit": "L"
      },
      {
        "state": "ACT",
        "price": "600",
        "price_per_unit": "300",
        "price_unit": "L"
      },
      {
        "state": "NT",
        "price": "600",
        "price_per_unit": "300",
        "price_unit": "L"
      }
    ]
  },
  {
    "source_url": "https://www.woolworths.com.au/shop/productdetails/859536/lo-bros-kombucha-passionfruit",
    "name": "Lo Bros Kombucha Passionfruit 750ml",
    "image_url": "https://cdn1.woolworths.media/content/wowproductimages/large/859536.jpg",
    "source_id": "Woolworths - 859536",
    "barcode": "9340784004254",
    "shop": "Woolworths",
    "weight": "1L",
    "prices": [
      {
        "state": "NSW",
        "price": "385",
        "price_per_unit": "513",
        "price_unit": "L"
      },
      {
        "state": "VIC",
        "price": "385",
        "price_per_unit": "513",
        "price_unit": "L"
      },
      {
        "state": "QLD",
        "price": "385",
        "price_per_unit": "513",
        "price_unit": "L"
      },
      {
        "state": "WA",
        "price": "385",
        "price_per_unit": "513",
        "price_unit": "L"
      },
      {
        "state": "SA",
        "price": "385",
        "price_per_unit": "513",
        "price_unit": "L"
      },
      {
        "state": "TAS",
        "price": "385",
        "price_per_unit": "513",
        "price_unit": "L"
      },
      {
        "state": "ACT",
        "price": "385",
        "price_per_unit": "513",
        "price_unit": "L"
      },
      {
        "state": "NT",
        "price": "385",
        "price_per_unit": "513",
        "price_unit": "L"
      }
    ]
  },
  {
    "source_url": "https://www.woolworths.com.au/shop/productdetails/55749/lo-bros-kombucha-peach-blackberry",
    "name": "Lo Bros Kombucha Peach & Blackberry 330mL",
    "image_url": "https://cdn1.woolworths.media/content/wowproductimages/large/055749.jpg",
    "source_id": "Woolworths - 55749",
    "barcode": "9340784002625",
    "shop": "Woolworths",
    "weight": "1L",
    "prices": [
      {
        "state": "NSW",
        "price": "420",
        "price_per_unit": "1273",
        "price_unit": "L"
      },
      {
        "state": "VIC",
        "price": "420",
        "price_per_unit": "1273",
        "price_unit": "L"
      },
      {
        "state": "QLD",
        "price": "420",
        "price_per_unit": "1273",
        "price_unit": "L"
      },
      {
        "state": "WA",
        "price": "420",
        "price_per_unit": "1273",
        "price_unit": "L"
      },
      {
        "state": "SA",
        "price": "420",
        "price_per_unit": "1273",
        "price_unit": "L"
      },
      {
        "state": "TAS",
        "price": "420",
        "price_per_unit": "1273",
        "price_unit": "L"
      },
      {
        "state": "ACT",
        "price": "420",
        "price_per_unit": "1273",
        "price_unit": "L"
      },
      {
        "state": "NT",
        "price": "420",
        "price_per_unit": "1273",
        "price_unit": "L"
      }
    ]
  },
  {
    "source_url": "https://www.woolworths.com.au/shop/productdetails/175503/lo-bros-kombucha-pineapple-lime",
    "name": "Lo Bros Kombucha Pineapple & Lime 750ml",
    "image_url": "https://cdn1.woolworths.media/content/wowproductimages/large/175503.jpg",
    "source_id": "Woolworths - 175503",
    "barcode": "9340784007507",
    "shop": "Woolworths",
    "weight": "1L",
    "prices": [
      {
        "state": "NSW",
        "price": "385",
        "price_per_unit": "513",
        "price_unit": "L"
      },
      {
        "state": "QLD",
        "price": "385",
        "price_per_unit": "513",
        "price_unit": "L"
      },
      {
        "state": "WA",
        "price": "385",
        "price_per_unit": "513",
        "price_unit": "L"
      },
      {
        "state": "TAS",
        "price": "385",
        "price_per_unit": "513",
        "price_unit": "L"
      },
      {
        "state": "ACT",
        "price": "385",
        "price_per_unit": "513",
        "price_unit": "L"
      },
      {
        "state": "NT",
        "price": "385",
        "price_per_unit": "513",
        "price_unit": "L"
      }
    ]
  },
  {
    "source_url": "https://www.woolworths.com.au/shop/productdetails/175459/lo-bros-pineapple-lime-kombucha",
    "name": "Lo Bros Pineapple & Lime Kombucha 330ml",
    "image_url": "https://cdn1.woolworths.media/content/wowproductimages/large/175459.jpg",
    "source_id": "Woolworths - 175459",
    "barcode": "9340784007491",
    "shop": "Woolworths",
    "weight": "1L",
    "prices": [
      {
        "state": "NSW",
        "price": "420",
        "price_per_unit": "1273",
        "price_unit": "L"
      },
      {
        "state": "VIC",
        "price": "420",
        "price_per_unit": "1273",
        "price_unit": "L"
      },
      {
        "state": "SA",
        "price": "420",
        "price_per_unit": "1273",
        "price_unit": "L"
      },
      {
        "state": "TAS",
        "price": "420",
        "price_per_unit": "1273",
        "price_unit": "L"
      },
      {
        "state": "ACT",
        "price": "420",
        "price_per_unit": "1273",
        "price_unit": "L"
      },
      {
        "state": "NT",
        "price": "420",
        "price_per_unit": "1273",
        "price_unit": "L"
      }
    ]
  },
  {
    "source_url": "https://www.woolworths.com.au/shop/productdetails/230330/lo-bros-raspberry-blackcurrant-kombucha",
    "name": "Lo Bros Raspberry & Blackcurrant Kombucha 330ml",
    "image_url": "https://cdn1.woolworths.media/content/wowproductimages/large/230330.jpg",
    "source_id": "Woolworths - 230330",
    "barcode": "9340784007484",
    "shop": "Woolworths",
    "weight": "1L",
    "prices": [
      {
        "state": "NSW",
        "price": "420",
        "price_per_unit": "1273",
        "price_unit": "L"
      },
      {
        "state": "VIC",
        "price": "420",
        "price_per_unit": "1273",
        "price_unit": "L"
      },
      {
        "state": "WA",
        "price": "420",
        "price_per_unit": "1273",
        "price_unit": "L"
      },
      {
        "state": "SA",
        "price": "420",
        "price_per_unit": "1273",
        "price_unit": "L"
      },
      {
        "state": "ACT",
        "price": "420",
        "price_per_unit": "1273",
        "price_unit": "L"
      },
      {
        "state": "NT",
        "price": "420",
        "price_per_unit": "1273",
        "price_unit": "L"
      }
    ]
  },
  {
    "source_url": "https://www.woolworths.com.au/shop/productdetails/389571/lo-bros-yuzu-lemonade-kombucha",
    "name": "Lo Bros Yuzu Lemonade Kombucha 330ml",
    "image_url": "https://cdn1.woolworths.media/content/wowproductimages/large/389571.jpg",
    "source_id": "Woolworths - 389571",
    "barcode": "9340784002618",
    "shop": "Woolworths",
    "weight": "1L",
    "prices": [
      {
        "state": "NSW",
        "price": "420",
        "price_per_unit": "1273",
        "price_unit": "L"
      },
      {
        "state": "VIC",
        "price": "420",
        "price_per_unit": "1273",
        "price_unit": "L"
      },
      {
        "state": "QLD",
        "price": "420",
        "price_per_unit": "1273",
        "price_unit": "L"
      },
      {
        "state": "WA",
        "price": "420",
        "price_per_unit": "1273",
        "price_unit": "L"
      },
      {
        "state": "SA",
        "price": "420",
        "price_per_unit": "1273",
        "price_unit": "L"
      },
      {
        "state": "ACT",
        "price": "420",
        "price_per_unit": "1273",
        "price_unit": "L"
      },
      {
        "state": "NT",
        "price": "420",
        "price_per_unit": "1273",
        "price_unit": "L"
      }
    ]
  },
  {
    "source_url": "https://www.woolworths.com.au/shop/productdetails/739716/mildura-apple-guava-fruit-drink",
    "name": "Mildura Apple Guava Fruit Drink 500ml",
    "image_url": "https://cdn1.woolworths.media/content/wowproductimages/large/739716.jpg",
    "source_id": "Woolworths - 739716",
    "barcode": "9310113901004",
    "shop": "Woolworths",
    "weight": "1L",
    "prices": [
      {
        "state": "NSW",
        "price": "260",
        "price_per_unit": "520",
        "price_unit": "L"
      },
      {
        "state": "VIC",
        "price": "260",
        "price_per_unit": "520",
        "price_unit": "L"
      },
      {
        "state": "QLD",
        "price": "260",
        "price_per_unit": "520",
        "price_unit": "L"
      },
      {
        "state": "WA",
        "price": "260",
        "price_per_unit": "520",
        "price_unit": "L"
      },
      {
        "state": "SA",
        "price": "260",
        "price_per_unit": "520",
        "price_unit": "L"
      },
      {
        "state": "TAS",
        "price": "260",
        "price_per_unit": "520",
        "price_unit": "L"
      },
      {
        "state": "ACT",
        "price": "260",
        "price_per_unit": "520",
        "price_unit": "L"
      },
      {
        "state": "NT",
        "price": "260",
        "price_per_unit": "520",
        "price_unit": "L"
      }
    ]
  },
  {
    "source_url": "https://www.woolworths.com.au/shop/productdetails/739700/mildura-orange-mango-fruit-drink",
    "name": "Mildura Orange Mango Fruit Drink 500ml",
    "image_url": "https://cdn1.woolworths.media/content/wowproductimages/large/739700.jpg",
    "source_id": "Woolworths - 739700",
    "barcode": "9310113901028",
    "shop": "Woolworths",
    "weight": "1L",
    "prices": [
      {
        "state": "NSW",
        "price": "260",
        "price_per_unit": "520",
        "price_unit": "L"
      },
      {
        "state": "VIC",
        "price": "260",
        "price_per_unit": "520",
        "price_unit": "L"
      },
      {
        "state": "WA",
        "price": "260",
        "price_per_unit": "520",
        "price_unit": "L"
      },
      {
        "state": "SA",
        "price": "260",
        "price_per_unit": "520",
        "price_unit": "L"
      },
      {
        "state": "ACT",
        "price": "260",
        "price_per_unit": "520",
        "price_unit": "L"
      },
      {
        "state": "NT",
        "price": "260",
        "price_per_unit": "520",
        "price_unit": "L"
      }
    ]
  },
  {
    "source_url": "https://www.woolworths.com.au/shop/productdetails/739699/mildura-orange-passionfruit-fruit-drink",
    "name": "Mildura Orange Passionfruit Fruit Drink 500ml",
    "image_url": "https://cdn1.woolworths.media/content/wowproductimages/large/739699.jpg",
    "source_id": "Woolworths - 739699",
    "barcode": "9310113901035",
    "shop": "Woolworths",
    "weight": "1L",
    "prices": [
      {
        "state": "NSW",
        "price": "260",
        "price_per_unit": "520",
        "price_unit": "L"
      },
      {
        "state": "VIC",
        "price": "260",
        "price_per_unit": "520",
        "price_unit": "L"
      },
      {
        "state": "QLD",
        "price": "260",
        "price_per_unit": "520",
        "price_unit": "L"
      },
      {
        "state": "WA",
        "price": "260",
        "price_per_unit": "520",
        "price_unit": "L"
      },
      {
        "state": "SA",
        "price": "260",
        "price_per_unit": "520",
        "price_unit": "L"
      },
      {
        "state": "ACT",
        "price": "260",
        "price_per_unit": "520",
        "price_unit": "L"
      },
      {
        "state": "NT",
        "price": "260",
        "price_per_unit": "520",
        "price_unit": "L"
      }
    ]
  },
  {
    "source_url": "https://www.woolworths.com.au/shop/productdetails/270682/mrs-toddy-s-tonic-immunity-spark",
    "name": "Mrs Toddy's Tonic Immunity Spark 300ml",
    "image_url": "https://cdn1.woolworths.media/content/wowproductimages/large/270682.jpg",
    "source_id": "Woolworths - 270682",
    "barcode": "796548435403",
    "shop": "Woolworths",
    "weight": "1L",
    "prices": [
      {
        "state": "NSW",
        "price": "500",
        "price_per_unit": "1667",
        "price_unit": "L"
      },
      {
        "state": "VIC",
        "price": "500",
        "price_per_unit": "1667",
        "price_unit": "L"
      },
      {
        "state": "WA",
        "price": "500",
        "price_per_unit": "1667",
        "price_unit": "L"
      },
      {
        "state": "ACT",
        "price": "500",
        "price_per_unit": "1667",
        "price_unit": "L"
      }
    ]
  },
  {
    "source_url": "https://www.woolworths.com.au/shop/productdetails/159596/mrs-toddy-s-tonic-kauai-glow-hibiscus-collagen-lemon",
    "name": "Mrs Toddy's Tonic Kauai Glow Hibiscus, Collagen & Lemon 250ml",
    "image_url": "https://cdn1.woolworths.media/content/wowproductimages/large/159596.jpg",
    "source_id": "Woolworths - 159596",
    "barcode": "10793591060801",
    "shop": "Woolworths",
    "weight": "1L",
    "prices": [
      {
        "state": "NSW",
        "price": "500",
        "price_per_unit": "2000",
        "price_unit": "L"
      },
      {
        "state": "VIC",
        "price": "500",
        "price_per_unit": "2000",
        "price_unit": "L"
      },
      {
        "state": "QLD",
        "price": "500",
        "price_per_unit": "2000",
        "price_unit": "L"
      },
      {
        "state": "WA",
        "price": "500",
        "price_per_unit": "2000",
        "price_unit": "L"
      }
    ]
  },
  {
    "source_url": "https://www.woolworths.com.au/shop/productdetails/159271/mrs-toddy-s-tonic-ubud-jamu-turmeric-ginger-lemon",
    "name": "Mrs Toddy's Tonic Ubud Jamu Turmeric, Ginger & Lemon 250ml",
    "image_url": "https://cdn1.woolworths.media/content/wowproductimages/large/159271.jpg",
    "source_id": "Woolworths - 159271",
    "barcode": "735850499802",
    "shop": "Woolworths",
    "weight": "1L",
    "prices": [
      {
        "state": "NSW",
        "price": "500",
        "price_per_unit": "2000",
        "price_unit": "L"
      },
      {
        "state": "VIC",
        "price": "500",
        "price_per_unit": "2000",
        "price_unit": "L"
      },
      {
        "state": "QLD",
        "price": "500",
        "price_per_unit": "2000",
        "price_unit": "L"
      },
      {
        "state": "WA",
        "price": "500",
        "price_per_unit": "2000",
        "price_unit": "L"
      }
    ]
  },
  {
    "source_url": "https://www.woolworths.com.au/shop/productdetails/63797/nexus-super-protein-sparkling-water-passion-mango",
    "name": "Nexus Super Protein Sparkling Water Passion Mango 355mL",
    "image_url": "https://cdn1.woolworths.media/content/wowproductimages/large/063797.jpg",
    "source_id": "Woolworths - 63797",
    "barcode": "9360845000025",
    "shop": "Woolworths",
    "weight": "1L",
    "prices": [
      {
        "state": "VIC",
        "price": "550",
        "price_per_unit": "1549",
        "price_unit": "L"
      },
      {
        "state": "QLD",
        "price": "550",
        "price_per_unit": "1549",
        "price_unit": "L"
      },
      {
        "state": "WA",
        "price": "550",
        "price_per_unit": "1549",
        "price_unit": "L"
      },
      {
        "state": "SA",
        "price": "550",
        "price_per_unit": "1549",
        "price_unit": "L"
      },
      {
        "state": "TAS",
        "price": "550",
        "price_per_unit": "1549",
        "price_unit": "L"
      },
      {
        "state": "ACT",
        "price": "550",
        "price_per_unit": "1549",
        "price_unit": "L"
      },
      {
        "state": "NT",
        "price": "550",
        "price_per_unit": "1549",
        "price_unit": "L"
      }
    ]
  },
  {
    "source_url": "https://www.woolworths.com.au/shop/productdetails/67063/nexus-super-protein-sparkling-water-sour-razz",
    "name": "Nexus Super Protein Sparkling Water Sour Razz 355mL",
    "image_url": "https://cdn1.woolworths.media/content/wowproductimages/large/067063.jpg",
    "source_id": "Woolworths - 67063",
    "barcode": "9360845000094",
    "shop": "Woolworths",
    "weight": "1L",
    "prices": [
      {
        "state": "VIC",
        "price": "550",
        "price_per_unit": "1549",
        "price_unit": "L"
      },
      {
        "state": "QLD",
        "price": "550",
        "price_per_unit": "1549",
        "price_unit": "L"
      },
      {
        "state": "WA",
        "price": "550",
        "price_per_unit": "1549",
        "price_unit": "L"
      },
      {
        "state": "SA",
        "price": "550",
        "price_per_unit": "1549",
        "price_unit": "L"
      },
      {
        "state": "TAS",
        "price": "550",
        "price_per_unit": "1549",
        "price_unit": "L"
      },
      {
        "state": "ACT",
        "price": "550",
        "price_per_unit": "1549",
        "price_unit": "L"
      },
      {
        "state": "NT",
        "price": "550",
        "price_per_unit": "1549",
        "price_unit": "L"
      }
    ]
  },
  {
    "source_url": "https://www.woolworths.com.au/shop/productdetails/59792/nexus-super-protein-sparkling-water-tropical-crush",
    "name": "Nexus Super Protein Sparkling Water Tropical Crush 355mL",
    "image_url": "https://cdn1.woolworths.media/content/wowproductimages/large/059792.jpg",
    "source_id": "Woolworths - 59792",
    "barcode": "9360845000018",
    "shop": "Woolworths",
    "weight": "1L",
    "prices": [
      {
        "state": "NSW",
        "price": "550",
        "price_per_unit": "1549",
        "price_unit": "L"
      },
      {
        "state": "VIC",
        "price": "550",
        "price_per_unit": "1549",
        "price_unit": "L"
      },
      {
        "state": "QLD",
        "price": "550",
        "price_per_unit": "1549",
        "price_unit": "L"
      },
      {
        "state": "WA",
        "price": "550",
        "price_per_unit": "1549",
        "price_unit": "L"
      },
      {
        "state": "SA",
        "price": "550",
        "price_per_unit": "1549",
        "price_unit": "L"
      },
      {
        "state": "TAS",
        "price": "550",
        "price_per_unit": "1549",
        "price_unit": "L"
      },
      {
        "state": "ACT",
        "price": "550",
        "price_per_unit": "1549",
        "price_unit": "L"
      },
      {
        "state": "NT",
        "price": "550",
        "price_per_unit": "1549",
        "price_unit": "L"
      }
    ]
  },
  {
    "source_url": "https://www.woolworths.com.au/shop/productdetails/359119/nudie-100-apple-juice",
    "name": "Nudie 100% Apple Juice 2l",
    "image_url": "https://cdn1.woolworths.media/content/wowproductimages/large/359119.jpg",
    "source_id": "Woolworths - 359119",
    "barcode": "9314218000617",
    "shop": "Woolworths",
    "weight": "1L",
    "prices": [
      {
        "state": "NSW",
        "price": "700",
        "price_per_unit": "350",
        "price_unit": "L"
      },
      {
        "state": "VIC",
        "price": "700",
        "price_per_unit": "350",
        "price_unit": "L"
      },
      {
        "state": "QLD",
        "price": "700",
        "price_per_unit": "350",
        "price_unit": "L"
      },
      {
        "state": "WA",
        "price": "700",
        "price_per_unit": "350",
        "price_unit": "L"
      },
      {
        "state": "SA",
        "price": "700",
        "price_per_unit": "350",
        "price_unit": "L"
      },
      {
        "state": "TAS",
        "price": "700",
        "price_per_unit": "350",
        "price_unit": "L"
      },
      {
        "state": "ACT",
        "price": "700",
        "price_per_unit": "350",
        "price_unit": "L"
      },
      {
        "state": "NT",
        "price": "700",
        "price_per_unit": "350",
        "price_unit": "L"
      }
    ]
  },
  {
    "source_url": "https://www.woolworths.com.au/shop/productdetails/701531/nudie-100-apple-juice",
    "name": "Nudie 100% Apple Juice 400ml",
    "image_url": "https://cdn1.woolworths.media/content/wowproductimages/large/701531.jpg",
    "source_id": "Woolworths - 701531",
    "barcode": "9332991000389",
    "shop": "Woolworths",
    "weight": "1L",
    "prices": [
      {
        "state": "NSW",
        "price": "430",
        "price_per_unit": "1075",
        "price_unit": "L"
      },
      {
        "state": "VIC",
        "price": "430",
        "price_per_unit": "1075",
        "price_unit": "L"
      },
      {
        "state": "WA",
        "price": "430",
        "price_per_unit": "1075",
        "price_unit": "L"
      },
      {
        "state": "SA",
        "price": "430",
        "price_per_unit": "1075",
        "price_unit": "L"
      },
      {
        "state": "TAS",
        "price": "430",
        "price_per_unit": "1075",
        "price_unit": "L"
      },
      {
        "state": "ACT",
        "price": "430",
        "price_per_unit": "1075",
        "price_unit": "L"
      },
      {
        "state": "NT",
        "price": "430",
        "price_per_unit": "1075",
        "price_unit": "L"
      }
    ]
  },
  {
    "source_url": "https://www.woolworths.com.au/shop/productdetails/701518/nudie-100-orange-juice",
    "name": "Nudie 100% Orange Juice 400ml",
    "image_url": "https://cdn1.woolworths.media/content/wowproductimages/large/701518.jpg",
    "source_id": "Woolworths - 701518",
    "barcode": "9332991000396",
    "shop": "Woolworths",
    "weight": "1L",
    "prices": [
      {
        "state": "NSW",
        "price": "430",
        "price_per_unit": "1075",
        "price_unit": "L"
      },
      {
        "state": "VIC",
        "price": "430",
        "price_per_unit": "1075",
        "price_unit": "L"
      },
      {
        "state": "QLD",
        "price": "430",
        "price_per_unit": "1075",
        "price_unit": "L"
      },
      {
        "state": "WA",
        "price": "430",
        "price_per_unit": "1075",
        "price_unit": "L"
      },
      {
        "state": "SA",
        "price": "430",
        "price_per_unit": "1075",
        "price_unit": "L"
      },
      {
        "state": "TAS",
        "price": "430",
        "price_per_unit": "1075",
        "price_unit": "L"
      },
      {
        "state": "ACT",
        "price": "430",
        "price_per_unit": "1075",
        "price_unit": "L"
      },
      {
        "state": "NT",
        "price": "430",
        "price_per_unit": "1075",
        "price_unit": "L"
      }
    ]
  },
  {
    "source_url": "https://www.woolworths.com.au/shop/productdetails/190802/nudie-antioxidant-carrot-turmeric-orange-apple-lime",
    "name": "Nudie Antioxidant Carrot, Turmeric, Orange, Apple & Lime 1l",
    "image_url": "https://cdn1.woolworths.media/content/wowproductimages/large/190802.jpg",
    "source_id": "Woolworths - 190802",
    "barcode": "9332991002796",
    "shop": "Woolworths",
    "weight": "1L",
    "prices": [
      {
        "state": "NSW",
        "price": "600",
        "price_per_unit": "600",
        "price_unit": "L"
      },
      {
        "state": "VIC",
        "price": "600",
        "price_per_unit": "600",
        "price_unit": "L"
      },
      {
        "state": "QLD",
        "price": "600",
        "price_per_unit": "600",
        "price_unit": "L"
      },
      {
        "state": "WA",
        "price": "600",
        "price_per_unit": "600",
        "price_unit": "L"
      },
      {
        "state": "TAS",
        "price": "600",
        "price_per_unit": "600",
        "price_unit": "L"
      },
      {
        "state": "ACT",
        "price": "600",
        "price_per_unit": "600",
        "price_unit": "L"
      }
    ]
  },
  {
    "source_url": "https://www.woolworths.com.au/shop/productdetails/882329/nudie-coco-juice-apple-mixed-berries-coconut-water",
    "name": "Nudie Coco Juice Apple Mixed Berries & Coconut Water 400mL",
    "image_url": "https://cdn1.woolworths.media/content/wowproductimages/large/882329.jpg",
    "source_id": "Woolworths - 882329",
    "barcode": "9332991003601",
    "shop": "Woolworths",
    "weight": "1L",
    "prices": [
      {
        "state": "NSW",
        "price": "420",
        "price_per_unit": "1050",
        "price_unit": "L"
      },
      {
        "state": "QLD",
        "price": "420",
        "price_per_unit": "1050",
        "price_unit": "L"
      },
      {
        "state": "WA",
        "price": "420",
        "price_per_unit": "1050",
        "price_unit": "L"
      },
      {
        "state": "SA",
        "price": "420",
        "price_per_unit": "1050",
        "price_unit": "L"
      },
      {
        "state": "TAS",
        "price": "420",
        "price_per_unit": "1050",
        "price_unit": "L"
      },
      {
        "state": "ACT",
        "price": "420",
        "price_per_unit": "1050",
        "price_unit": "L"
      },
      {
        "state": "NT",
        "price": "420",
        "price_per_unit": "1050",
        "price_unit": "L"
      }
    ]
  },
  {
    "source_url": "https://www.woolworths.com.au/shop/productdetails/882429/nudie-coco-juice-pear-orange-passionfruit-coconut-water",
    "name": "Nudie Coco Juice Pear Orange Passionfruit & Coconut Water 400mL",
    "image_url": "https://cdn1.woolworths.media/content/wowproductimages/large/882429.jpg",
    "source_id": "Woolworths - 882429",
    "barcode": "9332991003595",
    "shop": "Woolworths",
    "weight": "1L",
    "prices": [
      {
        "state": "NSW",
        "price": "420",
        "price_per_unit": "1050",
        "price_unit": "L"
      },
      {
        "state": "QLD",
        "price": "420",
        "price_per_unit": "1050",
        "price_unit": "L"
      },
      {
        "state": "WA",
        "price": "420",
        "price_per_unit": "1050",
        "price_unit": "L"
      },
      {
        "state": "SA",
        "price": "420",
        "price_per_unit": "1050",
        "price_unit": "L"
      },
      {
        "state": "TAS",
        "price": "420",
        "price_per_unit": "1050",
        "price_unit": "L"
      },
      {
        "state": "ACT",
        "price": "420",
        "price_per_unit": "1050",
        "price_unit": "L"
      },
      {
        "state": "NT",
        "price": "420",
        "price_per_unit": "1050",
        "price_unit": "L"
      }
    ]
  },
  {
    "source_url": "https://www.woolworths.com.au/shop/productdetails/190178/nudie-immunity-hit-beetroot-carrot-orange-pear-ginger",
    "name": "Nudie Immunity Hit Beetroot, Carrot, Orange, Pear & Ginger 1l",
    "image_url": "https://cdn1.woolworths.media/content/wowproductimages/large/190178.jpg",
    "source_id": "Woolworths - 190178",
    "barcode": "9332991002789",
    "shop": "Woolworths",
    "weight": "1L",
    "prices": [
      {
        "state": "VIC",
        "price": "600",
        "price_per_unit": "600",
        "price_unit": "L"
      },
      {
        "state": "QLD",
        "price": "600",
        "price_per_unit": "600",
        "price_unit": "L"
      },
      {
        "state": "WA",
        "price": "600",
        "price_per_unit": "600",
        "price_unit": "L"
      },
      {
        "state": "TAS",
        "price": "600",
        "price_per_unit": "600",
        "price_unit": "L"
      },
      {
        "state": "ACT",
        "price": "600",
        "price_per_unit": "600",
        "price_unit": "L"
      }
    ]
  },
  {
    "source_url": "https://www.woolworths.com.au/shop/productdetails/972378/nudie-juice-shot-antioxidant",
    "name": "Nudie Juice Shot Antioxidant 60ml",
    "image_url": "https://cdn1.woolworths.media/content/wowproductimages/large/972378.jpg",
    "source_id": "Woolworths - 972378",
    "barcode": "9332991003649",
    "shop": "Woolworths",
    "weight": "1L",
    "prices": [
      {
        "state": "NSW",
        "price": "360",
        "price_per_unit": "6000",
        "price_unit": "L"
      },
      {
        "state": "VIC",
        "price": "360",
        "price_per_unit": "6000",
        "price_unit": "L"
      },
      {
        "state": "QLD",
        "price": "360",
        "price_per_unit": "6000",
        "price_unit": "L"
      },
      {
        "state": "WA",
        "price": "360",
        "price_per_unit": "6000",
        "price_unit": "L"
      },
      {
        "state": "SA",
        "price": "360",
        "price_per_unit": "6000",
        "price_unit": "L"
      },
      {
        "state": "TAS",
        "price": "360",
        "price_per_unit": "6000",
        "price_unit": "L"
      },
      {
        "state": "ACT",
        "price": "360",
        "price_per_unit": "6000",
        "price_unit": "L"
      },
      {
        "state": "NT",
        "price": "360",
        "price_per_unit": "6000",
        "price_unit": "L"
      }
    ]
  },
  {
    "source_url": "https://www.woolworths.com.au/shop/productdetails/972159/nudie-juice-shot-digestive",
    "name": "Nudie Juice Shot Digestive 60ml",
    "image_url": "https://cdn1.woolworths.media/content/wowproductimages/large/972159.jpg",
    "source_id": "Woolworths - 972159",
    "barcode": "9332991003656",
    "shop": "Woolworths",
    "weight": "1L",
    "prices": [
      {
        "state": "NSW",
        "price": "360",
        "price_per_unit": "6000",
        "price_unit": "L"
      },
      {
        "state": "VIC",
        "price": "360",
        "price_per_unit": "6000",
        "price_unit": "L"
      },
      {
        "state": "QLD",
        "price": "360",
        "price_per_unit": "6000",
        "price_unit": "L"
      },
      {
        "state": "WA",
        "price": "360",
        "price_per_unit": "6000",
        "price_unit": "L"
      },
      {
        "state": "SA",
        "price": "360",
        "price_per_unit": "6000",
        "price_unit": "L"
      },
      {
        "state": "TAS",
        "price": "360",
        "price_per_unit": "6000",
        "price_unit": "L"
      },
      {
        "state": "ACT",
        "price": "360",
        "price_per_unit": "6000",
        "price_unit": "L"
      },
      {
        "state": "NT",
        "price": "360",
        "price_per_unit": "6000",
        "price_unit": "L"
      }
    ]
  },
  {
    "source_url": "https://www.woolworths.com.au/shop/productdetails/972445/nudie-juice-shot-immunity",
    "name": "Nudie Juice Shot Immunity 60ml",
    "image_url": "https://cdn1.woolworths.media/content/wowproductimages/large/972445.jpg",
    "source_id": "Woolworths - 972445",
    "barcode": "9332991003632",
    "shop": "Woolworths",
    "weight": "1L",
    "prices": [
      {
        "state": "NSW",
        "price": "360",
        "price_per_unit": "6000",
        "price_unit": "L"
      },
      {
        "state": "VIC",
        "price": "360",
        "price_per_unit": "6000",
        "price_unit": "L"
      },
      {
        "state": "QLD",
        "price": "360",
        "price_per_unit": "6000",
        "price_unit": "L"
      },
      {
        "state": "WA",
        "price": "360",
        "price_per_unit": "6000",
        "price_unit": "L"
      },
      {
        "state": "SA",
        "price": "360",
        "price_per_unit": "6000",
        "price_unit": "L"
      },
      {
        "state": "TAS",
        "price": "360",
        "price_per_unit": "6000",
        "price_unit": "L"
      },
      {
        "state": "ACT",
        "price": "360",
        "price_per_unit": "6000",
        "price_unit": "L"
      },
      {
        "state": "NT",
        "price": "360",
        "price_per_unit": "6000",
        "price_unit": "L"
      }
    ]
  },
  {
    "source_url": "https://www.woolworths.com.au/shop/productdetails/387529/nudie-nothing-but-2-apples-juice",
    "name": "Nudie Nothing But 2 Apples Juice 200ml",
    "image_url": "https://cdn1.woolworths.media/content/wowproductimages/large/387529.jpg",
    "source_id": "Woolworths - 387529",
    "barcode": "9332991003540",
    "shop": "Woolworths",
    "weight": "1L",
    "prices": [
      {
        "state": "NSW",
        "price": "220",
        "price_per_unit": "1100",
        "price_unit": "L"
      },
      {
        "state": "VIC",
        "price": "220",
        "price_per_unit": "1100",
        "price_unit": "L"
      },
      {
        "state": "QLD",
        "price": "220",
        "price_per_unit": "1100",
        "price_unit": "L"
      },
      {
        "state": "WA",
        "price": "220",
        "price_per_unit": "1100",
        "price_unit": "L"
      },
      {
        "state": "SA",
        "price": "220",
        "price_per_unit": "1100",
        "price_unit": "L"
      },
      {
        "state": "TAS",
        "price": "220",
        "price_per_unit": "1100",
        "price_unit": "L"
      },
      {
        "state": "ACT",
        "price": "220",
        "price_per_unit": "1100",
        "price_unit": "L"
      },
      {
        "state": "NT",
        "price": "220",
        "price_per_unit": "1100",
        "price_unit": "L"
      }
    ]
  },
  {
    "source_url": "https://www.woolworths.com.au/shop/productdetails/387742/nudie-nothing-but-2-oranges-juice",
    "name": "Nudie Nothing But 2 Oranges Juice 200ml",
    "image_url": "https://cdn1.woolworths.media/content/wowproductimages/large/387742.jpg",
    "source_id": "Woolworths - 387742",
    "barcode": "9332991003533",
    "shop": "Woolworths",
    "weight": "1L",
    "prices": [
      {
        "state": "NSW",
        "price": "220",
        "price_per_unit": "1100",
        "price_unit": "L"
      },
      {
        "state": "VIC",
        "price": "220",
        "price_per_unit": "1100",
        "price_unit": "L"
      },
      {
        "state": "WA",
        "price": "220",
        "price_per_unit": "1100",
        "price_unit": "L"
      },
      {
        "state": "SA",
        "price": "220",
        "price_per_unit": "1100",
        "price_unit": "L"
      },
      {
        "state": "TAS",
        "price": "220",
        "price_per_unit": "1100",
        "price_unit": "L"
      },
      {
        "state": "ACT",
        "price": "220",
        "price_per_unit": "1100",
        "price_unit": "L"
      },
      {
        "state": "NT",
        "price": "220",
        "price_per_unit": "1100",
        "price_unit": "L"
      }
    ]
  },
  {
    "source_url": "https://www.woolworths.com.au/shop/productdetails/267211/nudie-nothing-but-aloha",
    "name": "Nudie Nothing But Aloha 400ml",
    "image_url": "https://cdn1.woolworths.media/content/wowproductimages/large/267211.jpg",
    "source_id": "Woolworths - 267211",
    "barcode": "9332991003489",
    "shop": "Woolworths",
    "weight": "1L",
    "prices": [
      {
        "state": "NSW",
        "price": "430",
        "price_per_unit": "1075",
        "price_unit": "L"
      },
      {
        "state": "VIC",
        "price": "430",
        "price_per_unit": "1075",
        "price_unit": "L"
      },
      {
        "state": "QLD",
        "price": "430",
        "price_per_unit": "1075",
        "price_unit": "L"
      },
      {
        "state": "WA",
        "price": "430",
        "price_per_unit": "1075",
        "price_unit": "L"
      },
      {
        "state": "SA",
        "price": "430",
        "price_per_unit": "1075",
        "price_unit": "L"
      },
      {
        "state": "TAS",
        "price": "430",
        "price_per_unit": "1075",
        "price_unit": "L"
      },
      {
        "state": "ACT",
        "price": "430",
        "price_per_unit": "1075",
        "price_unit": "L"
      },
      {
        "state": "NT",
        "price": "430",
        "price_per_unit": "1075",
        "price_unit": "L"
      }
    ]
  },
  {
    "source_url": "https://www.woolworths.com.au/shop/productdetails/268297/nudie-nothing-but-aloha-juice",
    "name": "Nudie Nothing But Aloha Juice 2l",
    "image_url": "https://cdn1.woolworths.media/content/wowproductimages/large/268297.jpg",
    "source_id": "Woolworths - 268297",
    "barcode": "9332991003496",
    "shop": "Woolworths",
    "weight": "1L",
    "prices": [
      {
        "state": "NSW",
        "price": "850",
        "price_per_unit": "425",
        "price_unit": "L"
      },
      {
        "state": "VIC",
        "price": "850",
        "price_per_unit": "425",
        "price_unit": "L"
      },
      {
        "state": "QLD",
        "price": "850",
        "price_per_unit": "425",
        "price_unit": "L"
      },
      {
        "state": "SA",
        "price": "850",
        "price_per_unit": "425",
        "price_unit": "L"
      },
      {
        "state": "TAS",
        "price": "850",
        "price_per_unit": "425",
        "price_unit": "L"
      },
      {
        "state": "ACT",
        "price": "850",
        "price_per_unit": "425",
        "price_unit": "L"
      }
    ]
  },
  {
    "source_url": "https://www.woolworths.com.au/shop/productdetails/740011/nudie-nothing-but-apple-juice",
    "name": "Nudie Nothing But Apple Juice 1l",
    "image_url": "https://cdn1.woolworths.media/content/wowproductimages/large/740011.jpg",
    "source_id": "Woolworths - 740011",
    "barcode": "9332991000884",
    "shop": "Woolworths",
    "weight": "1L",
    "prices": [
      {
        "state": "NSW",
        "price": "500",
        "price_per_unit": "500",
        "price_unit": "L"
      },
      {
        "state": "VIC",
        "price": "500",
        "price_per_unit": "500",
        "price_unit": "L"
      },
      {
        "state": "WA",
        "price": "500",
        "price_per_unit": "500",
        "price_unit": "L"
      },
      {
        "state": "SA",
        "price": "500",
        "price_per_unit": "500",
        "price_unit": "L"
      },
      {
        "state": "TAS",
        "price": "500",
        "price_per_unit": "500",
        "price_unit": "L"
      },
      {
        "state": "ACT",
        "price": "500",
        "price_per_unit": "500",
        "price_unit": "L"
      }
    ]
  },
  {
    "source_url": "https://www.woolworths.com.au/shop/productdetails/784641/nudie-nothing-but-carrot-ginger-more",
    "name": "Nudie Nothing But Carrot Ginger & More 400ml",
    "image_url": "https://cdn1.woolworths.media/content/wowproductimages/large/784641.jpg",
    "source_id": "Woolworths - 784641",
    "barcode": "9332991000198",
    "shop": "Woolworths",
    "weight": "1L",
    "prices": [
      {
        "state": "NSW",
        "price": "430",
        "price_per_unit": "1075",
        "price_unit": "L"
      },
      {
        "state": "VIC",
        "price": "430",
        "price_per_unit": "1075",
        "price_unit": "L"
      },
      {
        "state": "QLD",
        "price": "430",
        "price_per_unit": "1075",
        "price_unit": "L"
      },
      {
        "state": "WA",
        "price": "430",
        "price_per_unit": "1075",
        "price_unit": "L"
      },
      {
        "state": "SA",
        "price": "430",
        "price_per_unit": "1075",
        "price_unit": "L"
      },
      {
        "state": "TAS",
        "price": "430",
        "price_per_unit": "1075",
        "price_unit": "L"
      },
      {
        "state": "ACT",
        "price": "430",
        "price_per_unit": "1075",
        "price_unit": "L"
      },
      {
        "state": "NT",
        "price": "430",
        "price_per_unit": "1075",
        "price_unit": "L"
      }
    ]
  },
  {
    "source_url": "https://www.woolworths.com.au/shop/productdetails/784642/nudie-nothing-but-carrot-orange-apple-ginger",
    "name": "Nudie Nothing But Carrot, Orange, Apple & Ginger 2l",
    "image_url": "https://cdn1.woolworths.media/content/wowproductimages/large/784642.jpg",
    "source_id": "Woolworths - 784642",
    "barcode": "9332991000181",
    "shop": "Woolworths",
    "weight": "1L",
    "prices": [
      {
        "state": "NSW",
        "price": "850",
        "price_per_unit": "425",
        "price_unit": "L"
      },
      {
        "state": "VIC",
        "price": "850",
        "price_per_unit": "425",
        "price_unit": "L"
      },
      {
        "state": "QLD",
        "price": "850",
        "price_per_unit": "425",
        "price_unit": "L"
      },
      {
        "state": "WA",
        "price": "850",
        "price_per_unit": "425",
        "price_unit": "L"
      },
      {
        "state": "SA",
        "price": "850",
        "price_per_unit": "425",
        "price_unit": "L"
      },
      {
        "state": "TAS",
        "price": "850",
        "price_per_unit": "425",
        "price_unit": "L"
      },
      {
        "state": "ACT",
        "price": "850",
        "price_per_unit": "425",
        "price_unit": "L"
      },
      {
        "state": "NT",
        "price": "850",
        "price_per_unit": "425",
        "price_unit": "L"
      }
    ]
  },
  {
    "source_url": "https://www.woolworths.com.au/shop/productdetails/448581/nudie-nothing-but-orange-double-pulp",
    "name": "Nudie Nothing But Orange Double Pulp 2l",
    "image_url": "https://cdn1.woolworths.media/content/wowproductimages/large/448581.jpg",
    "source_id": "Woolworths - 448581",
    "barcode": "9332991001737",
    "shop": "Woolworths",
    "weight": "1L",
    "prices": [
      {
        "state": "NSW",
        "price": "950",
        "price_per_unit": "475",
        "price_unit": "L"
      },
      {
        "state": "VIC",
        "price": "950",
        "price_per_unit": "475",
        "price_unit": "L"
      },
      {
        "state": "WA",
        "price": "950",
        "price_per_unit": "475",
        "price_unit": "L"
      },
      {
        "state": "SA",
        "price": "950",
        "price_per_unit": "475",
        "price_unit": "L"
      },
      {
        "state": "TAS",
        "price": "950",
        "price_per_unit": "475",
        "price_unit": "L"
      },
      {
        "state": "ACT",
        "price": "950",
        "price_per_unit": "475",
        "price_unit": "L"
      },
      {
        "state": "NT",
        "price": "950",
        "price_per_unit": "475",
        "price_unit": "L"
      }
    ]
  },
  {
    "source_url": "https://www.woolworths.com.au/shop/productdetails/64365/nudie-nothing-but-orange-pulp-free",
    "name": "Nudie Nothing But Orange Pulp Free 400ml",
    "image_url": "https://cdn1.woolworths.media/content/wowproductimages/large/064365.jpg",
    "source_id": "Woolworths - 64365",
    "barcode": "9332991002864",
    "shop": "Woolworths",
    "weight": "1L",
    "prices": [
      {
        "state": "NSW",
        "price": "430",
        "price_per_unit": "1075",
        "price_unit": "L"
      },
      {
        "state": "VIC",
        "price": "430",
        "price_per_unit": "1075",
        "price_unit": "L"
      },
      {
        "state": "QLD",
        "price": "430",
        "price_per_unit": "1075",
        "price_unit": "L"
      },
      {
        "state": "WA",
        "price": "430",
        "price_per_unit": "1075",
        "price_unit": "L"
      },
      {
        "state": "SA",
        "price": "430",
        "price_per_unit": "1075",
        "price_unit": "L"
      },
      {
        "state": "TAS",
        "price": "430",
        "price_per_unit": "1075",
        "price_unit": "L"
      },
      {
        "state": "ACT",
        "price": "430",
        "price_per_unit": "1075",
        "price_unit": "L"
      },
      {
        "state": "NT",
        "price": "430",
        "price_per_unit": "1075",
        "price_unit": "L"
      }
    ]
  },
  {
    "source_url": "https://www.woolworths.com.au/shop/productdetails/801811/nudie-nothing-but-oranges-pulp-free-juice",
    "name": "Nudie Nothing But Oranges Pulp Free Juice 1l",
    "image_url": "https://cdn1.woolworths.media/content/wowproductimages/large/801811.jpg",
    "source_id": "Woolworths - 801811",
    "barcode": "9332991000891",
    "shop": "Woolworths",
    "weight": "1L",
    "prices": [
      {
        "state": "NSW",
        "price": "650",
        "price_per_unit": "650",
        "price_unit": "L"
      },
      {
        "state": "VIC",
        "price": "650",
        "price_per_unit": "650",
        "price_unit": "L"
      },
      {
        "state": "QLD",
        "price": "650",
        "price_per_unit": "650",
        "price_unit": "L"
      },
      {
        "state": "WA",
        "price": "650",
        "price_per_unit": "650",
        "price_unit": "L"
      },
      {
        "state": "TAS",
        "price": "650",
        "price_per_unit": "650",
        "price_unit": "L"
      },
      {
        "state": "ACT",
        "price": "650",
        "price_per_unit": "650",
        "price_unit": "L"
      }
    ]
  },
  {
    "source_url": "https://www.woolworths.com.au/shop/productdetails/702170/nudie-nothing-but-oranges-pulp-free-juice",
    "name": "Nudie Nothing But Oranges Pulp Free Juice 2l",
    "image_url": "https://cdn1.woolworths.media/content/wowproductimages/large/702170.jpg",
    "source_id": "Woolworths - 702170",
    "barcode": "9314218000624",
    "shop": "Woolworths",
    "weight": "1L",
    "prices": [
      {
        "state": "NSW",
        "price": "850",
        "price_per_unit": "425",
        "price_unit": "L"
      },
      {
        "state": "VIC",
        "price": "850",
        "price_per_unit": "425",
        "price_unit": "L"
      },
      {
        "state": "QLD",
        "price": "850",
        "price_per_unit": "425",
        "price_unit": "L"
      },
      {
        "state": "WA",
        "price": "850",
        "price_per_unit": "425",
        "price_unit": "L"
      },
      {
        "state": "SA",
        "price": "850",
        "price_per_unit": "425",
        "price_unit": "L"
      },
      {
        "state": "TAS",
        "price": "850",
        "price_per_unit": "425",
        "price_unit": "L"
      },
      {
        "state": "ACT",
        "price": "850",
        "price_per_unit": "425",
        "price_unit": "L"
      },
      {
        "state": "NT",
        "price": "850",
        "price_per_unit": "425",
        "price_unit": "L"
      }
    ]
  },
  {
    "source_url": "https://www.woolworths.com.au/shop/productdetails/739970/nudie-nothing-but-oranges-with-pulp",
    "name": "Nudie Nothing But Oranges With Pulp 1l",
    "image_url": "https://cdn1.woolworths.media/content/wowproductimages/large/739970.jpg",
    "source_id": "Woolworths - 739970",
    "barcode": "9332991000907",
    "shop": "Woolworths",
    "weight": "1L",
    "prices": [
      {
        "state": "NSW",
        "price": "650",
        "price_per_unit": "650",
        "price_unit": "L"
      },
      {
        "state": "VIC",
        "price": "650",
        "price_per_unit": "650",
        "price_unit": "L"
      },
      {
        "state": "QLD",
        "price": "650",
        "price_per_unit": "650",
        "price_unit": "L"
      },
      {
        "state": "WA",
        "price": "650",
        "price_per_unit": "650",
        "price_unit": "L"
      },
      {
        "state": "SA",
        "price": "650",
        "price_per_unit": "650",
        "price_unit": "L"
      },
      {
        "state": "TAS",
        "price": "650",
        "price_per_unit": "650",
        "price_unit": "L"
      },
      {
        "state": "ACT",
        "price": "650",
        "price_per_unit": "650",
        "price_unit": "L"
      },
      {
        "state": "NT",
        "price": "650",
        "price_per_unit": "650",
        "price_unit": "L"
      }
    ]
  },
  {
    "source_url": "https://www.woolworths.com.au/shop/productdetails/359118/nudie-nothing-but-oranges-with-pulp",
    "name": "Nudie Nothing But Oranges With Pulp 2l",
    "image_url": "https://cdn1.woolworths.media/content/wowproductimages/large/359118.jpg",
    "source_id": "Woolworths - 359118",
    "barcode": "9314218000600",
    "shop": "Woolworths",
    "weight": "1L",
    "prices": [
      {
        "state": "NSW",
        "price": "850",
        "price_per_unit": "425",
        "price_unit": "L"
      },
      {
        "state": "VIC",
        "price": "850",
        "price_per_unit": "425",
        "price_unit": "L"
      },
      {
        "state": "QLD",
        "price": "850",
        "price_per_unit": "425",
        "price_unit": "L"
      },
      {
        "state": "WA",
        "price": "850",
        "price_per_unit": "425",
        "price_unit": "L"
      },
      {
        "state": "SA",
        "price": "850",
        "price_per_unit": "425",
        "price_unit": "L"
      },
      {
        "state": "TAS",
        "price": "850",
        "price_per_unit": "425",
        "price_unit": "L"
      },
      {
        "state": "ACT",
        "price": "850",
        "price_per_unit": "425",
        "price_unit": "L"
      },
      {
        "state": "NT",
        "price": "850",
        "price_per_unit": "425",
        "price_unit": "L"
      }
    ]
  },
  {
    "source_url": "https://www.woolworths.com.au/shop/productdetails/56238/nudie-nothing-but-tropical-brekkie",
    "name": "Nudie Nothing But Tropical Brekkie 2L",
    "image_url": "https://cdn1.woolworths.media/content/wowproductimages/large/056238.jpg",
    "source_id": "Woolworths - 56238",
    "barcode": "9332991003694",
    "shop": "Woolworths",
    "weight": "1L",
    "prices": [
      {
        "state": "NSW",
        "price": "800",
        "price_per_unit": "800",
        "price_unit": "L"
      },
      {
        "state": "VIC",
        "price": "800",
        "price_per_unit": "800",
        "price_unit": "L"
      },
      {
        "state": "QLD",
        "price": "800",
        "price_per_unit": "800",
        "price_unit": "L"
      },
      {
        "state": "WA",
        "price": "800",
        "price_per_unit": "800",
        "price_unit": "L"
      },
      {
        "state": "SA",
        "price": "800",
        "price_per_unit": "800",
        "price_unit": "L"
      },
      {
        "state": "TAS",
        "price": "800",
        "price_per_unit": "800",
        "price_unit": "L"
      },
      {
        "state": "ACT",
        "price": "800",
        "price_per_unit": "800",
        "price_unit": "L"
      },
      {
        "state": "NT",
        "price": "800",
        "price_per_unit": "800",
        "price_unit": "L"
      }
    ]
  },
  {
    "source_url": "https://www.woolworths.com.au/shop/productdetails/387186/nudie-nothing-but-tropical-fruit-juice",
    "name": "Nudie Nothing But Tropical Fruit Juice 200ml",
    "image_url": "https://cdn1.woolworths.media/content/wowproductimages/large/387186.jpg",
    "source_id": "Woolworths - 387186",
    "barcode": "9332991003557",
    "shop": "Woolworths",
    "weight": "1L",
    "prices": [
      {
        "state": "NSW",
        "price": "220",
        "price_per_unit": "1100",
        "price_unit": "L"
      },
      {
        "state": "VIC",
        "price": "220",
        "price_per_unit": "1100",
        "price_unit": "L"
      },
      {
        "state": "QLD",
        "price": "220",
        "price_per_unit": "1100",
        "price_unit": "L"
      },
      {
        "state": "WA",
        "price": "220",
        "price_per_unit": "1100",
        "price_unit": "L"
      },
      {
        "state": "SA",
        "price": "220",
        "price_per_unit": "1100",
        "price_unit": "L"
      },
      {
        "state": "TAS",
        "price": "220",
        "price_per_unit": "1100",
        "price_unit": "L"
      },
      {
        "state": "ACT",
        "price": "220",
        "price_per_unit": "1100",
        "price_unit": "L"
      },
      {
        "state": "NT",
        "price": "220",
        "price_per_unit": "1100",
        "price_unit": "L"
      }
    ]
  },
  {
    "source_url": "https://www.woolworths.com.au/shop/productdetails/52838/nudie-nothing-but-watermelon-crush",
    "name": "Nudie Nothing but Watermelon Crush 2L",
    "image_url": "https://cdn1.woolworths.media/content/wowproductimages/large/052838.jpg",
    "source_id": "Woolworths - 52838",
    "barcode": "9332991003724",
    "shop": "Woolworths",
    "weight": "1L",
    "prices": [
      {
        "state": "NSW",
        "price": "850",
        "price_per_unit": "425",
        "price_unit": "L"
      },
      {
        "state": "VIC",
        "price": "850",
        "price_per_unit": "425",
        "price_unit": "L"
      },
      {
        "state": "QLD",
        "price": "850",
        "price_per_unit": "425",
        "price_unit": "L"
      },
      {
        "state": "WA",
        "price": "850",
        "price_per_unit": "425",
        "price_unit": "L"
      },
      {
        "state": "SA",
        "price": "850",
        "price_per_unit": "425",
        "price_unit": "L"
      },
      {
        "state": "TAS",
        "price": "850",
        "price_per_unit": "425",
        "price_unit": "L"
      },
      {
        "state": "ACT",
        "price": "850",
        "price_per_unit": "425",
        "price_unit": "L"
      },
      {
        "state": "NT",
        "price": "850",
        "price_per_unit": "425",
        "price_unit": "L"
      }
    ]
  },
  {
    "source_url": "https://www.woolworths.com.au/shop/productdetails/55326/nudie-nothing-but-watermelon-crush",
    "name": "Nudie Nothing but Watermelon Crush 400mL",
    "image_url": "https://cdn1.woolworths.media/content/wowproductimages/large/055326.jpg",
    "source_id": "Woolworths - 55326",
    "barcode": "9332991002659",
    "shop": "Woolworths",
    "weight": "1L",
    "prices": [
      {
        "state": "NSW",
        "price": "430",
        "price_per_unit": "1075",
        "price_unit": "L"
      },
      {
        "state": "QLD",
        "price": "430",
        "price_per_unit": "1075",
        "price_unit": "L"
      },
      {
        "state": "WA",
        "price": "430",
        "price_per_unit": "1075",
        "price_unit": "L"
      },
      {
        "state": "SA",
        "price": "430",
        "price_per_unit": "1075",
        "price_unit": "L"
      },
      {
        "state": "TAS",
        "price": "430",
        "price_per_unit": "1075",
        "price_unit": "L"
      },
      {
        "state": "ACT",
        "price": "430",
        "price_per_unit": "1075",
        "price_unit": "L"
      },
      {
        "state": "NT",
        "price": "430",
        "price_per_unit": "1075",
        "price_unit": "L"
      }
    ]
  },
  {
    "source_url": "https://www.woolworths.com.au/shop/productdetails/54030/nudie-nothing-but-tropical-brekkie",
    "name": "Nudie Nudie Nothing But Tropical Brekkie 1L",
    "image_url": "https://cdn1.woolworths.media/content/wowproductimages/large/054030.jpg",
    "source_id": "Woolworths - 54030",
    "barcode": "9332991003700",
    "shop": "Woolworths",
    "weight": "1L",
    "prices": [
      {
        "state": "NSW",
        "price": "500",
        "price_per_unit": "500",
        "price_unit": "L"
      },
      {
        "state": "QLD",
        "price": "500",
        "price_per_unit": "500",
        "price_unit": "L"
      },
      {
        "state": "WA",
        "price": "500",
        "price_per_unit": "500",
        "price_unit": "L"
      },
      {
        "state": "SA",
        "price": "500",
        "price_per_unit": "500",
        "price_unit": "L"
      },
      {
        "state": "TAS",
        "price": "500",
        "price_per_unit": "500",
        "price_unit": "L"
      },
      {
        "state": "ACT",
        "price": "500",
        "price_per_unit": "500",
        "price_unit": "L"
      },
      {
        "state": "NT",
        "price": "500",
        "price_per_unit": "500",
        "price_unit": "L"
      }
    ]
  },
  {
    "source_url": "https://www.woolworths.com.au/shop/productdetails/231289/nudie-probiotic-smoothie-mango-pear-passionfruit-orange-banana",
    "name": "Nudie Probiotic Smoothie Mango Pear Passionfruit Orange Banana 400ml",
    "image_url": "https://cdn1.woolworths.media/content/wowproductimages/large/231289.jpg",
    "source_id": "Woolworths - 231289",
    "barcode": "9332991003199",
    "shop": "Woolworths",
    "weight": "1L",
    "prices": [
      {
        "state": "NSW",
        "price": "450",
        "price_per_unit": "1125",
        "price_unit": "L"
      },
      {
        "state": "VIC",
        "price": "450",
        "price_per_unit": "1125",
        "price_unit": "L"
      },
      {
        "state": "WA",
        "price": "450",
        "price_per_unit": "1125",
        "price_unit": "L"
      },
      {
        "state": "SA",
        "price": "450",
        "price_per_unit": "1125",
        "price_unit": "L"
      },
      {
        "state": "TAS",
        "price": "450",
        "price_per_unit": "1125",
        "price_unit": "L"
      },
      {
        "state": "ACT",
        "price": "450",
        "price_per_unit": "1125",
        "price_unit": "L"
      },
      {
        "state": "NT",
        "price": "490",
        "price_per_unit": "1225",
        "price_unit": "L"
      }
    ]
  },
  {
    "source_url": "https://www.woolworths.com.au/shop/productdetails/231291/nudie-probiotic-smoothie-strawberry-raspberry-pear-orange-banana",
    "name": "Nudie Probiotic Smoothie Strawberry, Raspberry, Pear, Orange Banana 400ml",
    "image_url": "https://cdn1.woolworths.media/content/wowproductimages/large/231291.jpg",
    "source_id": "Woolworths - 231291",
    "barcode": "9332991003205",
    "shop": "Woolworths",
    "weight": "1L",
    "prices": [
      {
        "state": "NSW",
        "price": "450",
        "price_per_unit": "1125",
        "price_unit": "L"
      },
      {
        "state": "VIC",
        "price": "450",
        "price_per_unit": "1125",
        "price_unit": "L"
      },
      {
        "state": "WA",
        "price": "450",
        "price_per_unit": "1125",
        "price_unit": "L"
      },
      {
        "state": "SA",
        "price": "450",
        "price_per_unit": "1125",
        "price_unit": "L"
      },
      {
        "state": "TAS",
        "price": "450",
        "price_per_unit": "1125",
        "price_unit": "L"
      },
      {
        "state": "ACT",
        "price": "450",
        "price_per_unit": "1125",
        "price_unit": "L"
      },
      {
        "state": "NT",
        "price": "490",
        "price_per_unit": "1225",
        "price_unit": "L"
      }
    ]
  },
  {
    "source_url": "https://www.woolworths.com.au/shop/productdetails/390087/original-juice-co-apple-blackcurrant-juice",
    "name": "Original Juice Co. Apple Blackcurrant Juice 600ml",
    "image_url": "https://cdn1.woolworths.media/content/wowproductimages/large/390087.jpg",
    "source_id": "Woolworths - 390087",
    "barcode": "9350142002426",
    "shop": "Woolworths",
    "weight": "1L",
    "prices": [
      {
        "state": "NSW",
        "price": "380",
        "price_per_unit": "633",
        "price_unit": "L"
      },
      {
        "state": "VIC",
        "price": "380",
        "price_per_unit": "633",
        "price_unit": "L"
      },
      {
        "state": "WA",
        "price": "380",
        "price_per_unit": "633",
        "price_unit": "L"
      },
      {
        "state": "SA",
        "price": "380",
        "price_per_unit": "633",
        "price_unit": "L"
      },
      {
        "state": "TAS",
        "price": "380",
        "price_per_unit": "633",
        "price_unit": "L"
      },
      {
        "state": "ACT",
        "price": "380",
        "price_per_unit": "633",
        "price_unit": "L"
      },
      {
        "state": "NT",
        "price": "380",
        "price_per_unit": "633",
        "price_unit": "L"
      }
    ]
  },
  {
    "source_url": "https://www.woolworths.com.au/shop/productdetails/390582/original-juice-co-black-label-clear-apple",
    "name": "Original Juice Co. Black Label Clear Apple 1.5l",
    "image_url": "https://cdn1.woolworths.media/content/wowproductimages/large/390582.jpg",
    "source_id": "Woolworths - 390582",
    "barcode": "9350142002235",
    "shop": "Woolworths",
    "weight": "1L",
    "prices": [
      {
        "state": "NSW",
        "price": "650",
        "price_per_unit": "433",
        "price_unit": "L"
      },
      {
        "state": "VIC",
        "price": "650",
        "price_per_unit": "433",
        "price_unit": "L"
      },
      {
        "state": "WA",
        "price": "650",
        "price_per_unit": "433",
        "price_unit": "L"
      },
      {
        "state": "SA",
        "price": "650",
        "price_per_unit": "433",
        "price_unit": "L"
      },
      {
        "state": "TAS",
        "price": "650",
        "price_per_unit": "433",
        "price_unit": "L"
      },
      {
        "state": "ACT",
        "price": "650",
        "price_per_unit": "433",
        "price_unit": "L"
      },
      {
        "state": "NT",
        "price": "650",
        "price_per_unit": "433",
        "price_unit": "L"
      }
    ]
  },
  {
    "source_url": "https://www.woolworths.com.au/shop/productdetails/390873/original-juice-co-goodness-green",
    "name": "Original Juice Co. Goodness Green 600ml",
    "image_url": "https://cdn1.woolworths.media/content/wowproductimages/large/390873.jpg",
    "source_id": "Woolworths - 390873",
    "barcode": "9350142002365",
    "shop": "Woolworths",
    "weight": "1L",
    "prices": [
      {
        "state": "NSW",
        "price": "380",
        "price_per_unit": "633",
        "price_unit": "L"
      },
      {
        "state": "VIC",
        "price": "380",
        "price_per_unit": "633",
        "price_unit": "L"
      },
      {
        "state": "WA",
        "price": "380",
        "price_per_unit": "633",
        "price_unit": "L"
      },
      {
        "state": "SA",
        "price": "380",
        "price_per_unit": "633",
        "price_unit": "L"
      },
      {
        "state": "TAS",
        "price": "380",
        "price_per_unit": "633",
        "price_unit": "L"
      },
      {
        "state": "ACT",
        "price": "380",
        "price_per_unit": "633",
        "price_unit": "L"
      },
      {
        "state": "NT",
        "price": "380",
        "price_per_unit": "633",
        "price_unit": "L"
      }
    ]
  },
  {
    "source_url": "https://www.woolworths.com.au/shop/productdetails/106351/original-juice-co-grapefruit-juice",
    "name": "Original Juice Co. Grapefruit Juice 1.5L",
    "image_url": "https://cdn1.woolworths.media/content/wowproductimages/large/106351.jpg",
    "source_id": "Woolworths - 106351",
    "barcode": "9313068301134",
    "shop": "Woolworths",
    "weight": "1L",
    "prices": [
      {
        "state": "NSW",
        "price": "650",
        "price_per_unit": "433",
        "price_unit": "L"
      },
      {
        "state": "QLD",
        "price": "650",
        "price_per_unit": "433",
        "price_unit": "L"
      },
      {
        "state": "WA",
        "price": "650",
        "price_per_unit": "433",
        "price_unit": "L"
      },
      {
        "state": "SA",
        "price": "650",
        "price_per_unit": "433",
        "price_unit": "L"
      },
      {
        "state": "TAS",
        "price": "650",
        "price_per_unit": "433",
        "price_unit": "L"
      },
      {
        "state": "ACT",
        "price": "650",
        "price_per_unit": "433",
        "price_unit": "L"
      },
      {
        "state": "NT",
        "price": "650",
        "price_per_unit": "433",
        "price_unit": "L"
      }
    ]
  },
  {
    "source_url": "https://www.woolworths.com.au/shop/productdetails/88470/original-juice-co-orange-juice",
    "name": "Original Juice Co. Orange Juice 1.5L",
    "image_url": "https://cdn1.woolworths.media/content/wowproductimages/large/088470.jpg",
    "source_id": "Woolworths - 88470",
    "barcode": "9313068300977",
    "shop": "Woolworths",
    "weight": "1L",
    "prices": [
      {
        "state": "NSW",
        "price": "650",
        "price_per_unit": "433",
        "price_unit": "L"
      },
      {
        "state": "VIC",
        "price": "650",
        "price_per_unit": "433",
        "price_unit": "L"
      },
      {
        "state": "QLD",
        "price": "650",
        "price_per_unit": "433",
        "price_unit": "L"
      },
      {
        "state": "WA",
        "price": "650",
        "price_per_unit": "433",
        "price_unit": "L"
      },
      {
        "state": "SA",
        "price": "650",
        "price_per_unit": "433",
        "price_unit": "L"
      },
      {
        "state": "TAS",
        "price": "650",
        "price_per_unit": "433",
        "price_unit": "L"
      },
      {
        "state": "ACT",
        "price": "650",
        "price_per_unit": "433",
        "price_unit": "L"
      },
      {
        "state": "NT",
        "price": "650",
        "price_per_unit": "433",
        "price_unit": "L"
      }
    ]
  },
  {
    "source_url": "https://www.woolworths.com.au/shop/productdetails/159977/original-juice-co-orange-juice",
    "name": "Original Juice Co. Orange Juice 600mL",
    "image_url": "https://cdn1.woolworths.media/content/wowproductimages/large/159977.jpg",
    "source_id": "Woolworths - 159977",
    "barcode": "9313068301523",
    "shop": "Woolworths",
    "weight": "1L",
    "prices": [
      {
        "state": "NSW",
        "price": "380",
        "price_per_unit": "633",
        "price_unit": "L"
      },
      {
        "state": "VIC",
        "price": "380",
        "price_per_unit": "633",
        "price_unit": "L"
      },
      {
        "state": "QLD",
        "price": "380",
        "price_per_unit": "633",
        "price_unit": "L"
      },
      {
        "state": "WA",
        "price": "380",
        "price_per_unit": "633",
        "price_unit": "L"
      },
      {
        "state": "SA",
        "price": "380",
        "price_per_unit": "633",
        "price_unit": "L"
      },
      {
        "state": "TAS",
        "price": "380",
        "price_per_unit": "633",
        "price_unit": "L"
      },
      {
        "state": "ACT",
        "price": "380",
        "price_per_unit": "633",
        "price_unit": "L"
      },
      {
        "state": "NT",
        "price": "380",
        "price_per_unit": "633",
        "price_unit": "L"
      }
    ]
  },
  {
    "source_url": "https://www.woolworths.com.au/shop/productdetails/263094/original-juice-co-pulp-free-orange-juice",
    "name": "Original Juice Co. Pulp Free Orange Juice 1.5L",
    "image_url": "https://cdn1.woolworths.media/content/wowproductimages/large/263094.jpg",
    "source_id": "Woolworths - 263094",
    "barcode": "9313068201540",
    "shop": "Woolworths",
    "weight": "1L",
    "prices": [
      {
        "state": "NSW",
        "price": "650",
        "price_per_unit": "433",
        "price_unit": "L"
      },
      {
        "state": "VIC",
        "price": "650",
        "price_per_unit": "433",
        "price_unit": "L"
      },
      {
        "state": "QLD",
        "price": "650",
        "price_per_unit": "433",
        "price_unit": "L"
      },
      {
        "state": "WA",
        "price": "650",
        "price_per_unit": "433",
        "price_unit": "L"
      },
      {
        "state": "SA",
        "price": "650",
        "price_per_unit": "433",
        "price_unit": "L"
      },
      {
        "state": "TAS",
        "price": "650",
        "price_per_unit": "433",
        "price_unit": "L"
      },
      {
        "state": "ACT",
        "price": "650",
        "price_per_unit": "433",
        "price_unit": "L"
      },
      {
        "state": "NT",
        "price": "650",
        "price_per_unit": "433",
        "price_unit": "L"
      }
    ]
  },
  {
    "source_url": "https://www.woolworths.com.au/shop/productdetails/267948/perkii-immunity-super-berry-probiotic-shot",
    "name": "Perkii Immunity Super Berry Probiotic Shot 60ml",
    "image_url": "https://cdn1.woolworths.media/content/wowproductimages/large/267948.jpg",
    "source_id": "Woolworths - 267948",
    "barcode": "9351422000750",
    "shop": "Woolworths",
    "weight": "1L",
    "prices": [
      {
        "state": "NSW",
        "price": "400",
        "price_per_unit": "6667",
        "price_unit": "L"
      },
      {
        "state": "VIC",
        "price": "400",
        "price_per_unit": "6667",
        "price_unit": "L"
      },
      {
        "state": "QLD",
        "price": "400",
        "price_per_unit": "6667",
        "price_unit": "L"
      },
      {
        "state": "WA",
        "price": "400",
        "price_per_unit": "6667",
        "price_unit": "L"
      },
      {
        "state": "SA",
        "price": "400",
        "price_per_unit": "6667",
        "price_unit": "L"
      },
      {
        "state": "TAS",
        "price": "400",
        "price_per_unit": "6667",
        "price_unit": "L"
      },
      {
        "state": "ACT",
        "price": "400",
        "price_per_unit": "6667",
        "price_unit": "L"
      },
      {
        "state": "NT",
        "price": "400",
        "price_per_unit": "6667",
        "price_unit": "L"
      }
    ]
  },
  {
    "source_url": "https://www.woolworths.com.au/shop/productdetails/685777/perkii-mango-passionfruit-probiotic-drink",
    "name": "Perkii Mango Passionfruit Probiotic Drink 350ml",
    "image_url": "https://cdn1.woolworths.media/content/wowproductimages/large/685777.jpg",
    "source_id": "Woolworths - 685777",
    "barcode": "9351422000002",
    "shop": "Woolworths",
    "weight": "1L",
    "prices": [
      {
        "state": "NSW",
        "price": "440",
        "price_per_unit": "1257",
        "price_unit": "L"
      },
      {
        "state": "VIC",
        "price": "440",
        "price_per_unit": "1257",
        "price_unit": "L"
      },
      {
        "state": "QLD",
        "price": "440",
        "price_per_unit": "1257",
        "price_unit": "L"
      },
      {
        "state": "WA",
        "price": "440",
        "price_per_unit": "1257",
        "price_unit": "L"
      },
      {
        "state": "SA",
        "price": "440",
        "price_per_unit": "1257",
        "price_unit": "L"
      },
      {
        "state": "TAS",
        "price": "440",
        "price_per_unit": "1257",
        "price_unit": "L"
      },
      {
        "state": "ACT",
        "price": "440",
        "price_per_unit": "1257",
        "price_unit": "L"
      },
      {
        "state": "NT",
        "price": "440",
        "price_per_unit": "1257",
        "price_unit": "L"
      }
    ]
  },
  {
    "source_url": "https://www.woolworths.com.au/shop/productdetails/685790/perkii-strawberry-watermelon-probiotic-drink",
    "name": "Perkii Strawberry Watermelon Probiotic Drink 350ml",
    "image_url": "https://cdn1.woolworths.media/content/wowproductimages/large/685790.jpg",
    "source_id": "Woolworths - 685790",
    "barcode": "9351422000019",
    "shop": "Woolworths",
    "weight": "1L",
    "prices": [
      {
        "state": "NSW",
        "price": "440",
        "price_per_unit": "1257",
        "price_unit": "L"
      },
      {
        "state": "VIC",
        "price": "440",
        "price_per_unit": "1257",
        "price_unit": "L"
      },
      {
        "state": "QLD",
        "price": "440",
        "price_per_unit": "1257",
        "price_unit": "L"
      },
      {
        "state": "WA",
        "price": "440",
        "price_per_unit": "1257",
        "price_unit": "L"
      },
      {
        "state": "SA",
        "price": "440",
        "price_per_unit": "1257",
        "price_unit": "L"
      },
      {
        "state": "TAS",
        "price": "440",
        "price_per_unit": "1257",
        "price_unit": "L"
      },
      {
        "state": "ACT",
        "price": "440",
        "price_per_unit": "1257",
        "price_unit": "L"
      },
      {
        "state": "NT",
        "price": "440",
        "price_per_unit": "1257",
        "price_unit": "L"
      }
    ]
  },
  {
    "source_url": "https://www.woolworths.com.au/shop/productdetails/232543/pip-squeeze-orange-juice-with-pulp",
    "name": "Pip Squeeze Orange Juice With Pulp 500ml",
    "image_url": "https://cdn1.woolworths.media/content/wowproductimages/large/232543.jpg",
    "source_id": "Woolworths - 232543",
    "barcode": "9314102525356",
    "shop": "Woolworths",
    "weight": "1L",
    "prices": [
      {
        "state": "NSW",
        "price": "240",
        "price_per_unit": "480",
        "price_unit": "L"
      },
      {
        "state": "TAS",
        "price": "240",
        "price_per_unit": "480",
        "price_unit": "L"
      },
      {
        "state": "ACT",
        "price": "240",
        "price_per_unit": "480",
        "price_unit": "L"
      },
      {
        "state": "NT",
        "price": "240",
        "price_per_unit": "480",
        "price_unit": "L"
      }
    ]
  },
  {
    "source_url": "https://www.woolworths.com.au/shop/productdetails/317953/preshafruit-cold-pressed-pink-lady-apple-juice",
    "name": "Preshafruit Cold Pressed Pink Lady Apple Juice 350ml",
    "image_url": "https://cdn1.woolworths.media/content/wowproductimages/large/317953.jpg",
    "source_id": "Woolworths - 317953",
    "barcode": "9341181000009",
    "shop": "Woolworths",
    "weight": "1L",
    "prices": [
      {
        "state": "NSW",
        "price": "380",
        "price_per_unit": "1086",
        "price_unit": "L"
      },
      {
        "state": "VIC",
        "price": "360",
        "price_per_unit": "1029",
        "price_unit": "L"
      },
      {
        "state": "WA",
        "price": "340",
        "price_per_unit": "971",
        "price_unit": "L"
      },
      {
        "state": "TAS",
        "price": "380",
        "price_per_unit": "1086",
        "price_unit": "L"
      },
      {
        "state": "ACT",
        "price": "380",
        "price_per_unit": "1086",
        "price_unit": "L"
      }
    ]
  },
  {
    "source_url": "https://www.woolworths.com.au/shop/productdetails/630643/raw-c-coconut-water",
    "name": "Raw C Coconut Water 2l",
    "image_url": "https://cdn1.woolworths.media/content/wowproductimages/large/630643.jpg",
    "source_id": "Woolworths - 630643",
    "barcode": "9349622000281",
    "shop": "Woolworths",
    "weight": "1L",
    "prices": [
      {
        "state": "NSW",
        "price": "660",
        "price_per_unit": "330",
        "price_unit": "L"
      },
      {
        "state": "VIC",
        "price": "660",
        "price_per_unit": "330",
        "price_unit": "L"
      },
      {
        "state": "QLD",
        "price": "660",
        "price_per_unit": "330",
        "price_unit": "L"
      },
      {
        "state": "WA",
        "price": "660",
        "price_per_unit": "330",
        "price_unit": "L"
      },
      {
        "state": "SA",
        "price": "660",
        "price_per_unit": "330",
        "price_unit": "L"
      },
      {
        "state": "TAS",
        "price": "660",
        "price_per_unit": "330",
        "price_unit": "L"
      },
      {
        "state": "ACT",
        "price": "660",
        "price_per_unit": "330",
        "price_unit": "L"
      },
      {
        "state": "NT",
        "price": "660",
        "price_per_unit": "330",
        "price_unit": "L"
      }
    ]
  },
  {
    "source_url": "https://www.woolworths.com.au/shop/productdetails/174641/remedy-digestion-with-prebiotics-ginger-shot",
    "name": "Remedy Digestion With Prebiotics Ginger Shot 60ml",
    "image_url": "https://cdn1.woolworths.media/content/wowproductimages/large/174641.jpg",
    "source_id": "Woolworths - 174641",
    "barcode": "9350271002427",
    "shop": "Woolworths",
    "weight": "1L",
    "prices": [
      {
        "state": "NSW",
        "price": "200",
        "price_per_unit": "3333",
        "price_unit": "L"
      },
      {
        "state": "VIC",
        "price": "200",
        "price_per_unit": "3333",
        "price_unit": "L"
      },
      {
        "state": "QLD",
        "price": "200",
        "price_per_unit": "3333",
        "price_unit": "L"
      },
      {
        "state": "WA",
        "price": "200",
        "price_per_unit": "3333",
        "price_unit": "L"
      },
      {
        "state": "SA",
        "price": "200",
        "price_per_unit": "3333",
        "price_unit": "L"
      },
      {
        "state": "TAS",
        "price": "200",
        "price_per_unit": "3333",
        "price_unit": "L"
      },
      {
        "state": "ACT",
        "price": "200",
        "price_per_unit": "3333",
        "price_unit": "L"
      },
      {
        "state": "NT",
        "price": "200",
        "price_per_unit": "3333",
        "price_unit": "L"
      }
    ]
  },
  {
    "source_url": "https://www.woolworths.com.au/shop/productdetails/174912/remedy-energy-with-caffeine-berry-shot",
    "name": "Remedy Energy With Caffeine Berry Shot 60ml",
    "image_url": "https://cdn1.woolworths.media/content/wowproductimages/large/174912.jpg",
    "source_id": "Woolworths - 174912",
    "barcode": "9350271002434",
    "shop": "Woolworths",
    "weight": "1L",
    "prices": [
      {
        "state": "NSW",
        "price": "200",
        "price_per_unit": "3333",
        "price_unit": "L"
      },
      {
        "state": "VIC",
        "price": "200",
        "price_per_unit": "3333",
        "price_unit": "L"
      },
      {
        "state": "QLD",
        "price": "200",
        "price_per_unit": "3333",
        "price_unit": "L"
      },
      {
        "state": "WA",
        "price": "200",
        "price_per_unit": "3333",
        "price_unit": "L"
      },
      {
        "state": "SA",
        "price": "200",
        "price_per_unit": "3333",
        "price_unit": "L"
      },
      {
        "state": "TAS",
        "price": "200",
        "price_per_unit": "3333",
        "price_unit": "L"
      },
      {
        "state": "ACT",
        "price": "200",
        "price_per_unit": "3333",
        "price_unit": "L"
      },
      {
        "state": "NT",
        "price": "200",
        "price_per_unit": "3333",
        "price_unit": "L"
      }
    ]
  },
  {
    "source_url": "https://www.woolworths.com.au/shop/productdetails/178116/remedy-immune-plus-vitamins-lemon-lime-shot",
    "name": "Remedy Immune Plus Vitamins Lemon & Lime Shot 60ml",
    "image_url": "https://cdn1.woolworths.media/content/wowproductimages/large/178116.jpg",
    "source_id": "Woolworths - 178116",
    "barcode": "9350271002410",
    "shop": "Woolworths",
    "weight": "1L",
    "prices": [
      {
        "state": "NSW",
        "price": "200",
        "price_per_unit": "3333",
        "price_unit": "L"
      },
      {
        "state": "VIC",
        "price": "200",
        "price_per_unit": "3333",
        "price_unit": "L"
      },
      {
        "state": "QLD",
        "price": "200",
        "price_per_unit": "3333",
        "price_unit": "L"
      },
      {
        "state": "WA",
        "price": "200",
        "price_per_unit": "3333",
        "price_unit": "L"
      },
      {
        "state": "SA",
        "price": "200",
        "price_per_unit": "3333",
        "price_unit": "L"
      },
      {
        "state": "TAS",
        "price": "200",
        "price_per_unit": "3333",
        "price_unit": "L"
      },
      {
        "state": "ACT",
        "price": "200",
        "price_per_unit": "3333",
        "price_unit": "L"
      },
      {
        "state": "NT",
        "price": "200",
        "price_per_unit": "3333",
        "price_unit": "L"
      }
    ]
  },
  {
    "source_url": "https://www.woolworths.com.au/shop/productdetails/972251/remedy-kombuch-pineapple-lime",
    "name": "Remedy Kombuch Pineapple Lime 330mL x 4 pack",
    "image_url": "https://cdn1.woolworths.media/content/wowproductimages/large/972251.jpg",
    "source_id": "Woolworths - 972251",
    "barcode": "9350271004919",
    "shop": "Woolworths",
    "weight": "1L",
    "prices": [
      {
        "state": "NSW",
        "price": "1000",
        "price_per_unit": "758",
        "price_unit": "L"
      },
      {
        "state": "VIC",
        "price": "1000",
        "price_per_unit": "758",
        "price_unit": "L"
      },
      {
        "state": "WA",
        "price": "1000",
        "price_per_unit": "758",
        "price_unit": "L"
      },
      {
        "state": "SA",
        "price": "1000",
        "price_per_unit": "758",
        "price_unit": "L"
      },
      {
        "state": "TAS",
        "price": "1000",
        "price_per_unit": "758",
        "price_unit": "L"
      },
      {
        "state": "ACT",
        "price": "1000",
        "price_per_unit": "758",
        "price_unit": "L"
      },
      {
        "state": "NT",
        "price": "1000",
        "price_per_unit": "758",
        "price_unit": "L"
      }
    ]
  },
  {
    "source_url": "https://www.woolworths.com.au/shop/productdetails/571601/remedy-kombucha-ginger-lemon",
    "name": "Remedy Kombucha Ginger Lemon 330ml",
    "image_url": "https://cdn1.woolworths.media/content/wowproductimages/large/571601.jpg",
    "source_id": "Woolworths - 571601",
    "barcode": "9350271000027",
    "shop": "Woolworths",
    "weight": "1L",
    "prices": [
      {
        "state": "NSW",
        "price": "250",
        "price_per_unit": "758",
        "price_unit": "L"
      },
      {
        "state": "VIC",
        "price": "250",
        "price_per_unit": "758",
        "price_unit": "L"
      },
      {
        "state": "QLD",
        "price": "250",
        "price_per_unit": "758",
        "price_unit": "L"
      },
      {
        "state": "WA",
        "price": "250",
        "price_per_unit": "758",
        "price_unit": "L"
      },
      {
        "state": "SA",
        "price": "250",
        "price_per_unit": "758",
        "price_unit": "L"
      },
      {
        "state": "TAS",
        "price": "250",
        "price_per_unit": "758",
        "price_unit": "L"
      },
      {
        "state": "ACT",
        "price": "250",
        "price_per_unit": "758",
        "price_unit": "L"
      },
      {
        "state": "NT",
        "price": "250",
        "price_per_unit": "758",
        "price_unit": "L"
      }
    ]
  },
  {
    "source_url": "https://www.woolworths.com.au/shop/productdetails/102323/remedy-kombucha-mango-passion",
    "name": "Remedy Kombucha Mango Passion 330ml",
    "image_url": "https://cdn1.woolworths.media/content/wowproductimages/large/102323.jpg",
    "source_id": "Woolworths - 102323",
    "barcode": "9350271002007",
    "shop": "Woolworths",
    "weight": "1L",
    "prices": [
      {
        "state": "NSW",
        "price": "250",
        "price_per_unit": "758",
        "price_unit": "L"
      },
      {
        "state": "VIC",
        "price": "250",
        "price_per_unit": "758",
        "price_unit": "L"
      },
      {
        "state": "QLD",
        "price": "250",
        "price_per_unit": "758",
        "price_unit": "L"
      },
      {
        "state": "WA",
        "price": "250",
        "price_per_unit": "758",
        "price_unit": "L"
      },
      {
        "state": "SA",
        "price": "250",
        "price_per_unit": "758",
        "price_unit": "L"
      },
      {
        "state": "TAS",
        "price": "250",
        "price_per_unit": "758",
        "price_unit": "L"
      },
      {
        "state": "ACT",
        "price": "250",
        "price_per_unit": "758",
        "price_unit": "L"
      },
      {
        "state": "NT",
        "price": "250",
        "price_per_unit": "758",
        "price_unit": "L"
      }
    ]
  },
  {
    "source_url": "https://www.woolworths.com.au/shop/productdetails/190516/remedy-kombucha-orange-squeeze",
    "name": "Remedy Kombucha Orange Squeeze 330ml",
    "image_url": "https://cdn1.woolworths.media/content/wowproductimages/large/190516.jpg",
    "source_id": "Woolworths - 190516",
    "barcode": "9350271003332",
    "shop": "Woolworths",
    "weight": "1L",
    "prices": [
      {
        "state": "NSW",
        "price": "250",
        "price_per_unit": "758",
        "price_unit": "L"
      },
      {
        "state": "VIC",
        "price": "250",
        "price_per_unit": "758",
        "price_unit": "L"
      },
      {
        "state": "QLD",
        "price": "250",
        "price_per_unit": "758",
        "price_unit": "L"
      },
      {
        "state": "WA",
        "price": "250",
        "price_per_unit": "758",
        "price_unit": "L"
      },
      {
        "state": "SA",
        "price": "250",
        "price_per_unit": "758",
        "price_unit": "L"
      },
      {
        "state": "TAS",
        "price": "250",
        "price_per_unit": "758",
        "price_unit": "L"
      },
      {
        "state": "ACT",
        "price": "250",
        "price_per_unit": "758",
        "price_unit": "L"
      },
      {
        "state": "NT",
        "price": "250",
        "price_per_unit": "758",
        "price_unit": "L"
      }
    ]
  },
  {
    "source_url": "https://www.woolworths.com.au/shop/productdetails/972457/remedy-kombucha-passionfruit",
    "name": "Remedy Kombucha Passionfruit 330mL x 4 pack",
    "image_url": "https://cdn1.woolworths.media/content/wowproductimages/large/972457.jpg",
    "source_id": "Woolworths - 972457",
    "barcode": "9350271004926",
    "shop": "Woolworths",
    "weight": "1L",
    "prices": [
      {
        "state": "NSW",
        "price": "1000",
        "price_per_unit": "758",
        "price_unit": "L"
      },
      {
        "state": "VIC",
        "price": "1000",
        "price_per_unit": "758",
        "price_unit": "L"
      },
      {
        "state": "WA",
        "price": "1000",
        "price_per_unit": "758",
        "price_unit": "L"
      },
      {
        "state": "SA",
        "price": "1000",
        "price_per_unit": "758",
        "price_unit": "L"
      },
      {
        "state": "TAS",
        "price": "1000",
        "price_per_unit": "758",
        "price_unit": "L"
      },
      {
        "state": "ACT",
        "price": "1000",
        "price_per_unit": "758",
        "price_unit": "L"
      },
      {
        "state": "NT",
        "price": "1000",
        "price_per_unit": "758",
        "price_unit": "L"
      }
    ]
  },
  {
    "source_url": "https://www.woolworths.com.au/shop/productdetails/248449/remedy-kombucha-pink-grapefruit",
    "name": "Remedy Kombucha Pink Grapefruit 750ml",
    "image_url": "https://cdn1.woolworths.media/content/wowproductimages/large/248449.jpg",
    "source_id": "Woolworths - 248449",
    "barcode": "9350271003639",
    "shop": "Woolworths",
    "weight": "1L",
    "prices": [
      {
        "state": "NSW",
        "price": "750",
        "price_per_unit": "1000",
        "price_unit": "L"
      },
      {
        "state": "WA",
        "price": "750",
        "price_per_unit": "1000",
        "price_unit": "L"
      },
      {
        "state": "SA",
        "price": "750",
        "price_per_unit": "1000",
        "price_unit": "L"
      },
      {
        "state": "TAS",
        "price": "750",
        "price_per_unit": "1000",
        "price_unit": "L"
      },
      {
        "state": "ACT",
        "price": "750",
        "price_per_unit": "1000",
        "price_unit": "L"
      },
      {
        "state": "NT",
        "price": "750",
        "price_per_unit": "1000",
        "price_unit": "L"
      }
    ]
  },
  {
    "source_url": "https://www.woolworths.com.au/shop/productdetails/391861/remedy-kombucha-pomegranate-kombucha-pomegranate",
    "name": "Remedy Kombucha Pomegranate Kombucha Pomegranate 750ml",
    "image_url": "https://cdn1.woolworths.media/content/wowproductimages/large/391861.jpg",
    "source_id": "Woolworths - 391861",
    "barcode": "9350271001765",
    "shop": "Woolworths",
    "weight": "1L",
    "prices": [
      {
        "state": "NSW",
        "price": "750",
        "price_per_unit": "1000",
        "price_unit": "L"
      },
      {
        "state": "VIC",
        "price": "750",
        "price_per_unit": "1000",
        "price_unit": "L"
      },
      {
        "state": "QLD",
        "price": "750",
        "price_per_unit": "1000",
        "price_unit": "L"
      },
      {
        "state": "WA",
        "price": "750",
        "price_per_unit": "1000",
        "price_unit": "L"
      },
      {
        "state": "SA",
        "price": "750",
        "price_per_unit": "1000",
        "price_unit": "L"
      },
      {
        "state": "TAS",
        "price": "750",
        "price_per_unit": "1000",
        "price_unit": "L"
      },
      {
        "state": "ACT",
        "price": "750",
        "price_per_unit": "1000",
        "price_unit": "L"
      },
      {
        "state": "NT",
        "price": "750",
        "price_per_unit": "1000",
        "price_unit": "L"
      }
    ]
  },
  {
    "source_url": "https://www.woolworths.com.au/shop/productdetails/624289/remedy-kombucha-raspberry-lemonade",
    "name": "Remedy Kombucha Raspberry Lemonade 330ml",
    "image_url": "https://cdn1.woolworths.media/content/wowproductimages/large/624289.jpg",
    "source_id": "Woolworths - 624289",
    "barcode": "9350271000089",
    "shop": "Woolworths",
    "weight": "1L",
    "prices": [
      {
        "state": "NSW",
        "price": "250",
        "price_per_unit": "758",
        "price_unit": "L"
      },
      {
        "state": "VIC",
        "price": "250",
        "price_per_unit": "758",
        "price_unit": "L"
      },
      {
        "state": "QLD",
        "price": "250",
        "price_per_unit": "758",
        "price_unit": "L"
      },
      {
        "state": "WA",
        "price": "250",
        "price_per_unit": "758",
        "price_unit": "L"
      },
      {
        "state": "SA",
        "price": "250",
        "price_per_unit": "758",
        "price_unit": "L"
      },
      {
        "state": "TAS",
        "price": "250",
        "price_per_unit": "758",
        "price_unit": "L"
      },
      {
        "state": "ACT",
        "price": "250",
        "price_per_unit": "758",
        "price_unit": "L"
      },
      {
        "state": "NT",
        "price": "250",
        "price_per_unit": "758",
        "price_unit": "L"
      }
    ]
  },
  {
    "source_url": "https://www.woolworths.com.au/shop/productdetails/124742/remedy-kombucha-wild-berry",
    "name": "Remedy Kombucha Wild Berry 750ml",
    "image_url": "https://cdn1.woolworths.media/content/wowproductimages/large/124742.jpg",
    "source_id": "Woolworths - 124742",
    "barcode": "9350271002120",
    "shop": "Woolworths",
    "weight": "1L",
    "prices": [
      {
        "state": "NSW",
        "price": "750",
        "price_per_unit": "1000",
        "price_unit": "L"
      },
      {
        "state": "VIC",
        "price": "750",
        "price_per_unit": "1000",
        "price_unit": "L"
      },
      {
        "state": "QLD",
        "price": "750",
        "price_per_unit": "1000",
        "price_unit": "L"
      },
      {
        "state": "WA",
        "price": "750",
        "price_per_unit": "1000",
        "price_unit": "L"
      },
      {
        "state": "SA",
        "price": "750",
        "price_per_unit": "1000",
        "price_unit": "L"
      },
      {
        "state": "TAS",
        "price": "750",
        "price_per_unit": "1000",
        "price_unit": "L"
      },
      {
        "state": "ACT",
        "price": "750",
        "price_per_unit": "1000",
        "price_unit": "L"
      },
      {
        "state": "NT",
        "price": "750",
        "price_per_unit": "1000",
        "price_unit": "L"
      }
    ]
  },
  {
    "source_url": "https://www.woolworths.com.au/shop/productdetails/662367/remedy-organic-kombucha-ginger-lemon",
    "name": "Remedy Organic Kombucha Ginger Lemon 750ml",
    "image_url": "https://cdn1.woolworths.media/content/wowproductimages/large/662367.jpg",
    "source_id": "Woolworths - 662367",
    "barcode": "9350271000034",
    "shop": "Woolworths",
    "weight": "1L",
    "prices": [
      {
        "state": "NSW",
        "price": "750",
        "price_per_unit": "1000",
        "price_unit": "L"
      },
      {
        "state": "VIC",
        "price": "750",
        "price_per_unit": "1000",
        "price_unit": "L"
      },
      {
        "state": "QLD",
        "price": "750",
        "price_per_unit": "1000",
        "price_unit": "L"
      },
      {
        "state": "WA",
        "price": "750",
        "price_per_unit": "1000",
        "price_unit": "L"
      },
      {
        "state": "SA",
        "price": "750",
        "price_per_unit": "1000",
        "price_unit": "L"
      },
      {
        "state": "TAS",
        "price": "750",
        "price_per_unit": "1000",
        "price_unit": "L"
      },
      {
        "state": "ACT",
        "price": "750",
        "price_per_unit": "1000",
        "price_unit": "L"
      },
      {
        "state": "NT",
        "price": "750",
        "price_per_unit": "1000",
        "price_unit": "L"
      }
    ]
  },
  {
    "source_url": "https://www.woolworths.com.au/shop/productdetails/430951/remedy-organic-kombucha-ginger-pear",
    "name": "Remedy Organic Kombucha Ginger Pear 750ml",
    "image_url": "https://cdn1.woolworths.media/content/wowproductimages/large/430951.jpg",
    "source_id": "Woolworths - 430951",
    "barcode": "9350271002533",
    "shop": "Woolworths",
    "weight": "1L",
    "prices": []
  },
  {
    "source_url": "https://www.woolworths.com.au/shop/productdetails/91082/remedy-organic-kombucha-mango-passion",
    "name": "Remedy Organic Kombucha Mango Passion 750ml",
    "image_url": "https://cdn1.woolworths.media/content/wowproductimages/large/091082.jpg",
    "source_id": "Woolworths - 91082",
    "barcode": "9350271001871",
    "shop": "Woolworths",
    "weight": "1L",
    "prices": [
      {
        "state": "NSW",
        "price": "750",
        "price_per_unit": "1000",
        "price_unit": "L"
      },
      {
        "state": "VIC",
        "price": "750",
        "price_per_unit": "1000",
        "price_unit": "L"
      },
      {
        "state": "QLD",
        "price": "750",
        "price_per_unit": "1000",
        "price_unit": "L"
      },
      {
        "state": "WA",
        "price": "750",
        "price_per_unit": "1000",
        "price_unit": "L"
      },
      {
        "state": "SA",
        "price": "750",
        "price_per_unit": "1000",
        "price_unit": "L"
      },
      {
        "state": "TAS",
        "price": "750",
        "price_per_unit": "1000",
        "price_unit": "L"
      },
      {
        "state": "ACT",
        "price": "750",
        "price_per_unit": "1000",
        "price_unit": "L"
      },
      {
        "state": "NT",
        "price": "750",
        "price_per_unit": "1000",
        "price_unit": "L"
      }
    ]
  },
  {
    "source_url": "https://www.woolworths.com.au/shop/productdetails/671437/remedy-organic-kombucha-raspberry-lemonade",
    "name": "Remedy Organic Kombucha Raspberry Lemonade 750ml",
    "image_url": "https://cdn1.woolworths.media/content/wowproductimages/large/671437.jpg",
    "source_id": "Woolworths - 671437",
    "barcode": "9350271000096",
    "shop": "Woolworths",
    "weight": "1L",
    "prices": [
      {
        "state": "NSW",
        "price": "750",
        "price_per_unit": "1000",
        "price_unit": "L"
      },
      {
        "state": "VIC",
        "price": "750",
        "price_per_unit": "1000",
        "price_unit": "L"
      },
      {
        "state": "QLD",
        "price": "750",
        "price_per_unit": "1000",
        "price_unit": "L"
      },
      {
        "state": "WA",
        "price": "750",
        "price_per_unit": "1000",
        "price_unit": "L"
      },
      {
        "state": "SA",
        "price": "750",
        "price_per_unit": "1000",
        "price_unit": "L"
      },
      {
        "state": "TAS",
        "price": "750",
        "price_per_unit": "1000",
        "price_unit": "L"
      },
      {
        "state": "ACT",
        "price": "750",
        "price_per_unit": "1000",
        "price_unit": "L"
      },
      {
        "state": "NT",
        "price": "750",
        "price_per_unit": "1000",
        "price_unit": "L"
      }
    ]
  },
  {
    "source_url": "https://www.woolworths.com.au/shop/productdetails/124746/remedy-organic-kombucha-wild-berry",
    "name": "Remedy Organic Kombucha Wild Berry 330ml",
    "image_url": "https://cdn1.woolworths.media/content/wowproductimages/large/124746.jpg",
    "source_id": "Woolworths - 124746",
    "barcode": "9350271002113",
    "shop": "Woolworths",
    "weight": "1L",
    "prices": [
      {
        "state": "NSW",
        "price": "250",
        "price_per_unit": "758",
        "price_unit": "L"
      },
      {
        "state": "VIC",
        "price": "250",
        "price_per_unit": "758",
        "price_unit": "L"
      },
      {
        "state": "QLD",
        "price": "250",
        "price_per_unit": "758",
        "price_unit": "L"
      },
      {
        "state": "WA",
        "price": "250",
        "price_per_unit": "758",
        "price_unit": "L"
      },
      {
        "state": "SA",
        "price": "250",
        "price_per_unit": "758",
        "price_unit": "L"
      },
      {
        "state": "TAS",
        "price": "250",
        "price_per_unit": "758",
        "price_unit": "L"
      },
      {
        "state": "ACT",
        "price": "250",
        "price_per_unit": "758",
        "price_unit": "L"
      },
      {
        "state": "NT",
        "price": "250",
        "price_per_unit": "758",
        "price_unit": "L"
      }
    ]
  },
  {
    "source_url": "https://www.woolworths.com.au/shop/productdetails/270324/remedy-sodaly-passionfruit",
    "name": "Remedy Sodaly Passionfruit 330ml",
    "image_url": "https://cdn1.woolworths.media/content/wowproductimages/large/270324.jpg",
    "source_id": "Woolworths - 270324",
    "barcode": "9350271003691",
    "shop": "Woolworths",
    "weight": "1L",
    "prices": [
      {
        "state": "NSW",
        "price": "290",
        "price_per_unit": "879",
        "price_unit": "L"
      },
      {
        "state": "VIC",
        "price": "290",
        "price_per_unit": "879",
        "price_unit": "L"
      },
      {
        "state": "QLD",
        "price": "290",
        "price_per_unit": "879",
        "price_unit": "L"
      },
      {
        "state": "WA",
        "price": "290",
        "price_per_unit": "879",
        "price_unit": "L"
      },
      {
        "state": "SA",
        "price": "290",
        "price_per_unit": "879",
        "price_unit": "L"
      },
      {
        "state": "TAS",
        "price": "290",
        "price_per_unit": "879",
        "price_unit": "L"
      },
      {
        "state": "ACT",
        "price": "290",
        "price_per_unit": "879",
        "price_unit": "L"
      },
      {
        "state": "NT",
        "price": "290",
        "price_per_unit": "879",
        "price_unit": "L"
      }
    ]
  },
  {
    "source_url": "https://www.woolworths.com.au/shop/productdetails/270303/remedy-sodaly-raspberry",
    "name": "Remedy Sodaly Raspberry 330ml",
    "image_url": "https://cdn1.woolworths.media/content/wowproductimages/large/270303.jpg",
    "source_id": "Woolworths - 270303",
    "barcode": "9350271003684",
    "shop": "Woolworths",
    "weight": "1L",
    "prices": [
      {
        "state": "NSW",
        "price": "290",
        "price_per_unit": "879",
        "price_unit": "L"
      },
      {
        "state": "VIC",
        "price": "290",
        "price_per_unit": "879",
        "price_unit": "L"
      },
      {
        "state": "QLD",
        "price": "290",
        "price_per_unit": "879",
        "price_unit": "L"
      },
      {
        "state": "WA",
        "price": "290",
        "price_per_unit": "879",
        "price_unit": "L"
      },
      {
        "state": "SA",
        "price": "290",
        "price_per_unit": "879",
        "price_unit": "L"
      },
      {
        "state": "TAS",
        "price": "290",
        "price_per_unit": "879",
        "price_unit": "L"
      },
      {
        "state": "ACT",
        "price": "290",
        "price_per_unit": "879",
        "price_unit": "L"
      },
      {
        "state": "NT",
        "price": "290",
        "price_per_unit": "879",
        "price_unit": "L"
      }
    ]
  },
  {
    "source_url": "https://www.woolworths.com.au/shop/productdetails/972722/remedy-sodaly-yuzu-lemon",
    "name": "Remedy Sodaly Yuzu Lemon 330mL",
    "image_url": "https://cdn1.woolworths.media/content/wowproductimages/large/972722.jpg",
    "source_id": "Woolworths - 972722",
    "barcode": "9350271004940",
    "shop": "Woolworths",
    "weight": "1L",
    "prices": [
      {
        "state": "NSW",
        "price": "290",
        "price_per_unit": "879",
        "price_unit": "L"
      },
      {
        "state": "VIC",
        "price": "290",
        "price_per_unit": "879",
        "price_unit": "L"
      },
      {
        "state": "QLD",
        "price": "290",
        "price_per_unit": "879",
        "price_unit": "L"
      },
      {
        "state": "WA",
        "price": "290",
        "price_per_unit": "879",
        "price_unit": "L"
      },
      {
        "state": "SA",
        "price": "290",
        "price_per_unit": "879",
        "price_unit": "L"
      },
      {
        "state": "TAS",
        "price": "290",
        "price_per_unit": "879",
        "price_unit": "L"
      },
      {
        "state": "ACT",
        "price": "290",
        "price_per_unit": "879",
        "price_unit": "L"
      },
      {
        "state": "NT",
        "price": "290",
        "price_per_unit": "879",
        "price_unit": "L"
      }
    ]
  },
  {
    "source_url": "https://www.woolworths.com.au/shop/productdetails/970878/the-juice-brothers-blueberry-blend",
    "name": "The Juice Brothers Blueberry Blend 1L",
    "image_url": "https://cdn1.woolworths.media/content/wowproductimages/large/970878.jpg",
    "source_id": "Woolworths - 970878",
    "barcode": "9310113905750",
    "shop": "Woolworths",
    "weight": "1L",
    "prices": [
      {
        "state": "NSW",
        "price": "500",
        "price_per_unit": "500",
        "price_unit": "L"
      },
      {
        "state": "VIC",
        "price": "500",
        "price_per_unit": "500",
        "price_unit": "L"
      },
      {
        "state": "WA",
        "price": "500",
        "price_per_unit": "500",
        "price_unit": "L"
      },
      {
        "state": "SA",
        "price": "500",
        "price_per_unit": "500",
        "price_unit": "L"
      },
      {
        "state": "ACT",
        "price": "500",
        "price_per_unit": "500",
        "price_unit": "L"
      },
      {
        "state": "NT",
        "price": "500",
        "price_per_unit": "500",
        "price_unit": "L"
      }
    ]
  },
  {
    "source_url": "https://www.woolworths.com.au/shop/productdetails/972239/the-juice-brothers-citrus-crush",
    "name": "The Juice Brothers Citrus Crush 1L",
    "image_url": "https://cdn1.woolworths.media/content/wowproductimages/large/972239.jpg",
    "source_id": "Woolworths - 972239",
    "barcode": "9310113905767",
    "shop": "Woolworths",
    "weight": "1L",
    "prices": [
      {
        "state": "NSW",
        "price": "500",
        "price_per_unit": "500",
        "price_unit": "L"
      },
      {
        "state": "VIC",
        "price": "500",
        "price_per_unit": "500",
        "price_unit": "L"
      },
      {
        "state": "WA",
        "price": "500",
        "price_per_unit": "500",
        "price_unit": "L"
      },
      {
        "state": "SA",
        "price": "500",
        "price_per_unit": "500",
        "price_unit": "L"
      },
      {
        "state": "ACT",
        "price": "500",
        "price_per_unit": "500",
        "price_unit": "L"
      },
      {
        "state": "NT",
        "price": "500",
        "price_per_unit": "500",
        "price_unit": "L"
      }
    ]
  },
  {
    "source_url": "https://www.woolworths.com.au/shop/productdetails/884525/the-juice-brothers-morning-start-juice",
    "name": "The Juice Brothers Morning Start Juice 1L",
    "image_url": "https://cdn1.woolworths.media/content/wowproductimages/large/884525.jpg",
    "source_id": "Woolworths - 884525",
    "barcode": "9310113905682",
    "shop": "Woolworths",
    "weight": "1L",
    "prices": [
      {
        "state": "NSW",
        "price": "500",
        "price_per_unit": "500",
        "price_unit": "L"
      },
      {
        "state": "VIC",
        "price": "500",
        "price_per_unit": "500",
        "price_unit": "L"
      },
      {
        "state": "QLD",
        "price": "500",
        "price_per_unit": "500",
        "price_unit": "L"
      },
      {
        "state": "WA",
        "price": "500",
        "price_per_unit": "500",
        "price_unit": "L"
      },
      {
        "state": "SA",
        "price": "500",
        "price_per_unit": "500",
        "price_unit": "L"
      },
      {
        "state": "ACT",
        "price": "500",
        "price_per_unit": "500",
        "price_unit": "L"
      },
      {
        "state": "NT",
        "price": "500",
        "price_per_unit": "500",
        "price_unit": "L"
      }
    ]
  },
  {
    "source_url": "https://www.woolworths.com.au/shop/productdetails/972643/the-juice-brothers-orange-juice",
    "name": "The Juice Brothers Orange Juice 1L",
    "image_url": "https://cdn1.woolworths.media/content/wowproductimages/large/972643.jpg",
    "source_id": "Woolworths - 972643",
    "barcode": "9310113905651",
    "shop": "Woolworths",
    "weight": "1L",
    "prices": [
      {
        "state": "NSW",
        "price": "500",
        "price_per_unit": "500",
        "price_unit": "L"
      },
      {
        "state": "VIC",
        "price": "500",
        "price_per_unit": "500",
        "price_unit": "L"
      },
      {
        "state": "QLD",
        "price": "500",
        "price_per_unit": "500",
        "price_unit": "L"
      },
      {
        "state": "WA",
        "price": "500",
        "price_per_unit": "500",
        "price_unit": "L"
      },
      {
        "state": "SA",
        "price": "500",
        "price_per_unit": "500",
        "price_unit": "L"
      },
      {
        "state": "ACT",
        "price": "500",
        "price_per_unit": "500",
        "price_unit": "L"
      },
      {
        "state": "NT",
        "price": "500",
        "price_per_unit": "500",
        "price_unit": "L"
      }
    ]
  },
  {
    "source_url": "https://www.woolworths.com.au/shop/productdetails/886904/the-juice-brothers-tropical-juice",
    "name": "The Juice Brothers Tropical Juice 1L",
    "image_url": "https://cdn1.woolworths.media/content/wowproductimages/large/886904.jpg",
    "source_id": "Woolworths - 886904",
    "barcode": "9310113905699",
    "shop": "Woolworths",
    "weight": "1L",
    "prices": [
      {
        "state": "NSW",
        "price": "500",
        "price_per_unit": "500",
        "price_unit": "L"
      },
      {
        "state": "VIC",
        "price": "500",
        "price_per_unit": "500",
        "price_unit": "L"
      },
      {
        "state": "QLD",
        "price": "500",
        "price_per_unit": "500",
        "price_unit": "L"
      },
      {
        "state": "WA",
        "price": "500",
        "price_per_unit": "500",
        "price_unit": "L"
      },
      {
        "state": "SA",
        "price": "500",
        "price_per_unit": "500",
        "price_unit": "L"
      },
      {
        "state": "ACT",
        "price": "500",
        "price_per_unit": "500",
        "price_unit": "L"
      },
      {
        "state": "NT",
        "price": "500",
        "price_per_unit": "500",
        "price_unit": "L"
      }
    ]
  },
  {
    "source_url": "https://www.woolworths.com.au/shop/productdetails/156874/the-juice-lab-focus-brain-power-super-shot",
    "name": "The Juice Lab Focus Brain Power Super Shot 60ml",
    "image_url": "https://cdn1.woolworths.media/content/wowproductimages/large/156874.jpg",
    "source_id": "Woolworths - 156874",
    "barcode": "93562850",
    "shop": "Woolworths",
    "weight": "1L",
    "prices": [
      {
        "state": "NSW",
        "price": "350",
        "price_per_unit": "5833",
        "price_unit": "L"
      },
      {
        "state": "VIC",
        "price": "350",
        "price_per_unit": "5833",
        "price_unit": "L"
      },
      {
        "state": "QLD",
        "price": "350",
        "price_per_unit": "5833",
        "price_unit": "L"
      },
      {
        "state": "WA",
        "price": "350",
        "price_per_unit": "5833",
        "price_unit": "L"
      },
      {
        "state": "SA",
        "price": "350",
        "price_per_unit": "5833",
        "price_unit": "L"
      },
      {
        "state": "ACT",
        "price": "350",
        "price_per_unit": "5833",
        "price_unit": "L"
      },
      {
        "state": "NT",
        "price": "350",
        "price_per_unit": "5833",
        "price_unit": "L"
      }
    ]
  },
  {
    "source_url": "https://www.woolworths.com.au/shop/productdetails/247557/the-juice-lab-well-immune-multidose-orange-turmeric-ginger",
    "name": "The Juice Lab Well Immune Multidose Orange Turmeric Ginger 350ml",
    "image_url": "https://cdn1.woolworths.media/content/wowproductimages/large/247557.jpg",
    "source_id": "Woolworths - 247557",
    "barcode": "9350142002112",
    "shop": "Woolworths",
    "weight": "1L",
    "prices": [
      {
        "state": "NSW",
        "price": "1200",
        "price_per_unit": "3429",
        "price_unit": "L"
      },
      {
        "state": "VIC",
        "price": "1200",
        "price_per_unit": "3429",
        "price_unit": "L"
      },
      {
        "state": "QLD",
        "price": "1200",
        "price_per_unit": "3429",
        "price_unit": "L"
      },
      {
        "state": "WA",
        "price": "1200",
        "price_per_unit": "3429",
        "price_unit": "L"
      },
      {
        "state": "SA",
        "price": "1200",
        "price_per_unit": "3429",
        "price_unit": "L"
      },
      {
        "state": "ACT",
        "price": "1200",
        "price_per_unit": "3429",
        "price_unit": "L"
      },
      {
        "state": "NT",
        "price": "1200",
        "price_per_unit": "3429",
        "price_unit": "L"
      }
    ]
  },
  {
    "source_url": "https://www.woolworths.com.au/shop/productdetails/157076/the-juice-lab-wellness-digest-gut-health-super-shot",
    "name": "The Juice Lab Wellness Digest Gut Health Super Shot 60ml",
    "image_url": "https://cdn1.woolworths.media/content/wowproductimages/large/157076.jpg",
    "source_id": "Woolworths - 157076",
    "barcode": "93562898",
    "shop": "Woolworths",
    "weight": "1L",
    "prices": [
      {
        "state": "NSW",
        "price": "350",
        "price_per_unit": "5833",
        "price_unit": "L"
      },
      {
        "state": "VIC",
        "price": "350",
        "price_per_unit": "5833",
        "price_unit": "L"
      },
      {
        "state": "QLD",
        "price": "350",
        "price_per_unit": "5833",
        "price_unit": "L"
      },
      {
        "state": "WA",
        "price": "350",
        "price_per_unit": "5833",
        "price_unit": "L"
      },
      {
        "state": "SA",
        "price": "350",
        "price_per_unit": "5833",
        "price_unit": "L"
      },
      {
        "state": "ACT",
        "price": "350",
        "price_per_unit": "5833",
        "price_unit": "L"
      },
      {
        "state": "NT",
        "price": "350",
        "price_per_unit": "5833",
        "price_unit": "L"
      }
    ]
  },
  {
    "source_url": "https://www.woolworths.com.au/shop/productdetails/156070/the-juice-lab-wellness-immune-vitality-super-shot",
    "name": "The Juice Lab Wellness Immune Vitality Super Shot 60ml",
    "image_url": "https://cdn1.woolworths.media/content/wowproductimages/large/156070.jpg",
    "source_id": "Woolworths - 156070",
    "barcode": "93562843",
    "shop": "Woolworths",
    "weight": "1L",
    "prices": [
      {
        "state": "NSW",
        "price": "350",
        "price_per_unit": "5833",
        "price_unit": "L"
      },
      {
        "state": "VIC",
        "price": "350",
        "price_per_unit": "5833",
        "price_unit": "L"
      },
      {
        "state": "QLD",
        "price": "350",
        "price_per_unit": "5833",
        "price_unit": "L"
      },
      {
        "state": "WA",
        "price": "350",
        "price_per_unit": "5833",
        "price_unit": "L"
      },
      {
        "state": "SA",
        "price": "350",
        "price_per_unit": "5833",
        "price_unit": "L"
      },
      {
        "state": "ACT",
        "price": "350",
        "price_per_unit": "5833",
        "price_unit": "L"
      },
      {
        "state": "NT",
        "price": "350",
        "price_per_unit": "5833",
        "price_unit": "L"
      }
    ]
  },
  {
    "source_url": "https://www.woolworths.com.au/shop/productdetails/227257/the-juice-lab-wellness-shot-calm",
    "name": "The Juice Lab Wellness Shot Calm 60ml",
    "image_url": "https://cdn1.woolworths.media/content/wowproductimages/large/227257.jpg",
    "source_id": "Woolworths - 227257",
    "barcode": "93562881",
    "shop": "Woolworths",
    "weight": "1L",
    "prices": [
      {
        "state": "NSW",
        "price": "350",
        "price_per_unit": "5833",
        "price_unit": "L"
      },
      {
        "state": "VIC",
        "price": "350",
        "price_per_unit": "5833",
        "price_unit": "L"
      },
      {
        "state": "QLD",
        "price": "350",
        "price_per_unit": "5833",
        "price_unit": "L"
      },
      {
        "state": "WA",
        "price": "350",
        "price_per_unit": "5833",
        "price_unit": "L"
      },
      {
        "state": "SA",
        "price": "350",
        "price_per_unit": "5833",
        "price_unit": "L"
      },
      {
        "state": "ACT",
        "price": "350",
        "price_per_unit": "5833",
        "price_unit": "L"
      },
      {
        "state": "NT",
        "price": "350",
        "price_per_unit": "5833",
        "price_unit": "L"
      }
    ]
  },
  {
    "source_url": "https://www.woolworths.com.au/shop/productdetails/852421/woolworths-apple-juice",
    "name": "Woolworths Apple Juice 3l",
    "image_url": "https://cdn1.woolworths.media/content/wowproductimages/large/852421.jpg",
    "source_id": "Woolworths - 852421",
    "barcode": "9339687084944",
    "shop": "Woolworths",
    "weight": "1L",
    "prices": [
      {
        "state": "NSW",
        "price": "500",
        "price_per_unit": "167",
        "price_unit": "L"
      },
      {
        "state": "ACT",
        "price": "500",
        "price_per_unit": "167",
        "price_unit": "L"
      }
    ]
  },
  {
    "source_url": "https://www.woolworths.com.au/shop/productdetails/804349/woolworths-breakfast-juice",
    "name": "Woolworths Breakfast Juice 2l",
    "image_url": "https://cdn1.woolworths.media/content/wowproductimages/large/804349.jpg",
    "source_id": "Woolworths - 804349",
    "barcode": "9339687065745",
    "shop": "Woolworths",
    "weight": "1L",
    "prices": [
      {
        "state": "NSW",
        "price": "600",
        "price_per_unit": "300",
        "price_unit": "L"
      },
      {
        "state": "QLD",
        "price": "600",
        "price_per_unit": "300",
        "price_unit": "L"
      },
      {
        "state": "WA",
        "price": "600",
        "price_per_unit": "300",
        "price_unit": "L"
      },
      {
        "state": "SA",
        "price": "600",
        "price_per_unit": "300",
        "price_unit": "L"
      },
      {
        "state": "TAS",
        "price": "600",
        "price_per_unit": "300",
        "price_unit": "L"
      },
      {
        "state": "ACT",
        "price": "600",
        "price_per_unit": "300",
        "price_unit": "L"
      },
      {
        "state": "NT",
        "price": "600",
        "price_per_unit": "300",
        "price_unit": "L"
      }
    ]
  },
  {
    "source_url": "https://www.woolworths.com.au/shop/productdetails/852407/woolworths-orange-drink",
    "name": "Woolworths Orange Drink 2l",
    "image_url": "https://cdn1.woolworths.media/content/wowproductimages/large/852407.jpg",
    "source_id": "Woolworths - 852407",
    "barcode": "9339687084999",
    "shop": "Woolworths",
    "weight": "1L",
    "prices": [
      {
        "state": "NSW",
        "price": "280",
        "price_per_unit": "140",
        "price_unit": "L"
      }
    ]
  },
  {
    "source_url": "https://www.woolworths.com.au/shop/productdetails/633619/woolworths-orange-juice",
    "name": "Woolworths Orange Juice 2L",
    "image_url": "https://cdn1.woolworths.media/content/wowproductimages/large/633619.jpg",
    "source_id": "Woolworths - 633619",
    "barcode": "9339687380565",
    "shop": "Woolworths",
    "weight": "1L",
    "prices": [
      {
        "state": "NSW",
        "price": "550",
        "price_per_unit": "275",
        "price_unit": "L"
      },
      {
        "state": "VIC",
        "price": "550",
        "price_per_unit": "275",
        "price_unit": "L"
      }
    ]
  },
  {
    "source_url": "https://www.woolworths.com.au/shop/productdetails/142929/woolworths-orange-juice-with-pulp",
    "name": "Woolworths Orange Juice With Pulp 2l",
    "image_url": "https://cdn1.woolworths.media/content/wowproductimages/large/142929.jpg",
    "source_id": "Woolworths - 142929",
    "barcode": "9339687236688",
    "shop": "Woolworths",
    "weight": "1L",
    "prices": [
      {
        "state": "NSW",
        "price": "600",
        "price_per_unit": "300",
        "price_unit": "L"
      },
      {
        "state": "VIC",
        "price": "600",
        "price_per_unit": "300",
        "price_unit": "L"
      },
      {
        "state": "SA",
        "price": "600",
        "price_per_unit": "300",
        "price_unit": "L"
      },
      {
        "state": "TAS",
        "price": "600",
        "price_per_unit": "300",
        "price_unit": "L"
      },
      {
        "state": "NT",
        "price": "600",
        "price_per_unit": "300",
        "price_unit": "L"
      }
    ]
  },
  {
    "source_url": "https://www.woolworths.com.au/shop/productdetails/852409/woolworths-orange-mango-drink",
    "name": "Woolworths Orange Mango Drink 2l",
    "image_url": "https://cdn1.woolworths.media/content/wowproductimages/large/852409.jpg",
    "source_id": "Woolworths - 852409",
    "barcode": "9339687084920",
    "shop": "Woolworths",
    "weight": "1L",
    "prices": [
      {
        "state": "NSW",
        "price": "280",
        "price_per_unit": "140",
        "price_unit": "L"
      }
    ]
  },
  {
    "source_url": "https://www.woolworths.com.au/shop/productdetails/56005/youfoodz-goodness-greens-juice",
    "name": "YouFoodz Goodness Greens Juice 2L",
    "image_url": "https://cdn1.woolworths.media/content/wowproductimages/large/056005.jpg",
    "source_id": "Woolworths - 56005",
    "barcode": "9354849009672",
    "shop": "Woolworths",
    "weight": "1L",
    "prices": [
      {
        "state": "NSW",
        "price": "890",
        "price_per_unit": "445",
        "price_unit": "L"
      },
      {
        "state": "VIC",
        "price": "890",
        "price_per_unit": "445",
        "price_unit": "L"
      },
      {
        "state": "WA",
        "price": "890",
        "price_per_unit": "445",
        "price_unit": "L"
      },
      {
        "state": "SA",
        "price": "890",
        "price_per_unit": "445",
        "price_unit": "L"
      },
      {
        "state": "NT",
        "price": "890",
        "price_per_unit": "445",
        "price_unit": "L"
      }
    ]
  },
  {
    "source_url": "https://www.woolworths.com.au/shop/productdetails/157499/youjuice-getcha-greens",
    "name": "YouJuice Getcha Greens 350ml",
    "image_url": "https://cdn1.woolworths.media/content/wowproductimages/large/157499.jpg",
    "source_id": "Woolworths - 157499",
    "barcode": "9354849002314",
    "shop": "Woolworths",
    "weight": "1L",
    "prices": [
      {
        "state": "NSW",
        "price": "400",
        "price_per_unit": "1143",
        "price_unit": "L"
      },
      {
        "state": "VIC",
        "price": "400",
        "price_per_unit": "1143",
        "price_unit": "L"
      },
      {
        "state": "QLD",
        "price": "400",
        "price_per_unit": "1143",
        "price_unit": "L"
      },
      {
        "state": "WA",
        "price": "400",
        "price_per_unit": "1143",
        "price_unit": "L"
      },
      {
        "state": "SA",
        "price": "400",
        "price_per_unit": "1143",
        "price_unit": "L"
      },
      {
        "state": "NT",
        "price": "400",
        "price_per_unit": "1143",
        "price_unit": "L"
      }
    ]
  },
  {
    "source_url": "https://www.woolworths.com.au/shop/productdetails/157658/youjuice-multivitamin-squeeze",
    "name": "YouJuice Multivitamin Squeeze 350ml",
    "image_url": "https://cdn1.woolworths.media/content/wowproductimages/large/157658.jpg",
    "source_id": "Woolworths - 157658",
    "barcode": "9354849003199",
    "shop": "Woolworths",
    "weight": "1L",
    "prices": [
      {
        "state": "NSW",
        "price": "400",
        "price_per_unit": "1143",
        "price_unit": "L"
      },
      {
        "state": "VIC",
        "price": "400",
        "price_per_unit": "1143",
        "price_unit": "L"
      },
      {
        "state": "QLD",
        "price": "400",
        "price_per_unit": "1143",
        "price_unit": "L"
      },
      {
        "state": "WA",
        "price": "400",
        "price_per_unit": "1143",
        "price_unit": "L"
      },
      {
        "state": "SA",
        "price": "400",
        "price_per_unit": "1143",
        "price_unit": "L"
      },
      {
        "state": "NT",
        "price": "400",
        "price_per_unit": "1143",
        "price_unit": "L"
      }
    ]
  },
  {
    "source_url": "https://www.woolworths.com.au/shop/productdetails/901428/daily-juice-co-apple-black-current-juice",
    "name": "Daily Juice Co Apple & Black Current Juice 3L",
    "image_url": "https://cdn1.woolworths.media/content/wowproductimages/large/901428.jpg",
    "source_id": "Woolworths - 901428",
    "barcode": "9310113905897",
    "shop": "Woolworths",
    "weight": "1L",
    "prices": [
      {
        "state": "VIC",
        "price": "780",
        "price_per_unit": "260",
        "price_unit": "L"
      },
      {
        "state": "QLD",
        "price": "780",
        "price_per_unit": "260",
        "price_unit": "L"
      },
      {
        "state": "SA",
        "price": "780",
        "price_per_unit": "260",
        "price_unit": "L"
      },
      {
        "state": "ACT",
        "price": "780",
        "price_per_unit": "260",
        "price_unit": "L"
      },
      {
        "state": "NT",
        "price": "780",
        "price_per_unit": "260",
        "price_unit": "L"
      }
    ]
  },
  {
    "source_url": "https://www.woolworths.com.au/shop/productdetails/47193/daily-juice-co-apple-juice-no-added-sugar",
    "name": "Daily Juice Co Apple Juice No Added Sugar 2L",
    "image_url": "https://cdn1.woolworths.media/content/wowproductimages/large/047193.jpg",
    "source_id": "Woolworths - 47193",
    "barcode": "9300608614229",
    "shop": "Woolworths",
    "weight": "1L",
    "prices": [
      {
        "state": "VIC",
        "price": "520",
        "price_per_unit": "260",
        "price_unit": "L"
      },
      {
        "state": "QLD",
        "price": "520",
        "price_per_unit": "260",
        "price_unit": "L"
      },
      {
        "state": "WA",
        "price": "520",
        "price_per_unit": "260",
        "price_unit": "L"
      },
      {
        "state": "SA",
        "price": "520",
        "price_per_unit": "260",
        "price_unit": "L"
      },
      {
        "state": "ACT",
        "price": "520",
        "price_per_unit": "260",
        "price_unit": "L"
      },
      {
        "state": "NT",
        "price": "520",
        "price_per_unit": "260",
        "price_unit": "L"
      }
    ]
  },
  {
    "source_url": "https://www.woolworths.com.au/shop/productdetails/229030/daily-juice-co-breakfast-a-c-e-juice",
    "name": "Daily Juice Co Breakfast A C & E Juice 2L",
    "image_url": "https://cdn1.woolworths.media/content/wowproductimages/large/229030.jpg",
    "source_id": "Woolworths - 229030",
    "barcode": "9310113614065",
    "shop": "Woolworths",
    "weight": "1L",
    "prices": [
      {
        "state": "VIC",
        "price": "520",
        "price_per_unit": "260",
        "price_unit": "L"
      },
      {
        "state": "QLD",
        "price": "520",
        "price_per_unit": "260",
        "price_unit": "L"
      },
      {
        "state": "WA",
        "price": "520",
        "price_per_unit": "260",
        "price_unit": "L"
      },
      {
        "state": "SA",
        "price": "520",
        "price_per_unit": "260",
        "price_unit": "L"
      },
      {
        "state": "TAS",
        "price": "520",
        "price_per_unit": "260",
        "price_unit": "L"
      },
      {
        "state": "ACT",
        "price": "520",
        "price_per_unit": "260",
        "price_unit": "L"
      },
      {
        "state": "NT",
        "price": "520",
        "price_per_unit": "260",
        "price_unit": "L"
      }
    ]
  },
  {
    "source_url": "https://www.woolworths.com.au/shop/productdetails/901478/daily-juice-co-cloudy-apple-juice",
    "name": "Daily Juice Co Cloudy Apple Juice 3L",
    "image_url": "https://cdn1.woolworths.media/content/wowproductimages/large/901478.jpg",
    "source_id": "Woolworths - 901478",
    "barcode": "9310113905880",
    "shop": "Woolworths",
    "weight": "1L",
    "prices": [
      {
        "state": "VIC",
        "price": "780",
        "price_per_unit": "260",
        "price_unit": "L"
      },
      {
        "state": "QLD",
        "price": "780",
        "price_per_unit": "260",
        "price_unit": "L"
      },
      {
        "state": "WA",
        "price": "780",
        "price_per_unit": "260",
        "price_unit": "L"
      },
      {
        "state": "SA",
        "price": "780",
        "price_per_unit": "260",
        "price_unit": "L"
      },
      {
        "state": "ACT",
        "price": "780",
        "price_per_unit": "260",
        "price_unit": "L"
      },
      {
        "state": "NT",
        "price": "780",
        "price_per_unit": "260",
        "price_unit": "L"
      }
    ]
  },
  {
    "source_url": "https://www.woolworths.com.au/shop/productdetails/47123/daily-juice-co-orange-juice-no-added-sugar",
    "name": "Daily Juice Co Orange Juice No Added Sugar 2L",
    "image_url": "https://cdn1.woolworths.media/content/wowproductimages/large/047123.jpg",
    "source_id": "Woolworths - 47123",
    "barcode": "9300608614205",
    "shop": "Woolworths",
    "weight": "1L",
    "prices": [
      {
        "state": "VIC",
        "price": "690",
        "price_per_unit": "345",
        "price_unit": "L"
      },
      {
        "state": "QLD",
        "price": "690",
        "price_per_unit": "345",
        "price_unit": "L"
      },
      {
        "state": "WA",
        "price": "690",
        "price_per_unit": "345",
        "price_unit": "L"
      },
      {
        "state": "SA",
        "price": "690",
        "price_per_unit": "345",
        "price_unit": "L"
      },
      {
        "state": "TAS",
        "price": "690",
        "price_per_unit": "345",
        "price_unit": "L"
      },
      {
        "state": "ACT",
        "price": "690",
        "price_per_unit": "345",
        "price_unit": "L"
      },
      {
        "state": "NT",
        "price": "690",
        "price_per_unit": "345",
        "price_unit": "L"
      }
    ]
  },
  {
    "source_url": "https://www.woolworths.com.au/shop/productdetails/90211/daily-juice-co-pulp-free-orange-juice",
    "name": "Daily Juice Co Pulp Free Orange Juice 2L",
    "image_url": "https://cdn1.woolworths.media/content/wowproductimages/large/090211.jpg",
    "source_id": "Woolworths - 90211",
    "barcode": "9310113614447",
    "shop": "Woolworths",
    "weight": "1L",
    "prices": [
      {
        "state": "VIC",
        "price": "690",
        "price_per_unit": "345",
        "price_unit": "L"
      },
      {
        "state": "QLD",
        "price": "690",
        "price_per_unit": "345",
        "price_unit": "L"
      },
      {
        "state": "WA",
        "price": "690",
        "price_per_unit": "345",
        "price_unit": "L"
      },
      {
        "state": "SA",
        "price": "690",
        "price_per_unit": "345",
        "price_unit": "L"
      },
      {
        "state": "TAS",
        "price": "690",
        "price_per_unit": "345",
        "price_unit": "L"
      },
      {
        "state": "ACT",
        "price": "690",
        "price_per_unit": "345",
        "price_unit": "L"
      },
      {
        "state": "NT",
        "price": "690",
        "price_per_unit": "345",
        "price_unit": "L"
      }
    ]
  },
  {
    "source_url": "https://www.woolworths.com.au/shop/productdetails/93853/emma-tom-s-cloudy-apple-juice",
    "name": "Emma & Tom's Cloudy Apple Juice 1L",
    "image_url": "https://cdn1.woolworths.media/content/wowproductimages/large/093853.jpg",
    "source_id": "Woolworths - 93853",
    "barcode": "9334708001511",
    "shop": "Woolworths",
    "weight": "1L",
    "prices": [
      {
        "state": "VIC",
        "price": "620",
        "price_per_unit": "620",
        "price_unit": "L"
      },
      {
        "state": "WA",
        "price": "620",
        "price_per_unit": "620",
        "price_unit": "L"
      },
      {
        "state": "SA",
        "price": "620",
        "price_per_unit": "620",
        "price_unit": "L"
      },
      {
        "state": "TAS",
        "price": "620",
        "price_per_unit": "620",
        "price_unit": "L"
      }
    ]
  },
  {
    "source_url": "https://www.woolworths.com.au/shop/productdetails/387010/emma-tom-s-glow-apple-mango-juice",
    "name": "Emma & Tom's Glow+ Apple Mango Juice 350ml",
    "image_url": "https://cdn1.woolworths.media/content/wowproductimages/large/387010.jpg",
    "source_id": "Woolworths - 387010",
    "barcode": "9334708001627",
    "shop": "Woolworths",
    "weight": "1L",
    "prices": [
      {
        "state": "VIC",
        "price": "420",
        "price_per_unit": "1200",
        "price_unit": "L"
      },
      {
        "state": "WA",
        "price": "420",
        "price_per_unit": "1200",
        "price_unit": "L"
      },
      {
        "state": "TAS",
        "price": "420",
        "price_per_unit": "1200",
        "price_unit": "L"
      },
      {
        "state": "ACT",
        "price": "420",
        "price_per_unit": "1200",
        "price_unit": "L"
      }
    ]
  },
  {
    "source_url": "https://www.woolworths.com.au/shop/productdetails/301377/emma-tom-s-green-power-juice",
    "name": "Emma & Tom's Green Power Juice 350ml",
    "image_url": "https://cdn1.woolworths.media/content/wowproductimages/large/301377.jpg",
    "source_id": "Woolworths - 301377",
    "barcode": "9334708000040",
    "shop": "Woolworths",
    "weight": "1L",
    "prices": [
      {
        "state": "VIC",
        "price": "420",
        "price_per_unit": "1200",
        "price_unit": "L"
      },
      {
        "state": "QLD",
        "price": "420",
        "price_per_unit": "1200",
        "price_unit": "L"
      },
      {
        "state": "WA",
        "price": "420",
        "price_per_unit": "1200",
        "price_unit": "L"
      },
      {
        "state": "SA",
        "price": "420",
        "price_per_unit": "1200",
        "price_unit": "L"
      },
      {
        "state": "TAS",
        "price": "420",
        "price_per_unit": "1200",
        "price_unit": "L"
      },
      {
        "state": "ACT",
        "price": "420",
        "price_per_unit": "1200",
        "price_unit": "L"
      }
    ]
  },
  {
    "source_url": "https://www.woolworths.com.au/shop/productdetails/232652/emma-tom-s-prebiotic-probiotic-kickstarter-juice",
    "name": "Emma & Tom's Prebiotic & Probiotic Kickstarter Juice 350ml",
    "image_url": "https://cdn1.woolworths.media/content/wowproductimages/large/232652.jpg",
    "source_id": "Woolworths - 232652",
    "barcode": "9334708000859",
    "shop": "Woolworths",
    "weight": "1L",
    "prices": [
      {
        "state": "VIC",
        "price": "420",
        "price_per_unit": "1200",
        "price_unit": "L"
      },
      {
        "state": "WA",
        "price": "420",
        "price_per_unit": "1200",
        "price_unit": "L"
      },
      {
        "state": "SA",
        "price": "420",
        "price_per_unit": "1200",
        "price_unit": "L"
      },
      {
        "state": "ACT",
        "price": "420",
        "price_per_unit": "1200",
        "price_unit": "L"
      }
    ]
  },
  {
    "source_url": "https://www.woolworths.com.au/shop/productdetails/231305/emma-tom-s-recovery-green-power-juice",
    "name": "Emma & Tom's Recovery+ Green Power Juice 1l",
    "image_url": "https://cdn1.woolworths.media/content/wowproductimages/large/231305.jpg",
    "source_id": "Woolworths - 231305",
    "barcode": "9334708001542",
    "shop": "Woolworths",
    "weight": "1L",
    "prices": [
      {
        "state": "VIC",
        "price": "620",
        "price_per_unit": "620",
        "price_unit": "L"
      },
      {
        "state": "WA",
        "price": "620",
        "price_per_unit": "620",
        "price_unit": "L"
      },
      {
        "state": "SA",
        "price": "620",
        "price_per_unit": "620",
        "price_unit": "L"
      },
      {
        "state": "TAS",
        "price": "620",
        "price_per_unit": "620",
        "price_unit": "L"
      }
    ]
  },
  {
    "source_url": "https://www.woolworths.com.au/shop/productdetails/387201/grove-juice-apple-mandarin-passionfruit-juice",
    "name": "Grove Juice Apple Mandarin Passionfruit Juice 1.5l",
    "image_url": "https://cdn1.woolworths.media/content/wowproductimages/large/387201.jpg",
    "source_id": "Woolworths - 387201",
    "barcode": "9314102536208",
    "shop": "Woolworths",
    "weight": "1L",
    "prices": []
  },
  {
    "source_url": "https://www.woolworths.com.au/shop/productdetails/387538/grove-juice-cloudy-apple",
    "name": "Grove Juice Cloudy Apple 1.5l",
    "image_url": "https://cdn1.woolworths.media/content/wowproductimages/large/387538.jpg",
    "source_id": "Woolworths - 387538",
    "barcode": "9314102536062",
    "shop": "Woolworths",
    "weight": "1L",
    "prices": []
  },
  {
    "source_url": "https://www.woolworths.com.au/shop/productdetails/387645/grove-juice-mandarin-juice",
    "name": "Grove Juice Mandarin Juice 1.5l",
    "image_url": "https://cdn1.woolworths.media/content/wowproductimages/large/387645.jpg",
    "source_id": "Woolworths - 387645",
    "barcode": "9314102536703",
    "shop": "Woolworths",
    "weight": "1L",
    "prices": [
      {
        "state": "QLD",
        "price": "595",
        "price_per_unit": "397",
        "price_unit": "L"
      }
    ]
  },
  {
    "source_url": "https://www.woolworths.com.au/shop/productdetails/55325/grove-juice-mango-peach-apple-strawberry",
    "name": "Grove Juice Mango Peach Apple Strawberry 1.5L",
    "image_url": "https://cdn1.woolworths.media/content/wowproductimages/large/055325.jpg",
    "source_id": "Woolworths - 55325",
    "barcode": "9314102536406",
    "shop": "Woolworths",
    "weight": "1L",
    "prices": []
  },
  {
    "source_url": "https://www.woolworths.com.au/shop/productdetails/388206/grove-juice-orange-mango-apple-pineapple-passionfruit-juice",
    "name": "Grove Juice Orange Mango Apple Pineapple Passionfruit Juice 1.5l",
    "image_url": "https://cdn1.woolworths.media/content/wowproductimages/large/388206.jpg",
    "source_id": "Woolworths - 388206",
    "barcode": "9314102536574",
    "shop": "Woolworths",
    "weight": "1L",
    "prices": [
      {
        "state": "QLD",
        "price": "595",
        "price_per_unit": "397",
        "price_unit": "L"
      }
    ]
  },
  {
    "source_url": "https://www.woolworths.com.au/shop/productdetails/388257/grove-juice-orange-pulp-free-juice",
    "name": "Grove Juice Orange Pulp Free Juice 1.5l",
    "image_url": "https://cdn1.woolworths.media/content/wowproductimages/large/388257.jpg",
    "source_id": "Woolworths - 388257",
    "barcode": "9314102536369",
    "shop": "Woolworths",
    "weight": "1L",
    "prices": [
      {
        "state": "QLD",
        "price": "595",
        "price_per_unit": "397",
        "price_unit": "L"
      }
    ]
  },
  {
    "source_url": "https://www.woolworths.com.au/shop/productdetails/387509/grove-juice-orange-with-pulp-juice",
    "name": "Grove Juice Orange With Pulp Juice 1.5l",
    "image_url": "https://cdn1.woolworths.media/content/wowproductimages/large/387509.jpg",
    "source_id": "Woolworths - 387509",
    "barcode": "9314102536352",
    "shop": "Woolworths",
    "weight": "1L",
    "prices": [
      {
        "state": "QLD",
        "price": "595",
        "price_per_unit": "397",
        "price_unit": "L"
      }
    ]
  },
  {
    "source_url": "https://www.woolworths.com.au/shop/productdetails/387524/impressed-pine-lime-juice",
    "name": "Impressed Pine Lime Juice 1l",
    "image_url": "https://cdn1.woolworths.media/content/wowproductimages/large/387524.jpg",
    "source_id": "Woolworths - 387524",
    "barcode": "9336243006129",
    "shop": "Woolworths",
    "weight": "1L",
    "prices": [
      {
        "state": "VIC",
        "price": "550",
        "price_per_unit": "550",
        "price_unit": "L"
      },
      {
        "state": "ACT",
        "price": "550",
        "price_per_unit": "550",
        "price_unit": "L"
      },
      {
        "state": "NT",
        "price": "550",
        "price_per_unit": "550",
        "price_unit": "L"
      }
    ]
  },
  {
    "source_url": "https://www.woolworths.com.au/shop/productdetails/203351/jiva-kombucha-pomegranate",
    "name": "Jiva Kombucha Pomegranate 750ml",
    "image_url": "https://cdn1.woolworths.media/content/wowproductimages/large/203351.jpg",
    "source_id": "Woolworths - 203351",
    "barcode": "9351775000148",
    "shop": "Woolworths",
    "weight": "1L",
    "prices": [
      {
        "state": "VIC",
        "price": "600",
        "price_per_unit": "800",
        "price_unit": "L"
      },
      {
        "state": "SA",
        "price": "600",
        "price_per_unit": "800",
        "price_unit": "L"
      }
    ]
  },
  {
    "source_url": "https://www.woolworths.com.au/shop/productdetails/265211/lo-bros-kombucha-raspberry-blackcurrant",
    "name": "Lo Bros Kombucha Raspberry & Blackcurrant 750mL",
    "image_url": "https://cdn1.woolworths.media/content/wowproductimages/large/265211.jpg",
    "source_id": "Woolworths - 265211",
    "barcode": "9340784007477",
    "shop": "Woolworths",
    "weight": "1L",
    "prices": [
      {
        "state": "VIC",
        "price": "385",
        "price_per_unit": "513",
        "price_unit": "L"
      },
      {
        "state": "QLD",
        "price": "385",
        "price_per_unit": "513",
        "price_unit": "L"
      },
      {
        "state": "SA",
        "price": "385",
        "price_per_unit": "513",
        "price_unit": "L"
      },
      {
        "state": "TAS",
        "price": "385",
        "price_per_unit": "513",
        "price_unit": "L"
      },
      {
        "state": "ACT",
        "price": "385",
        "price_per_unit": "513",
        "price_unit": "L"
      },
      {
        "state": "NT",
        "price": "385",
        "price_per_unit": "513",
        "price_unit": "L"
      }
    ]
  },
  {
    "source_url": "https://www.woolworths.com.au/shop/productdetails/739869/mildura-orange-mango-fruit-drink",
    "name": "Mildura Orange & Mango Fruit Drink 3l",
    "image_url": "https://cdn1.woolworths.media/content/wowproductimages/large/739869.jpg",
    "source_id": "Woolworths - 739869",
    "barcode": "9310113900991",
    "shop": "Woolworths",
    "weight": "1L",
    "prices": [
      {
        "state": "VIC",
        "price": "590",
        "price_per_unit": "197",
        "price_unit": "L"
      },
      {
        "state": "QLD",
        "price": "590",
        "price_per_unit": "197",
        "price_unit": "L"
      },
      {
        "state": "SA",
        "price": "590",
        "price_per_unit": "197",
        "price_unit": "L"
      },
      {
        "state": "TAS",
        "price": "590",
        "price_per_unit": "197",
        "price_unit": "L"
      },
      {
        "state": "ACT",
        "price": "590",
        "price_per_unit": "197",
        "price_unit": "L"
      },
      {
        "state": "NT",
        "price": "590",
        "price_per_unit": "197",
        "price_unit": "L"
      }
    ]
  },
  {
    "source_url": "https://www.woolworths.com.au/shop/productdetails/739660/mildura-orange-passionfruit-fruit-drink",
    "name": "Mildura Orange & Passionfruit Fruit Drink 3l",
    "image_url": "https://cdn1.woolworths.media/content/wowproductimages/large/739660.jpg",
    "source_id": "Woolworths - 739660",
    "barcode": "9310113900984",
    "shop": "Woolworths",
    "weight": "1L",
    "prices": [
      {
        "state": "VIC",
        "price": "590",
        "price_per_unit": "197",
        "price_unit": "L"
      },
      {
        "state": "QLD",
        "price": "590",
        "price_per_unit": "197",
        "price_unit": "L"
      },
      {
        "state": "SA",
        "price": "590",
        "price_per_unit": "197",
        "price_unit": "L"
      },
      {
        "state": "TAS",
        "price": "590",
        "price_per_unit": "197",
        "price_unit": "L"
      },
      {
        "state": "ACT",
        "price": "590",
        "price_per_unit": "197",
        "price_unit": "L"
      },
      {
        "state": "NT",
        "price": "590",
        "price_per_unit": "197",
        "price_unit": "L"
      }
    ]
  },
  {
    "source_url": "https://www.woolworths.com.au/shop/productdetails/739656/mildura-orange-fruit-drink",
    "name": "Mildura Orange Fruit Drink 3l",
    "image_url": "https://cdn1.woolworths.media/content/wowproductimages/large/739656.jpg",
    "source_id": "Woolworths - 739656",
    "barcode": "9310113900977",
    "shop": "Woolworths",
    "weight": "1L",
    "prices": [
      {
        "state": "VIC",
        "price": "590",
        "price_per_unit": "197",
        "price_unit": "L"
      },
      {
        "state": "SA",
        "price": "590",
        "price_per_unit": "197",
        "price_unit": "L"
      },
      {
        "state": "TAS",
        "price": "590",
        "price_per_unit": "197",
        "price_unit": "L"
      },
      {
        "state": "ACT",
        "price": "590",
        "price_per_unit": "197",
        "price_unit": "L"
      }
    ]
  },
  {
    "source_url": "https://www.woolworths.com.au/shop/productdetails/937546/nippy-s-apple-blackcurrant-juice",
    "name": "Nippy's Apple & Blackcurrant Juice 2l",
    "image_url": "https://cdn1.woolworths.media/content/wowproductimages/large/937546.jpg",
    "source_id": "Woolworths - 937546",
    "barcode": "9311336000772",
    "shop": "Woolworths",
    "weight": "1L",
    "prices": [
      {
        "state": "VIC",
        "price": "620",
        "price_per_unit": "310",
        "price_unit": "L"
      },
      {
        "state": "SA",
        "price": "620",
        "price_per_unit": "310",
        "price_unit": "L"
      },
      {
        "state": "NT",
        "price": "620",
        "price_per_unit": "310",
        "price_unit": "L"
      }
    ]
  },
  {
    "source_url": "https://www.woolworths.com.au/shop/productdetails/359125/nippy-s-orange-mango-juice",
    "name": "Nippy's Orange & Mango Juice 2l",
    "image_url": "https://cdn1.woolworths.media/content/wowproductimages/large/359125.jpg",
    "source_id": "Woolworths - 359125",
    "barcode": "9311336000789",
    "shop": "Woolworths",
    "weight": "1L",
    "prices": [
      {
        "state": "VIC",
        "price": "830",
        "price_per_unit": "415",
        "price_unit": "L"
      },
      {
        "state": "SA",
        "price": "800",
        "price_per_unit": "400",
        "price_unit": "L"
      },
      {
        "state": "NT",
        "price": "800",
        "price_per_unit": "400",
        "price_unit": "L"
      }
    ]
  },
  {
    "source_url": "https://www.woolworths.com.au/shop/productdetails/359124/nippy-s-orange-passionfruit-juice",
    "name": "Nippy's Orange & Passionfruit Juice 2l",
    "image_url": "https://cdn1.woolworths.media/content/wowproductimages/large/359124.jpg",
    "source_id": "Woolworths - 359124",
    "barcode": "9311336000673",
    "shop": "Woolworths",
    "weight": "1L",
    "prices": [
      {
        "state": "VIC",
        "price": "830",
        "price_per_unit": "415",
        "price_unit": "L"
      },
      {
        "state": "SA",
        "price": "800",
        "price_per_unit": "400",
        "price_unit": "L"
      },
      {
        "state": "NT",
        "price": "800",
        "price_per_unit": "400",
        "price_unit": "L"
      }
    ]
  },
  {
    "source_url": "https://www.woolworths.com.au/shop/productdetails/932589/nippy-s-pineapple-juice",
    "name": "Nippy's Pineapple Juice 2l",
    "image_url": "https://cdn1.woolworths.media/content/wowproductimages/large/932589.jpg",
    "source_id": "Woolworths - 932589",
    "barcode": "9311336000628",
    "shop": "Woolworths",
    "weight": "1L",
    "prices": [
      {
        "state": "VIC",
        "price": "620",
        "price_per_unit": "310",
        "price_unit": "L"
      },
      {
        "state": "SA",
        "price": "620",
        "price_per_unit": "310",
        "price_unit": "L"
      },
      {
        "state": "NT",
        "price": "620",
        "price_per_unit": "310",
        "price_unit": "L"
      }
    ]
  },
  {
    "source_url": "https://www.woolworths.com.au/shop/productdetails/18798/nippy-s-unsweetened-orange-juice",
    "name": "Nippy's Unsweetened Orange Juice 2l",
    "image_url": "https://cdn1.woolworths.media/content/wowproductimages/large/018798.jpg",
    "source_id": "Woolworths - 18798",
    "barcode": "9311336000598",
    "shop": "Woolworths",
    "weight": "1L",
    "prices": [
      {
        "state": "VIC",
        "price": "830",
        "price_per_unit": "415",
        "price_unit": "L"
      },
      {
        "state": "SA",
        "price": "800",
        "price_per_unit": "400",
        "price_unit": "L"
      },
      {
        "state": "NT",
        "price": "800",
        "price_per_unit": "400",
        "price_unit": "L"
      }
    ]
  },
  {
    "source_url": "https://www.woolworths.com.au/shop/productdetails/711873/nippy-s-unsweetened-orange-juice",
    "name": "Nippy's Unsweetened Orange Juice 3l",
    "image_url": "https://cdn1.woolworths.media/content/wowproductimages/large/711873.jpg",
    "source_id": "Woolworths - 711873",
    "barcode": "9311336001427",
    "shop": "Woolworths",
    "weight": "1L",
    "prices": [
      {
        "state": "VIC",
        "price": "950",
        "price_per_unit": "317",
        "price_unit": "L"
      },
      {
        "state": "SA",
        "price": "950",
        "price_per_unit": "317",
        "price_unit": "L"
      },
      {
        "state": "NT",
        "price": "950",
        "price_per_unit": "317",
        "price_unit": "L"
      }
    ]
  },
  {
    "source_url": "https://www.woolworths.com.au/shop/productdetails/916449/nudie-nothing-but-apple-mandarin-juice",
    "name": "Nudie Nothing But Apple & Mandarin Juice 2l",
    "image_url": "https://cdn1.woolworths.media/content/wowproductimages/large/916449.jpg",
    "source_id": "Woolworths - 916449",
    "barcode": "9332991003625",
    "shop": "Woolworths",
    "weight": "1L",
    "prices": [
      {
        "state": "VIC",
        "price": "700",
        "price_per_unit": "350",
        "price_unit": "L"
      },
      {
        "state": "QLD",
        "price": "700",
        "price_per_unit": "350",
        "price_unit": "L"
      },
      {
        "state": "TAS",
        "price": "700",
        "price_per_unit": "350",
        "price_unit": "L"
      },
      {
        "state": "ACT",
        "price": "700",
        "price_per_unit": "350",
        "price_unit": "L"
      }
    ]
  },
  {
    "source_url": "https://www.woolworths.com.au/shop/productdetails/665417/nudie-nothing-but-apples-cloudy-juice",
    "name": "Nudie Nothing But Apples Cloudy Juice 3l",
    "image_url": "https://cdn1.woolworths.media/content/wowproductimages/large/665417.jpg",
    "source_id": "Woolworths - 665417",
    "barcode": "9332991002406",
    "shop": "Woolworths",
    "weight": "1L",
    "prices": [
      {
        "state": "VIC",
        "price": "1100",
        "price_per_unit": "367",
        "price_unit": "L"
      },
      {
        "state": "WA",
        "price": "1100",
        "price_per_unit": "367",
        "price_unit": "L"
      },
      {
        "state": "SA",
        "price": "1100",
        "price_per_unit": "367",
        "price_unit": "L"
      },
      {
        "state": "TAS",
        "price": "1100",
        "price_per_unit": "367",
        "price_unit": "L"
      },
      {
        "state": "ACT",
        "price": "1100",
        "price_per_unit": "367",
        "price_unit": "L"
      }
    ]
  },
  {
    "source_url": "https://www.woolworths.com.au/shop/productdetails/123514/nudie-nothing-but-pink-lemonade",
    "name": "Nudie Nothing But Pink Lemonade 2l",
    "image_url": "https://cdn1.woolworths.media/content/wowproductimages/large/123514.jpg",
    "source_id": "Woolworths - 123514",
    "barcode": "9332991001973",
    "shop": "Woolworths",
    "weight": "1L",
    "prices": [
      {
        "state": "VIC",
        "price": "850",
        "price_per_unit": "425",
        "price_unit": "L"
      },
      {
        "state": "QLD",
        "price": "850",
        "price_per_unit": "425",
        "price_unit": "L"
      },
      {
        "state": "WA",
        "price": "850",
        "price_per_unit": "425",
        "price_unit": "L"
      },
      {
        "state": "SA",
        "price": "850",
        "price_per_unit": "425",
        "price_unit": "L"
      },
      {
        "state": "TAS",
        "price": "850",
        "price_per_unit": "425",
        "price_unit": "L"
      },
      {
        "state": "ACT",
        "price": "850",
        "price_per_unit": "425",
        "price_unit": "L"
      },
      {
        "state": "NT",
        "price": "850",
        "price_per_unit": "425",
        "price_unit": "L"
      }
    ]
  },
  {
    "source_url": "https://www.woolworths.com.au/shop/productdetails/887132/original-juice-co-black-label-apple-blackcurrant",
    "name": "Original Juice Co. Black Label Apple & Blackcurrant 1.5L",
    "image_url": "https://cdn1.woolworths.media/content/wowproductimages/large/887132.jpg",
    "source_id": "Woolworths - 887132",
    "barcode": "9350142002464",
    "shop": "Woolworths",
    "weight": "1L",
    "prices": [
      {
        "state": "VIC",
        "price": "650",
        "price_per_unit": "433",
        "price_unit": "L"
      },
      {
        "state": "QLD",
        "price": "650",
        "price_per_unit": "433",
        "price_unit": "L"
      },
      {
        "state": "WA",
        "price": "650",
        "price_per_unit": "433",
        "price_unit": "L"
      },
      {
        "state": "SA",
        "price": "650",
        "price_per_unit": "433",
        "price_unit": "L"
      },
      {
        "state": "TAS",
        "price": "650",
        "price_per_unit": "433",
        "price_unit": "L"
      },
      {
        "state": "ACT",
        "price": "650",
        "price_per_unit": "433",
        "price_unit": "L"
      },
      {
        "state": "NT",
        "price": "650",
        "price_per_unit": "433",
        "price_unit": "L"
      }
    ]
  },
  {
    "source_url": "https://www.woolworths.com.au/shop/productdetails/884880/original-juice-co-goodness-green",
    "name": "Original Juice Co. Goodness Green 1.5L",
    "image_url": "https://cdn1.woolworths.media/content/wowproductimages/large/884880.jpg",
    "source_id": "Woolworths - 884880",
    "barcode": "9350142002440",
    "shop": "Woolworths",
    "weight": "1L",
    "prices": [
      {
        "state": "VIC",
        "price": "650",
        "price_per_unit": "433",
        "price_unit": "L"
      },
      {
        "state": "QLD",
        "price": "650",
        "price_per_unit": "433",
        "price_unit": "L"
      },
      {
        "state": "WA",
        "price": "650",
        "price_per_unit": "433",
        "price_unit": "L"
      },
      {
        "state": "SA",
        "price": "650",
        "price_per_unit": "433",
        "price_unit": "L"
      },
      {
        "state": "TAS",
        "price": "650",
        "price_per_unit": "433",
        "price_unit": "L"
      },
      {
        "state": "ACT",
        "price": "650",
        "price_per_unit": "433",
        "price_unit": "L"
      },
      {
        "state": "NT",
        "price": "650",
        "price_per_unit": "433",
        "price_unit": "L"
      }
    ]
  },
  {
    "source_url": "https://www.woolworths.com.au/shop/productdetails/229453/original-juice-co-veggie-goodness-spinach-zucchini-kale",
    "name": "Original Juice Co. Veggie Goodness Spinach Zucchini Kale 1l",
    "image_url": "https://cdn1.woolworths.media/content/wowproductimages/large/229453.jpg",
    "source_id": "Woolworths - 229453",
    "barcode": "9350142002037",
    "shop": "Woolworths",
    "weight": "1L",
    "prices": [
      {
        "state": "VIC",
        "price": "600",
        "price_per_unit": "600",
        "price_unit": "L"
      },
      {
        "state": "WA",
        "price": "600",
        "price_per_unit": "600",
        "price_unit": "L"
      },
      {
        "state": "TAS",
        "price": "600",
        "price_per_unit": "600",
        "price_unit": "L"
      },
      {
        "state": "ACT",
        "price": "600",
        "price_per_unit": "600",
        "price_unit": "L"
      },
      {
        "state": "NT",
        "price": "600",
        "price_per_unit": "600",
        "price_unit": "L"
      }
    ]
  },
  {
    "source_url": "https://www.woolworths.com.au/shop/productdetails/67622/preshafruit-pink-lady-apple-juice",
    "name": "Preshafruit Pink Lady Apple Juice 2l",
    "image_url": "https://cdn1.woolworths.media/content/wowproductimages/large/067622.jpg",
    "source_id": "Woolworths - 67622",
    "barcode": "9341181001259",
    "shop": "Woolworths",
    "weight": "1L",
    "prices": [
      {
        "state": "VIC",
        "price": "600",
        "price_per_unit": "300",
        "price_unit": "L"
      },
      {
        "state": "QLD",
        "price": "600",
        "price_per_unit": "300",
        "price_unit": "L"
      },
      {
        "state": "WA",
        "price": "600",
        "price_per_unit": "300",
        "price_unit": "L"
      },
      {
        "state": "SA",
        "price": "600",
        "price_per_unit": "300",
        "price_unit": "L"
      },
      {
        "state": "TAS",
        "price": "600",
        "price_per_unit": "300",
        "price_unit": "L"
      },
      {
        "state": "ACT",
        "price": "600",
        "price_per_unit": "300",
        "price_unit": "L"
      },
      {
        "state": "NT",
        "price": "600",
        "price_per_unit": "300",
        "price_unit": "L"
      }
    ]
  },
  {
    "source_url": "https://www.woolworths.com.au/shop/productdetails/625986/pure-tassie-organic-apple-juice",
    "name": "Pure Tassie Organic Apple Juice 1.5l",
    "image_url": "https://cdn1.woolworths.media/content/wowproductimages/large/625986.jpg",
    "source_id": "Woolworths - 625986",
    "barcode": "9315251901183",
    "shop": "Woolworths",
    "weight": "1L",
    "prices": [
      {
        "state": "VIC",
        "price": "650",
        "price_per_unit": "433",
        "price_unit": "L"
      }
    ]
  },
  {
    "source_url": "https://www.woolworths.com.au/shop/productdetails/901661/raw-c-pure-natural-coconut-water-pineapple",
    "name": "Raw C Pure Natural Coconut Water Pineapple 325mL",
    "image_url": "https://cdn1.woolworths.media/content/wowproductimages/large/901661.jpg",
    "source_id": "Woolworths - 901661",
    "barcode": "9349622000380",
    "shop": "Woolworths",
    "weight": "1L",
    "prices": [
      {
        "state": "VIC",
        "price": "250",
        "price_per_unit": "769",
        "price_unit": "L"
      }
    ]
  },
  {
    "source_url": "https://www.woolworths.com.au/shop/productdetails/902973/raw-c-pure-natural-coconut-water-watermelon",
    "name": "Raw C Pure Natural Coconut Water Watermelon 325mL",
    "image_url": "https://cdn1.woolworths.media/content/wowproductimages/large/902973.jpg",
    "source_id": "Woolworths - 902973",
    "barcode": "9349622000397",
    "shop": "Woolworths",
    "weight": "1L",
    "prices": [
      {
        "state": "VIC",
        "price": "250",
        "price_per_unit": "769",
        "price_unit": "L"
      }
    ]
  },
  {
    "source_url": "https://www.woolworths.com.au/shop/productdetails/134651/remedy-switchel-pineapple",
    "name": "Remedy Switchel Pineapple 750ml",
    "image_url": "https://cdn1.woolworths.media/content/wowproductimages/large/134651.jpg",
    "source_id": "Woolworths - 134651",
    "barcode": "9350271002281",
    "shop": "Woolworths",
    "weight": "1L",
    "prices": []
  },
  {
    "source_url": "https://www.woolworths.com.au/shop/productdetails/111245/spreyton-premium-apple-juice",
    "name": "Spreyton Premium Apple Juice 2l",
    "image_url": "https://cdn1.woolworths.media/content/wowproductimages/large/111245.jpg",
    "source_id": "Woolworths - 111245",
    "barcode": "9325108000051",
    "shop": "Woolworths",
    "weight": "1L",
    "prices": [
      {
        "state": "VIC",
        "price": "690",
        "price_per_unit": "345",
        "price_unit": "L"
      }
    ]
  },
  {
    "source_url": "https://www.woolworths.com.au/shop/productdetails/841034/the-great-australian-squeeze-fresh-orange-juice",
    "name": "The Great Australian Squeeze Fresh Orange Juice 2l",
    "image_url": "https://cdn1.woolworths.media/content/wowproductimages/large/841034.jpg",
    "source_id": "Woolworths - 841034",
    "barcode": "9369999043995",
    "shop": "Woolworths",
    "weight": "1L",
    "prices": [
      {
        "state": "VIC",
        "price": "780",
        "price_per_unit": "390",
        "price_unit": "L"
      }
    ]
  },
  {
    "source_url": "https://www.woolworths.com.au/shop/productdetails/232004/the-great-australian-squeeze-orange-juice",
    "name": "The Great Australian Squeeze Orange Juice 500ml",
    "image_url": "https://cdn1.woolworths.media/content/wowproductimages/large/232004.jpg",
    "source_id": "Woolworths - 232004",
    "barcode": "9349719000064",
    "shop": "Woolworths",
    "weight": "1L",
    "prices": [
      {
        "state": "VIC",
        "price": "290",
        "price_per_unit": "580",
        "price_unit": "L"
      }
    ]
  },
  {
    "source_url": "https://www.woolworths.com.au/shop/productdetails/387149/youjuice-golden-sunrise-juice",
    "name": "YouJuice Golden Sunrise Juice 350ml",
    "image_url": "https://cdn1.woolworths.media/content/wowproductimages/large/387149.jpg",
    "source_id": "Woolworths - 387149",
    "barcode": "9354849006510",
    "shop": "Woolworths",
    "weight": "1L",
    "prices": [
      {
        "state": "VIC",
        "price": "400",
        "price_per_unit": "1143",
        "price_unit": "L"
      },
      {
        "state": "QLD",
        "price": "400",
        "price_per_unit": "1143",
        "price_unit": "L"
      },
      {
        "state": "WA",
        "price": "400",
        "price_per_unit": "1143",
        "price_unit": "L"
      },
      {
        "state": "SA",
        "price": "400",
        "price_per_unit": "1143",
        "price_unit": "L"
      },
      {
        "state": "NT",
        "price": "400",
        "price_per_unit": "1143",
        "price_unit": "L"
      }
    ]
  },
  {
    "source_url": "https://www.woolworths.com.au/shop/productdetails/101554/grove-juice-signature-cold-pressed-orange-juice-with-pulp",
    "name": "Grove Juice Signature Cold Pressed Orange Juice With Pulp 350ml",
    "image_url": "https://cdn1.woolworths.media/content/wowproductimages/large/101554.jpg",
    "source_id": "Woolworths - 101554",
    "barcode": "9314102530350",
    "shop": "Woolworths",
    "weight": "1L",
    "prices": [
      {
        "state": "QLD",
        "price": "300",
        "price_per_unit": "857",
        "price_unit": "L"
      }
    ]
  },
  {
    "source_url": "https://www.woolworths.com.au/shop/productdetails/852420/woolworths-orange-juice",
    "name": "Woolworths Orange Juice 3l",
    "image_url": "https://cdn1.woolworths.media/content/wowproductimages/large/852420.jpg",
    "source_id": "Woolworths - 852420",
    "barcode": "9339687084937",
    "shop": "Woolworths",
    "weight": "1L",
    "prices": [
      {
        "state": "QLD",
        "price": "650",
        "price_per_unit": "217",
        "price_unit": "L"
      }
    ]
  },
  {
    "source_url": "https://www.woolworths.com.au/shop/productdetails/696916/brownes-dairy-orange-mango-25-fruit-drink-juice",
    "name": "Brownes Dairy Orange & Mango 25% Fruit Drink Juice 2l",
    "image_url": "https://cdn1.woolworths.media/content/wowproductimages/large/696916.jpg",
    "source_id": "Woolworths - 696916",
    "barcode": "9300662432241",
    "shop": "Woolworths",
    "weight": "1L",
    "prices": [
      {
        "state": "WA",
        "price": "395",
        "price_per_unit": "198",
        "price_unit": "L"
      }
    ]
  },
  {
    "source_url": "https://www.woolworths.com.au/shop/productdetails/696917/brownes-dairy-orange-c-pulp-free-juice-drink",
    "name": "Brownes Dairy Orange c Pulp Free Juice Drink 2l",
    "image_url": "https://cdn1.woolworths.media/content/wowproductimages/large/696917.jpg",
    "source_id": "Woolworths - 696917",
    "barcode": "9300662432081",
    "shop": "Woolworths",
    "weight": "1L",
    "prices": [
      {
        "state": "WA",
        "price": "650",
        "price_per_unit": "325",
        "price_unit": "L"
      }
    ]
  },
  {
    "source_url": "https://www.woolworths.com.au/shop/productdetails/390447/brownes-dairy-orange-fruit-drink",
    "name": "Brownes Dairy Orange Fruit Drink 750ml",
    "image_url": "https://cdn1.woolworths.media/content/wowproductimages/large/390447.jpg",
    "source_id": "Woolworths - 390447",
    "barcode": "9300662891147",
    "shop": "Woolworths",
    "weight": "1L",
    "prices": [
      {
        "state": "WA",
        "price": "260",
        "price_per_unit": "347",
        "price_unit": "L"
      }
    ]
  },
  {
    "source_url": "https://www.woolworths.com.au/shop/productdetails/696915/brownes-dairy-orange-mango-fruit-drink",
    "name": "Brownes Orange & Mango Fruit Drink 3l",
    "image_url": "https://cdn1.woolworths.media/content/wowproductimages/large/696915.jpg",
    "source_id": "Woolworths - 696915",
    "barcode": "9300662886839",
    "shop": "Woolworths",
    "weight": "1L",
    "prices": [
      {
        "state": "WA",
        "price": "595",
        "price_per_unit": "198",
        "price_unit": "L"
      }
    ]
  },
  {
    "source_url": "https://www.woolworths.com.au/shop/productdetails/45606/brownes-dairy-orange-25-fruit-drink",
    "name": "Brownes Orange 25% Fruit Drink 2l",
    "image_url": "https://cdn1.woolworths.media/content/wowproductimages/large/045606.jpg",
    "source_id": "Woolworths - 45606",
    "barcode": "9300662114604",
    "shop": "Woolworths",
    "weight": "1L",
    "prices": [
      {
        "state": "WA",
        "price": "395",
        "price_per_unit": "198",
        "price_unit": "L"
      }
    ]
  },
  {
    "source_url": "https://www.woolworths.com.au/shop/productdetails/112925/brownes-dairy-orange-25-fruit-drink",
    "name": "Brownes Orange 25% Fruit Drink 3l",
    "image_url": "https://cdn1.woolworths.media/content/wowproductimages/large/112925.jpg",
    "source_id": "Woolworths - 112925",
    "barcode": "9300662485957",
    "shop": "Woolworths",
    "weight": "1L",
    "prices": [
      {
        "state": "WA",
        "price": "595",
        "price_per_unit": "198",
        "price_unit": "L"
      }
    ]
  },
  {
    "source_url": "https://www.woolworths.com.au/shop/productdetails/134687/brownes-dairy-orange-25-fruit-drink",
    "name": "Brownes Orange 25% Fruit Drink 600ml",
    "image_url": "https://cdn1.woolworths.media/content/wowproductimages/large/134687.jpg",
    "source_id": "Woolworths - 134687",
    "barcode": "9300662120629",
    "shop": "Woolworths",
    "weight": "1L",
    "prices": [
      {
        "state": "WA",
        "price": "250",
        "price_per_unit": "417",
        "price_unit": "L"
      }
    ]
  },
  {
    "source_url": "https://www.woolworths.com.au/shop/productdetails/479979/harvey-fresh-apple-blackcurrant-juice",
    "name": "Harvey Fresh Apple & Blackcurrant Juice 450ml",
    "image_url": "https://cdn1.woolworths.media/content/wowproductimages/large/479979.jpg",
    "source_id": "Woolworths - 479979",
    "barcode": "9311697107592",
    "shop": "Woolworths",
    "weight": "1L",
    "prices": [
      {
        "state": "WA",
        "price": "375",
        "price_per_unit": "833",
        "price_unit": "L"
      }
    ]
  },
  {
    "source_url": "https://www.woolworths.com.au/shop/productdetails/480003/harvey-fresh-apple-juice",
    "name": "Harvey Fresh Apple Juice 450ml",
    "image_url": "https://cdn1.woolworths.media/content/wowproductimages/large/480003.jpg",
    "source_id": "Woolworths - 480003",
    "barcode": "9311697107516",
    "shop": "Woolworths",
    "weight": "1L",
    "prices": [
      {
        "state": "WA",
        "price": "375",
        "price_per_unit": "833",
        "price_unit": "L"
      }
    ]
  },
  {
    "source_url": "https://www.woolworths.com.au/shop/productdetails/935757/harvey-fresh-apple-juice-fresh-100-",
    "name": "Harvey Fresh Apple Juice Fresh 100% 2l",
    "image_url": "https://cdn1.woolworths.media/content/wowproductimages/large/935757.jpg",
    "source_id": "Woolworths - 935757",
    "barcode": "9311697103457",
    "shop": "Woolworths",
    "weight": "1L",
    "prices": [
      {
        "state": "WA",
        "price": "795",
        "price_per_unit": "398",
        "price_unit": "L"
      }
    ]
  },
  {
    "source_url": "https://www.woolworths.com.au/shop/productdetails/785212/harvey-fresh-orange-mango-juice",
    "name": "Harvey Fresh Orange & Mango Juice 2l",
    "image_url": "https://cdn1.woolworths.media/content/wowproductimages/large/785212.jpg",
    "source_id": "Woolworths - 785212",
    "barcode": "9311697103471",
    "shop": "Woolworths",
    "weight": "1L",
    "prices": [
      {
        "state": "WA",
        "price": "795",
        "price_per_unit": "398",
        "price_unit": "L"
      }
    ]
  },
  {
    "source_url": "https://www.woolworths.com.au/shop/productdetails/716957/harvey-fresh-orange-passionfruit-juice",
    "name": "Harvey Fresh Orange & Passionfruit Juice 3l",
    "image_url": "https://cdn1.woolworths.media/content/wowproductimages/large/716957.jpg",
    "source_id": "Woolworths - 716957",
    "barcode": "9311697107486",
    "shop": "Woolworths",
    "weight": "1L",
    "prices": [
      {
        "state": "WA",
        "price": "650",
        "price_per_unit": "217",
        "price_unit": "L"
      }
    ]
  },
  {
    "source_url": "https://www.woolworths.com.au/shop/productdetails/186424/harvey-fresh-orange-100-juice",
    "name": "Harvey Fresh Orange 100% Juice 2l",
    "image_url": "https://cdn1.woolworths.media/content/wowproductimages/large/186424.jpg",
    "source_id": "Woolworths - 186424",
    "barcode": "9311697103440",
    "shop": "Woolworths",
    "weight": "1L",
    "prices": [
      {
        "state": "WA",
        "price": "795",
        "price_per_unit": "398",
        "price_unit": "L"
      }
    ]
  },
  {
    "source_url": "https://www.woolworths.com.au/shop/productdetails/146624/harvey-fresh-orange-100-juice",
    "name": "Harvey Fresh Orange 100% Juice 3l",
    "image_url": "https://cdn1.woolworths.media/content/wowproductimages/large/146624.jpg",
    "source_id": "Woolworths - 146624",
    "barcode": "9311697102160",
    "shop": "Woolworths",
    "weight": "1L",
    "prices": [
      {
        "state": "WA",
        "price": "1095",
        "price_per_unit": "365",
        "price_unit": "L"
      }
    ]
  },
  {
    "source_url": "https://www.woolworths.com.au/shop/productdetails/186430/harvey-fresh-orange-100-pulp-free-juice",
    "name": "Harvey Fresh Orange 100% Pulp Free Juice 2l",
    "image_url": "https://cdn1.woolworths.media/content/wowproductimages/large/186430.jpg",
    "source_id": "Woolworths - 186430",
    "barcode": "9310036087625",
    "shop": "Woolworths",
    "weight": "1L",
    "prices": [
      {
        "state": "WA",
        "price": "795",
        "price_per_unit": "398",
        "price_unit": "L"
      }
    ]
  },
  {
    "source_url": "https://www.woolworths.com.au/shop/productdetails/479985/harvey-fresh-orange-juice",
    "name": "Harvey Fresh Orange Juice 450ml",
    "image_url": "https://cdn1.woolworths.media/content/wowproductimages/large/479985.jpg",
    "source_id": "Woolworths - 479985",
    "barcode": "9311697107530",
    "shop": "Woolworths",
    "weight": "1L",
    "prices": [
      {
        "state": "WA",
        "price": "375",
        "price_per_unit": "833",
        "price_unit": "L"
      }
    ]
  },
  {
    "source_url": "https://www.woolworths.com.au/shop/productdetails/27107/harvey-fresh-orange-juice-drink-juice",
    "name": "Harvey Fresh Orange Juice Drink Juice 1l",
    "image_url": "https://cdn1.woolworths.media/content/wowproductimages/large/027107.jpg",
    "source_id": "Woolworths - 27107",
    "barcode": "9311697100081",
    "shop": "Woolworths",
    "weight": "1L",
    "prices": [
      {
        "state": "WA",
        "price": "550",
        "price_per_unit": "550",
        "price_unit": "L"
      }
    ]
  },
  {
    "source_url": "https://www.woolworths.com.au/shop/productdetails/935764/harvey-fresh-orange-juice-fresh-100-pulp-free",
    "name": "Harvey Fresh Orange Juice Fresh 100% Pulp Free 3l",
    "image_url": "https://cdn1.woolworths.media/content/wowproductimages/large/935764.jpg",
    "source_id": "Woolworths - 935764",
    "barcode": "9311697103839",
    "shop": "Woolworths",
    "weight": "1L",
    "prices": [
      {
        "state": "WA",
        "price": "1095",
        "price_per_unit": "365",
        "price_unit": "L"
      }
    ]
  },
  {
    "source_url": "https://www.woolworths.com.au/shop/productdetails/390746/hello-sunshine-20g-protein-shot-iced-coffee",
    "name": "Hello Sunshine 20g Protein Shot Iced Coffee 100ml",
    "image_url": "https://cdn1.woolworths.media/content/wowproductimages/large/390746.jpg",
    "source_id": "Woolworths - 390746",
    "barcode": "9348470001242",
    "shop": "Woolworths",
    "weight": "1L",
    "prices": [
      {
        "state": "ACT",
        "price": "360",
        "price_per_unit": "3600",
        "price_unit": "L"
      }
    ]
  },
  {
    "source_url": "https://www.woolworths.com.au/shop/productdetails/190085/rok-kombucha-berry-beats-bottle",
    "name": "Rok Kombucha Berry Beats Bottle 330ml",
    "image_url": "https://cdn1.woolworths.media/content/wowproductimages/large/190085.jpg",
    "source_id": "Woolworths - 190085",
    "barcode": "9352506000284",
    "shop": "Woolworths",
    "weight": "1L",
    "prices": [
      {
        "state": "WA",
        "price": "470",
        "price_per_unit": "1424",
        "price_unit": "L"
      }
    ]
  },
  {
    "source_url": "https://www.woolworths.com.au/shop/productdetails/190716/rok-kombucha-ginger-pop",
    "name": "Rok Kombucha Ginger Pop 330ml",
    "image_url": "https://cdn1.woolworths.media/content/wowproductimages/large/190716.jpg",
    "source_id": "Woolworths - 190716",
    "barcode": "9352506000277",
    "shop": "Woolworths",
    "weight": "1L",
    "prices": [
      {
        "state": "WA",
        "price": "470",
        "price_per_unit": "1424",
        "price_unit": "L"
      }
    ]
  },
  {
    "source_url": "https://www.woolworths.com.au/shop/productdetails/190947/rok-kombucha-passionfruit-rap",
    "name": "Rok Kombucha Passionfruit Rap 330ml",
    "image_url": "https://cdn1.woolworths.media/content/wowproductimages/large/190947.jpg",
    "source_id": "Woolworths - 190947",
    "barcode": "9352506000291",
    "shop": "Woolworths",
    "weight": "1L",
    "prices": [
      {
        "state": "WA",
        "price": "470",
        "price_per_unit": "1424",
        "price_unit": "L"
      }
    ]
  },
  {
    "source_url": "https://www.woolworths.com.au/shop/productdetails/112090/tempt-apple-25-fruit-drinks",
    "name": "Tempt Apple 25% Fruit Drinks 3l",
    "image_url": "https://cdn1.woolworths.media/content/wowproductimages/large/112090.jpg",
    "source_id": "Woolworths - 112090",
    "barcode": "9311697102177",
    "shop": "Woolworths",
    "weight": "1L",
    "prices": [
      {
        "state": "WA",
        "price": "650",
        "price_per_unit": "217",
        "price_unit": "L"
      }
    ]
  },
  {
    "source_url": "https://www.woolworths.com.au/shop/productdetails/108431/tempt-orange-mango-25-fruit-drinks",
    "name": "Tempt Orange & Mango 25% Fruit Drinks 3l",
    "image_url": "https://cdn1.woolworths.media/content/wowproductimages/large/108431.jpg",
    "source_id": "Woolworths - 108431",
    "barcode": "9311697101927",
    "shop": "Woolworths",
    "weight": "1L",
    "prices": [
      {
        "state": "WA",
        "price": "650",
        "price_per_unit": "217",
        "price_unit": "L"
      }
    ]
  },
  {
    "source_url": "https://www.woolworths.com.au/shop/productdetails/108430/tempt-orange-25-fruit-drinks",
    "name": "Tempt Orange 25% Fruit Drinks 3l",
    "image_url": "https://cdn1.woolworths.media/content/wowproductimages/large/108430.jpg",
    "source_id": "Woolworths - 108430",
    "barcode": "9311697101668",
    "shop": "Woolworths",
    "weight": "1L",
    "prices": [
      {
        "state": "WA",
        "price": "650",
        "price_per_unit": "217",
        "price_unit": "L"
      }
    ]
  },
  {
    "source_url": "https://www.woolworths.com.au/shop/productdetails/36201/jiva-kombucha-watermelon-mint",
    "name": "Jiva Kombucha Watermelon & Mint 750ml",
    "image_url": "https://cdn1.woolworths.media/content/wowproductimages/large/036201.jpg",
    "source_id": "Woolworths - 36201",
    "barcode": "784927331200",
    "shop": "Woolworths",
    "weight": "1L",
    "prices": [
      {
        "state": "SA",
        "price": "600",
        "price_per_unit": "800",
        "price_unit": "L"
      },
      {
        "state": "TAS",
        "price": "600",
        "price_per_unit": "800",
        "price_unit": "L"
      }
    ]
  },
  {
    "source_url": "https://www.woolworths.com.au/shop/productdetails/194402/nippy-s-apple-ginger-juice",
    "name": "Nippy's Apple & Ginger Juice 1l",
    "image_url": "https://cdn1.woolworths.media/content/wowproductimages/large/194402.jpg",
    "source_id": "Woolworths - 194402",
    "barcode": "9311336020275",
    "shop": "Woolworths",
    "weight": "1L",
    "prices": [
      {
        "state": "SA",
        "price": "550",
        "price_per_unit": "550",
        "price_unit": "L"
      },
      {
        "state": "NT",
        "price": "550",
        "price_per_unit": "550",
        "price_unit": "L"
      }
    ]
  },
  {
    "source_url": "https://www.woolworths.com.au/shop/productdetails/193749/nippy-s-cloudy-apple-juice",
    "name": "Nippy's Cloudy Apple Juice 1l",
    "image_url": "https://cdn1.woolworths.media/content/wowproductimages/large/193749.jpg",
    "source_id": "Woolworths - 193749",
    "barcode": "9311336020312",
    "shop": "Woolworths",
    "weight": "1L",
    "prices": [
      {
        "state": "SA",
        "price": "550",
        "price_per_unit": "550",
        "price_unit": "L"
      },
      {
        "state": "NT",
        "price": "550",
        "price_per_unit": "550",
        "price_unit": "L"
      }
    ]
  },
  {
    "source_url": "https://www.woolworths.com.au/shop/productdetails/717161/nippy-s-orange-mango-juice",
    "name": "Nippy's Orange & Mango Juice 500ml",
    "image_url": "https://cdn1.woolworths.media/content/wowproductimages/large/717161.jpg",
    "source_id": "Woolworths - 717161",
    "barcode": "93364591",
    "shop": "Woolworths",
    "weight": "1L",
    "prices": [
      {
        "state": "SA",
        "price": "395",
        "price_per_unit": "790",
        "price_unit": "L"
      },
      {
        "state": "NT",
        "price": "395",
        "price_per_unit": "790",
        "price_unit": "L"
      }
    ]
  },
  {
    "source_url": "https://www.woolworths.com.au/shop/productdetails/193378/nippy-s-orange-juice",
    "name": "Nippy's Orange Juice 1l",
    "image_url": "https://cdn1.woolworths.media/content/wowproductimages/large/193378.jpg",
    "source_id": "Woolworths - 193378",
    "barcode": "9311336020329",
    "shop": "Woolworths",
    "weight": "1L",
    "prices": [
      {
        "state": "SA",
        "price": "550",
        "price_per_unit": "550",
        "price_unit": "L"
      },
      {
        "state": "NT",
        "price": "550",
        "price_per_unit": "550",
        "price_unit": "L"
      }
    ]
  },
  {
    "source_url": "https://www.woolworths.com.au/shop/productdetails/18785/nippy-s-orange-juice",
    "name": "Nippy's Orange Juice 2l",
    "image_url": "https://cdn1.woolworths.media/content/wowproductimages/large/018785.jpg",
    "source_id": "Woolworths - 18785",
    "barcode": "9311336000550",
    "shop": "Woolworths",
    "weight": "1L",
    "prices": [
      {
        "state": "SA",
        "price": "800",
        "price_per_unit": "400",
        "price_unit": "L"
      },
      {
        "state": "NT",
        "price": "800",
        "price_per_unit": "400",
        "price_unit": "L"
      }
    ]
  },
  {
    "source_url": "https://www.woolworths.com.au/shop/productdetails/786200/nippy-s-pulp-free-unsweetened-orange-juice",
    "name": "Nippy's Pulp Free Unsweetened Orange Juice 2l",
    "image_url": "https://cdn1.woolworths.media/content/wowproductimages/large/786200.jpg",
    "source_id": "Woolworths - 786200",
    "barcode": "9311336020008",
    "shop": "Woolworths",
    "weight": "1L",
    "prices": [
      {
        "state": "SA",
        "price": "800",
        "price_per_unit": "400",
        "price_unit": "L"
      },
      {
        "state": "NT",
        "price": "800",
        "price_per_unit": "400",
        "price_unit": "L"
      }
    ]
  },
  {
    "source_url": "https://www.woolworths.com.au/shop/productdetails/717118/nippy-s-sweetened-orange-juice",
    "name": "Nippy's Sweetened Orange Juice 500ml",
    "image_url": "https://cdn1.woolworths.media/content/wowproductimages/large/717118.jpg",
    "source_id": "Woolworths - 717118",
    "barcode": "93267472",
    "shop": "Woolworths",
    "weight": "1L",
    "prices": [
      {
        "state": "SA",
        "price": "395",
        "price_per_unit": "790",
        "price_unit": "L"
      },
      {
        "state": "NT",
        "price": "395",
        "price_per_unit": "790",
        "price_unit": "L"
      }
    ]
  },
  {
    "source_url": "https://www.woolworths.com.au/shop/productdetails/786224/nippy-s-unsweetened-apple-juice",
    "name": "Nippy's Unsweetened Apple Juice 2l",
    "image_url": "https://cdn1.woolworths.media/content/wowproductimages/large/786224.jpg",
    "source_id": "Woolworths - 786224",
    "barcode": "9311336000611",
    "shop": "Woolworths",
    "weight": "1L",
    "prices": [
      {
        "state": "SA",
        "price": "620",
        "price_per_unit": "310",
        "price_unit": "L"
      },
      {
        "state": "NT",
        "price": "620",
        "price_per_unit": "310",
        "price_unit": "L"
      }
    ]
  },
  {
    "source_url": "https://www.woolworths.com.au/shop/productdetails/717170/nippy-s-unsweetened-orange-juice",
    "name": "Nippy's Unsweetened Orange Juice 500ml",
    "image_url": "https://cdn1.woolworths.media/content/wowproductimages/large/717170.jpg",
    "source_id": "Woolworths - 717170",
    "barcode": "9311336000642",
    "shop": "Woolworths",
    "weight": "1L",
    "prices": [
      {
        "state": "SA",
        "price": "395",
        "price_per_unit": "790",
        "price_unit": "L"
      },
      {
        "state": "NT",
        "price": "395",
        "price_per_unit": "790",
        "price_unit": "L"
      }
    ]
  },
  {
    "source_url": "https://www.woolworths.com.au/shop/productdetails/212177/grove-juice-vita-cee-orange-juice-juice",
    "name": "Grove Juice Vita-Cee Orange Juice Juice 600ml",
    "image_url": "https://cdn1.woolworths.media/content/wowproductimages/large/212177.jpg",
    "source_id": "Woolworths - 212177",
    "barcode": "9310868006016",
    "shop": "Woolworths",
    "weight": "1L",
    "prices": [
      {
        "state": "TAS",
        "price": "300",
        "price_per_unit": "500",
        "price_unit": "L"
      }
    ]
  },
  {
    "source_url": "https://www.woolworths.com.au/shop/productdetails/170680/juicy-isle-apple-blackcurrant-fruit-drink",
    "name": "Juicy Isle Apple Blackcurrant Fruit Drink 2l",
    "image_url": "https://cdn1.woolworths.media/content/wowproductimages/large/170680.jpg",
    "source_id": "Woolworths - 170680",
    "barcode": "9315251200149",
    "shop": "Woolworths",
    "weight": "1L",
    "prices": [
      {
        "state": "TAS",
        "price": "365",
        "price_per_unit": "183",
        "price_unit": "L"
      }
    ]
  },
  {
    "source_url": "https://www.woolworths.com.au/shop/productdetails/54024/juicy-isle-apple-fruit-drink",
    "name": "Juicy Isle Apple Fruit Drink 2L",
    "image_url": "https://cdn1.woolworths.media/content/wowproductimages/large/054024.jpg",
    "source_id": "Woolworths - 54024",
    "barcode": "9315251903552",
    "shop": "Woolworths",
    "weight": "1L",
    "prices": [
      {
        "state": "TAS",
        "price": "410",
        "price_per_unit": "205",
        "price_unit": "L"
      }
    ]
  },
  {
    "source_url": "https://www.woolworths.com.au/shop/productdetails/129860/juicy-isle-orange-mango-fruit-drink",
    "name": "Juicy Isle Orange & Mango Fruit Drink 2l",
    "image_url": "https://cdn1.woolworths.media/content/wowproductimages/large/129860.jpg",
    "source_id": "Woolworths - 129860",
    "barcode": "9315251200033",
    "shop": "Woolworths",
    "weight": "1L",
    "prices": [
      {
        "state": "TAS",
        "price": "410",
        "price_per_unit": "205",
        "price_unit": "L"
      }
    ]
  },
  {
    "source_url": "https://www.woolworths.com.au/shop/productdetails/132459/juicy-isle-orange-fruit-drink",
    "name": "Juicy Isle Orange Fruit Drink 2l",
    "image_url": "https://cdn1.woolworths.media/content/wowproductimages/large/132459.jpg",
    "source_id": "Woolworths - 132459",
    "barcode": "9315251200057",
    "shop": "Woolworths",
    "weight": "1L",
    "prices": [
      {
        "state": "TAS",
        "price": "410",
        "price_per_unit": "205",
        "price_unit": "L"
      }
    ]
  },
  {
    "source_url": "https://www.woolworths.com.au/shop/productdetails/132393/juicy-isle-orange-juice-no-added-sugar",
    "name": "Juicy Isle Orange Juice No Added Sugar 2l",
    "image_url": "https://cdn1.woolworths.media/content/wowproductimages/large/132393.jpg",
    "source_id": "Woolworths - 132393",
    "barcode": "9315251200026",
    "shop": "Woolworths",
    "weight": "1L",
    "prices": [
      {
        "state": "TAS",
        "price": "750",
        "price_per_unit": "375",
        "price_unit": "L"
      }
    ]
  },
  {
    "source_url": "https://www.woolworths.com.au/shop/productdetails/22355/juicy-isle-pressed-cloudy-apple-juice",
    "name": "Juicy Isle Pressed Cloudy Apple Juice 1.5L",
    "image_url": "https://cdn1.woolworths.media/content/wowproductimages/large/022355.jpg",
    "source_id": "Woolworths - 22355",
    "barcode": "9315251902562",
    "shop": "Woolworths",
    "weight": "1L",
    "prices": [
      {
        "state": "TAS",
        "price": "600",
        "price_per_unit": "400",
        "price_unit": "L"
      }
    ]
  },
  {
    "source_url": "https://www.woolworths.com.au/shop/productdetails/46442/vita-cee-apple-blackcurrant-juice",
    "name": "Vita-Cee Apple & Blackcurrant Juice 2L",
    "image_url": "https://cdn1.woolworths.media/content/wowproductimages/large/046442.jpg",
    "source_id": "Woolworths - 46442",
    "barcode": "9315251901916",
    "shop": "Woolworths",
    "weight": "1L",
    "prices": [
      {
        "state": "TAS",
        "price": "660",
        "price_per_unit": "330",
        "price_unit": "L"
      }
    ]
  },
  {
    "source_url": "https://www.woolworths.com.au/shop/productdetails/100822/vita-cee-breakfast-juice",
    "name": "Vita-Cee Breakfast Juice 600mL",
    "image_url": "https://cdn1.woolworths.media/content/wowproductimages/large/100822.jpg",
    "source_id": "Woolworths - 100822",
    "barcode": "9315251902371",
    "shop": "Woolworths",
    "weight": "1L",
    "prices": [
      {
        "state": "TAS",
        "price": "300",
        "price_per_unit": "500",
        "price_unit": "L"
      }
    ]
  },
  {
    "source_url": "https://www.woolworths.com.au/shop/productdetails/46336/vita-cee-orange-juice",
    "name": "Vita-Cee Orange Juice 2L",
    "image_url": "https://cdn1.woolworths.media/content/wowproductimages/large/046336.jpg",
    "source_id": "Woolworths - 46336",
    "barcode": "9315251901909",
    "shop": "Woolworths",
    "weight": "1L",
    "prices": [
      {
        "state": "TAS",
        "price": "660",
        "price_per_unit": "330",
        "price_unit": "L"
      }
    ]
  },
  {
    "source_url": "https://www.woolworths.com.au/shop/productdetails/46695/vita-cee-orange-juice-no-added-sugar",
    "name": "Vita-Cee Orange Juice No Added Sugar 2L",
    "image_url": "https://cdn1.woolworths.media/content/wowproductimages/large/046695.jpg",
    "source_id": "Woolworths - 46695",
    "barcode": "9315251901893",
    "shop": "Woolworths",
    "weight": "1L",
    "prices": [
      {
        "state": "TAS",
        "price": "660",
        "price_per_unit": "330",
        "price_unit": "L"
      }
    ]
  },
  {
    "source_url": "https://www.woolworths.com.au/shop/productdetails/667856/all-seasons-orange-juice-pulp-free",
    "name": "All Seasons Orange Juice Pulp Free 3l",
    "image_url": "https://cdn1.woolworths.media/content/wowproductimages/large/667856.jpg",
    "source_id": "Woolworths - 667856",
    "barcode": "9311336001496",
    "shop": "Woolworths",
    "weight": "1L",
    "prices": []
  },
  {
    "source_url": "https://www.woolworths.com.au/shop/productdetails/157109/daily-juice-co-apple-blackcurrant-juice",
    "name": "Daily Juice Co Apple & Blackcurrant Juice 2l",
    "image_url": "https://cdn1.woolworths.media/content/wowproductimages/large/157109.jpg",
    "source_id": "Woolworths - 157109",
    "barcode": "9310113904685",
    "shop": "Woolworths",
    "weight": "1L",
    "prices": [
      {
        "state": "NT",
        "price": "520",
        "price_per_unit": "260",
        "price_unit": "L"
      }
    ]
  },
  {
    "source_url": "https://www.woolworths.com.au/shop/productdetails/667900/orange-grove-orange-mango-fruit-drink",
    "name": "Orange Grove Orange & Mango Fruit Drink 2l",
    "image_url": "https://cdn1.woolworths.media/content/wowproductimages/large/667900.jpg",
    "source_id": "Woolworths - 667900",
    "barcode": "9311336020503",
    "shop": "Woolworths",
    "weight": "1L",
    "prices": [
      {
        "state": "NT",
        "price": "360",
        "price_per_unit": "180",
        "price_unit": "L"
      }
    ]
  },
  {
    "source_url": "https://www.woolworths.com.au/shop/productdetails/667857/orange-grove-orange-drink",
    "name": "Orange Grove Orange Drink 2l",
    "image_url": "https://cdn1.woolworths.media/content/wowproductimages/large/667857.jpg",
    "source_id": "Woolworths - 667857",
    "barcode": "9311336000253",
    "shop": "Woolworths",
    "weight": "1L",
    "prices": [
      {
        "state": "NT",
        "price": "360",
        "price_per_unit": "180",
        "price_unit": "L"
      }
    ]
  },
  {
    "source_url": "https://www.woolworths.com.au/shop/productdetails/804347/woolworths-orange-juice-pulp-free",
    "name": "Woolworths Orange Juice Pulp Free 2l",
    "image_url": "https://cdn1.woolworths.media/content/wowproductimages/large/804347.jpg",
    "source_id": "Woolworths - 804347",
    "barcode": "9339687065721",
    "shop": "Woolworths",
    "weight": "1L",
    "prices": [
      {
        "state": "NT",
        "price": "600",
        "price_per_unit": "300",
        "price_unit": "L"
      }
    ]
  }
]