[
  {
    "source_url": "https://www.woolworths.com.au/shop/productdetails/1075498095/average-joe-s-coffee-dark-roast-1kg",
    "name": "Average Joe's Coffee Dark Roast 1kg",
    "image_url": "https://cdn1.woolworths.media/content/wowproductimages/large/1075498095.jpg",
    "source_id": "Woolworths - 1075498095",
    "barcode": "",
    "shop": "Woolworths",
    "weight": "100G",
    "prices": [
      {
        "state": "NSW",
        "price": "3900",
        "price_per_unit": "390",
        "price_unit": "G"
      },
      {
        "state": "VIC",
        "price": "3900",
        "price_per_unit": "390",
        "price_unit": "G"
      },
      {
        "state": "QLD",
        "price": "3900",
        "price_per_unit": "390",
        "price_unit": "G"
      },
      {
        "state": "WA",
        "price": "3900",
        "price_per_unit": "390",
        "price_unit": "G"
      },
      {
        "state": "SA",
        "price": "3900",
        "price_per_unit": "390",
        "price_unit": "G"
      },
      {
        "state": "TAS",
        "price": "3900",
        "price_per_unit": "390",
        "price_unit": "G"
      },
      {
        "state": "ACT",
        "price": "3900",
        "price_per_unit": "390",
        "price_unit": "G"
      },
      {
        "state": "NT",
        "price": "3900",
        "price_per_unit": "390",
        "price_unit": "G"
      },
      {
        "state": "NSW",
        "price": "4900",
        "price_per_unit": "490",
        "price_unit": "G"
      },
      {
        "state": "VIC",
        "price": "4900",
        "price_per_unit": "490",
        "price_unit": "G"
      },
      {
        "state": "QLD",
        "price": "4900",
        "price_per_unit": "490",
        "price_unit": "G"
      },
      {
        "state": "WA",
        "price": "4900",
        "price_per_unit": "490",
        "price_unit": "G"
      },
      {
        "state": "SA",
        "price": "4900",
        "price_per_unit": "490",
        "price_unit": "G"
      },
      {
        "state": "TAS",
        "price": "4900",
        "price_per_unit": "490",
        "price_unit": "G"
      },
      {
        "state": "ACT",
        "price": "4900",
        "price_per_unit": "490",
        "price_unit": "G"
      },
      {
        "state": "NT",
        "price": "4900",
        "price_per_unit": "490",
        "price_unit": "G"
      }
    ]
  },
  {
    "source_url": "https://www.woolworths.com.au/shop/productdetails/1075498110/average-joe-s-coffee-dark-roast-250g",
    "name": "Average Joe's Coffee Dark Roast 250g",
    "image_url": "https://cdn1.woolworths.media/content/wowproductimages/large/1075498110.jpg",
    "source_id": "Woolworths - 1075498110",
    "barcode": "",
    "shop": "Woolworths",
    "weight": "100G",
    "prices": [
      {
        "state": "NSW",
        "price": "1400",
        "price_per_unit": "560",
        "price_unit": "G"
      },
      {
        "state": "VIC",
        "price": "1400",
        "price_per_unit": "560",
        "price_unit": "G"
      },
      {
        "state": "QLD",
        "price": "1400",
        "price_per_unit": "560",
        "price_unit": "G"
      },
      {
        "state": "WA",
        "price": "1400",
        "price_per_unit": "560",
        "price_unit": "G"
      },
      {
        "state": "SA",
        "price": "1400",
        "price_per_unit": "560",
        "price_unit": "G"
      },
      {
        "state": "TAS",
        "price": "1400",
        "price_per_unit": "560",
        "price_unit": "G"
      },
      {
        "state": "ACT",
        "price": "1400",
        "price_per_unit": "560",
        "price_unit": "G"
      },
      {
        "state": "NT",
        "price": "1400",
        "price_per_unit": "560",
        "price_unit": "G"
      },
      {
        "state": "NSW",
        "price": "1900",
        "price_per_unit": "760",
        "price_unit": "G"
      },
      {
        "state": "VIC",
        "price": "1900",
        "price_per_unit": "760",
        "price_unit": "G"
      },
      {
        "state": "QLD",
        "price": "1900",
        "price_per_unit": "760",
        "price_unit": "G"
      },
      {
        "state": "WA",
        "price": "1900",
        "price_per_unit": "760",
        "price_unit": "G"
      },
      {
        "state": "SA",
        "price": "1900",
        "price_per_unit": "760",
        "price_unit": "G"
      },
      {
        "state": "TAS",
        "price": "1900",
        "price_per_unit": "760",
        "price_unit": "G"
      },
      {
        "state": "ACT",
        "price": "1900",
        "price_per_unit": "760",
        "price_unit": "G"
      },
      {
        "state": "NT",
        "price": "1900",
        "price_per_unit": "760",
        "price_unit": "G"
      }
    ]
  },
  {
    "source_url": "https://www.woolworths.com.au/shop/productdetails/1075498111/average-joe-s-coffee-light-roast-1kg",
    "name": "Average Joe's Coffee Light Roast 1kg",
    "image_url": "https://cdn1.woolworths.media/content/wowproductimages/large/1075498111.jpg",
    "source_id": "Woolworths - 1075498111",
    "barcode": "",
    "shop": "Woolworths",
    "weight": "100G",
    "prices": [
      {
        "state": "NSW",
        "price": "3900",
        "price_per_unit": "390",
        "price_unit": "G"
      },
      {
        "state": "VIC",
        "price": "3900",
        "price_per_unit": "390",
        "price_unit": "G"
      },
      {
        "state": "QLD",
        "price": "3900",
        "price_per_unit": "390",
        "price_unit": "G"
      },
      {
        "state": "WA",
        "price": "3900",
        "price_per_unit": "390",
        "price_unit": "G"
      },
      {
        "state": "SA",
        "price": "3900",
        "price_per_unit": "390",
        "price_unit": "G"
      },
      {
        "state": "TAS",
        "price": "3900",
        "price_per_unit": "390",
        "price_unit": "G"
      },
      {
        "state": "ACT",
        "price": "3900",
        "price_per_unit": "390",
        "price_unit": "G"
      },
      {
        "state": "NT",
        "price": "3900",
        "price_per_unit": "390",
        "price_unit": "G"
      },
      {
        "state": "NSW",
        "price": "4900",
        "price_per_unit": "490",
        "price_unit": "G"
      },
      {
        "state": "VIC",
        "price": "4900",
        "price_per_unit": "490",
        "price_unit": "G"
      },
      {
        "state": "QLD",
        "price": "4900",
        "price_per_unit": "490",
        "price_unit": "G"
      },
      {
        "state": "WA",
        "price": "4900",
        "price_per_unit": "490",
        "price_unit": "G"
      },
      {
        "state": "SA",
        "price": "4900",
        "price_per_unit": "490",
        "price_unit": "G"
      },
      {
        "state": "TAS",
        "price": "4900",
        "price_per_unit": "490",
        "price_unit": "G"
      },
      {
        "state": "ACT",
        "price": "4900",
        "price_per_unit": "490",
        "price_unit": "G"
      },
      {
        "state": "NT",
        "price": "4900",
        "price_per_unit": "490",
        "price_unit": "G"
      }
    ]
  },
  {
    "source_url": "https://www.woolworths.com.au/shop/productdetails/1075498122/average-joe-s-coffee-light-roast-250g",
    "name": "Average Joe's Coffee Light Roast 250g",
    "image_url": "https://cdn1.woolworths.media/content/wowproductimages/large/1075498122.jpg",
    "source_id": "Woolworths - 1075498122",
    "barcode": "",
    "shop": "Woolworths",
    "weight": "100G",
    "prices": [
      {
        "state": "NSW",
        "price": "1400",
        "price_per_unit": "560",
        "price_unit": "G"
      },
      {
        "state": "VIC",
        "price": "1400",
        "price_per_unit": "560",
        "price_unit": "G"
      },
      {
        "state": "QLD",
        "price": "1400",
        "price_per_unit": "560",
        "price_unit": "G"
      },
      {
        "state": "WA",
        "price": "1400",
        "price_per_unit": "560",
        "price_unit": "G"
      },
      {
        "state": "SA",
        "price": "1400",
        "price_per_unit": "560",
        "price_unit": "G"
      },
      {
        "state": "TAS",
        "price": "1400",
        "price_per_unit": "560",
        "price_unit": "G"
      },
      {
        "state": "ACT",
        "price": "1400",
        "price_per_unit": "560",
        "price_unit": "G"
      },
      {
        "state": "NT",
        "price": "1400",
        "price_per_unit": "560",
        "price_unit": "G"
      },
      {
        "state": "NSW",
        "price": "1900",
        "price_per_unit": "760",
        "price_unit": "G"
      },
      {
        "state": "VIC",
        "price": "1900",
        "price_per_unit": "760",
        "price_unit": "G"
      },
      {
        "state": "QLD",
        "price": "1900",
        "price_per_unit": "760",
        "price_unit": "G"
      },
      {
        "state": "WA",
        "price": "1900",
        "price_per_unit": "760",
        "price_unit": "G"
      },
      {
        "state": "SA",
        "price": "1900",
        "price_per_unit": "760",
        "price_unit": "G"
      },
      {
        "state": "TAS",
        "price": "1900",
        "price_per_unit": "760",
        "price_unit": "G"
      },
      {
        "state": "ACT",
        "price": "1900",
        "price_per_unit": "760",
        "price_unit": "G"
      },
      {
        "state": "NT",
        "price": "1900",
        "price_per_unit": "760",
        "price_unit": "G"
      }
    ]
  },
  {
    "source_url": "https://www.woolworths.com.au/shop/productdetails/1075498123/average-joe-s-coffee-medium-roast-1kg",
    "name": "Average Joe's Coffee Medium Roast 1kg",
    "image_url": "https://cdn1.woolworths.media/content/wowproductimages/large/1075498123.jpg",
    "source_id": "Woolworths - 1075498123",
    "barcode": "",
    "shop": "Woolworths",
    "weight": "100G",
    "prices": [
      {
        "state": "NSW",
        "price": "3900",
        "price_per_unit": "390",
        "price_unit": "G"
      },
      {
        "state": "VIC",
        "price": "3900",
        "price_per_unit": "390",
        "price_unit": "G"
      },
      {
        "state": "QLD",
        "price": "3900",
        "price_per_unit": "390",
        "price_unit": "G"
      },
      {
        "state": "WA",
        "price": "3900",
        "price_per_unit": "390",
        "price_unit": "G"
      },
      {
        "state": "SA",
        "price": "3900",
        "price_per_unit": "390",
        "price_unit": "G"
      },
      {
        "state": "TAS",
        "price": "3900",
        "price_per_unit": "390",
        "price_unit": "G"
      },
      {
        "state": "ACT",
        "price": "3900",
        "price_per_unit": "390",
        "price_unit": "G"
      },
      {
        "state": "NT",
        "price": "3900",
        "price_per_unit": "390",
        "price_unit": "G"
      },
      {
        "state": "NSW",
        "price": "4900",
        "price_per_unit": "490",
        "price_unit": "G"
      },
      {
        "state": "VIC",
        "price": "4900",
        "price_per_unit": "490",
        "price_unit": "G"
      },
      {
        "state": "QLD",
        "price": "4900",
        "price_per_unit": "490",
        "price_unit": "G"
      },
      {
        "state": "WA",
        "price": "4900",
        "price_per_unit": "490",
        "price_unit": "G"
      },
      {
        "state": "SA",
        "price": "4900",
        "price_per_unit": "490",
        "price_unit": "G"
      },
      {
        "state": "TAS",
        "price": "4900",
        "price_per_unit": "490",
        "price_unit": "G"
      },
      {
        "state": "ACT",
        "price": "4900",
        "price_per_unit": "490",
        "price_unit": "G"
      },
      {
        "state": "NT",
        "price": "4900",
        "price_per_unit": "490",
        "price_unit": "G"
      }
    ]
  },
  {
    "source_url": "https://www.woolworths.com.au/shop/productdetails/1075498124/average-joe-s-coffee-medium-roast-250g",
    "name": "Average Joe's Coffee Medium Roast 250g",
    "image_url": "https://cdn1.woolworths.media/content/wowproductimages/large/1075498124.jpg",
    "source_id": "Woolworths - 1075498124",
    "barcode": "",
    "shop": "Woolworths",
    "weight": "100G",
    "prices": [
      {
        "state": "NSW",
        "price": "1400",
        "price_per_unit": "560",
        "price_unit": "G"
      },
      {
        "state": "VIC",
        "price": "1400",
        "price_per_unit": "560",
        "price_unit": "G"
      },
      {
        "state": "QLD",
        "price": "1400",
        "price_per_unit": "560",
        "price_unit": "G"
      },
      {
        "state": "WA",
        "price": "1400",
        "price_per_unit": "560",
        "price_unit": "G"
      },
      {
        "state": "SA",
        "price": "1400",
        "price_per_unit": "560",
        "price_unit": "G"
      },
      {
        "state": "TAS",
        "price": "1400",
        "price_per_unit": "560",
        "price_unit": "G"
      },
      {
        "state": "ACT",
        "price": "1400",
        "price_per_unit": "560",
        "price_unit": "G"
      },
      {
        "state": "NT",
        "price": "1400",
        "price_per_unit": "560",
        "price_unit": "G"
      },
      {
        "state": "NSW",
        "price": "1900",
        "price_per_unit": "760",
        "price_unit": "G"
      },
      {
        "state": "VIC",
        "price": "1900",
        "price_per_unit": "760",
        "price_unit": "G"
      },
      {
        "state": "QLD",
        "price": "1900",
        "price_per_unit": "760",
        "price_unit": "G"
      },
      {
        "state": "WA",
        "price": "1900",
        "price_per_unit": "760",
        "price_unit": "G"
      },
      {
        "state": "SA",
        "price": "1900",
        "price_per_unit": "760",
        "price_unit": "G"
      },
      {
        "state": "TAS",
        "price": "1900",
        "price_per_unit": "760",
        "price_unit": "G"
      },
      {
        "state": "ACT",
        "price": "1900",
        "price_per_unit": "760",
        "price_unit": "G"
      },
      {
        "state": "NT",
        "price": "1900",
        "price_per_unit": "760",
        "price_unit": "G"
      }
    ]
  },
  {
    "source_url": "https://www.woolworths.com.au/shop/productdetails/223402/campos-decaf-coffee-beans",
    "name": "Campos Decaf Coffee Beans 500g",
    "image_url": "https://cdn1.woolworths.media/content/wowproductimages/large/223402.jpg",
    "source_id": "Woolworths - 223402",
    "barcode": "9331437001256",
    "shop": "Woolworths",
    "weight": "100G",
    "prices": [
      {
        "state": "NSW",
        "price": "3350",
        "price_per_unit": "670",
        "price_unit": "G"
      },
      {
        "state": "VIC",
        "price": "3350",
        "price_per_unit": "670",
        "price_unit": "G"
      },
      {
        "state": "QLD",
        "price": "3350",
        "price_per_unit": "670",
        "price_unit": "G"
      },
      {
        "state": "WA",
        "price": "3350",
        "price_per_unit": "670",
        "price_unit": "G"
      },
      {
        "state": "SA",
        "price": "3350",
        "price_per_unit": "670",
        "price_unit": "G"
      },
      {
        "state": "TAS",
        "price": "3350",
        "price_per_unit": "670",
        "price_unit": "G"
      },
      {
        "state": "ACT",
        "price": "3350",
        "price_per_unit": "670",
        "price_unit": "G"
      },
      {
        "state": "NT",
        "price": "3350",
        "price_per_unit": "670",
        "price_unit": "G"
      },
      {
        "state": "NSW",
        "price": "3350",
        "price_per_unit": "670",
        "price_unit": "G"
      },
      {
        "state": "QLD",
        "price": "3350",
        "price_per_unit": "670",
        "price_unit": "G"
      },
      {
        "state": "WA",
        "price": "3350",
        "price_per_unit": "670",
        "price_unit": "G"
      },
      {
        "state": "SA",
        "price": "3350",
        "price_per_unit": "670",
        "price_unit": "G"
      },
      {
        "state": "TAS",
        "price": "3350",
        "price_per_unit": "670",
        "price_unit": "G"
      },
      {
        "state": "ACT",
        "price": "3350",
        "price_per_unit": "670",
        "price_unit": "G"
      },
      {
        "state": "NT",
        "price": "3350",
        "price_per_unit": "670",
        "price_unit": "G"
      }
    ]
  },
  {
    "source_url": "https://www.woolworths.com.au/shop/productdetails/94138/campos-superior-coffee-beans",
    "name": "Campos Superior Coffee Beans 1kg",
    "image_url": "https://cdn1.woolworths.media/content/wowproductimages/large/094138.jpg",
    "source_id": "Woolworths - 94138",
    "barcode": "9331437000709",
    "shop": "Woolworths",
    "weight": "100G",
    "prices": [
      {
        "state": "NSW",
        "price": "5500",
        "price_per_unit": "550",
        "price_unit": "G"
      },
      {
        "state": "VIC",
        "price": "5500",
        "price_per_unit": "550",
        "price_unit": "G"
      },
      {
        "state": "QLD",
        "price": "5500",
        "price_per_unit": "550",
        "price_unit": "G"
      },
      {
        "state": "WA",
        "price": "5500",
        "price_per_unit": "550",
        "price_unit": "G"
      },
      {
        "state": "SA",
        "price": "5500",
        "price_per_unit": "550",
        "price_unit": "G"
      },
      {
        "state": "TAS",
        "price": "5500",
        "price_per_unit": "550",
        "price_unit": "G"
      },
      {
        "state": "ACT",
        "price": "5500",
        "price_per_unit": "550",
        "price_unit": "G"
      },
      {
        "state": "NT",
        "price": "5500",
        "price_per_unit": "550",
        "price_unit": "G"
      },
      {
        "state": "NSW",
        "price": "5500",
        "price_per_unit": "550",
        "price_unit": "G"
      },
      {
        "state": "VIC",
        "price": "5500",
        "price_per_unit": "550",
        "price_unit": "G"
      },
      {
        "state": "QLD",
        "price": "5500",
        "price_per_unit": "550",
        "price_unit": "G"
      },
      {
        "state": "WA",
        "price": "5500",
        "price_per_unit": "550",
        "price_unit": "G"
      },
      {
        "state": "SA",
        "price": "5500",
        "price_per_unit": "550",
        "price_unit": "G"
      },
      {
        "state": "TAS",
        "price": "5500",
        "price_per_unit": "550",
        "price_unit": "G"
      },
      {
        "state": "ACT",
        "price": "5500",
        "price_per_unit": "550",
        "price_unit": "G"
      },
      {
        "state": "NT",
        "price": "5500",
        "price_per_unit": "550",
        "price_unit": "G"
      }
    ]
  },
  {
    "source_url": "https://www.woolworths.com.au/shop/productdetails/94126/campos-superior-coffee-beans",
    "name": "Campos Superior Coffee Beans 500g",
    "image_url": "https://cdn1.woolworths.media/content/wowproductimages/large/094126.jpg",
    "source_id": "Woolworths - 94126",
    "barcode": "9331437000693",
    "shop": "Woolworths",
    "weight": "100G",
    "prices": [
      {
        "state": "NSW",
        "price": "3200",
        "price_per_unit": "640",
        "price_unit": "G"
      },
      {
        "state": "VIC",
        "price": "3200",
        "price_per_unit": "640",
        "price_unit": "G"
      },
      {
        "state": "QLD",
        "price": "3200",
        "price_per_unit": "640",
        "price_unit": "G"
      },
      {
        "state": "WA",
        "price": "3200",
        "price_per_unit": "640",
        "price_unit": "G"
      },
      {
        "state": "SA",
        "price": "3200",
        "price_per_unit": "640",
        "price_unit": "G"
      },
      {
        "state": "TAS",
        "price": "3200",
        "price_per_unit": "640",
        "price_unit": "G"
      },
      {
        "state": "ACT",
        "price": "3200",
        "price_per_unit": "640",
        "price_unit": "G"
      },
      {
        "state": "NT",
        "price": "3200",
        "price_per_unit": "640",
        "price_unit": "G"
      },
      {
        "state": "NSW",
        "price": "3200",
        "price_per_unit": "640",
        "price_unit": "G"
      },
      {
        "state": "VIC",
        "price": "3200",
        "price_per_unit": "640",
        "price_unit": "G"
      },
      {
        "state": "QLD",
        "price": "3200",
        "price_per_unit": "640",
        "price_unit": "G"
      },
      {
        "state": "WA",
        "price": "3200",
        "price_per_unit": "640",
        "price_unit": "G"
      },
      {
        "state": "SA",
        "price": "3200",
        "price_per_unit": "640",
        "price_unit": "G"
      },
      {
        "state": "TAS",
        "price": "3200",
        "price_per_unit": "640",
        "price_unit": "G"
      },
      {
        "state": "ACT",
        "price": "3200",
        "price_per_unit": "640",
        "price_unit": "G"
      },
      {
        "state": "NT",
        "price": "3200",
        "price_per_unit": "640",
        "price_unit": "G"
      }
    ]
  },
  {
    "source_url": "https://www.woolworths.com.au/shop/productdetails/1075434757/coffee-hero-brazil-santos-whole-beans-1kg-new",
    "name": "Coffee Hero Brazil Santos whole beans 1kg / New",
    "image_url": "https://cdn1.woolworths.media/content/wowproductimages/large/1075434757.jpg",
    "source_id": "Woolworths - 1075434757",
    "barcode": "",
    "shop": "Woolworths",
    "weight": "100G",
    "prices": [
      {
        "state": "NSW",
        "price": "6799",
        "price_per_unit": "680",
        "price_unit": "G"
      },
      {
        "state": "VIC",
        "price": "6799",
        "price_per_unit": "680",
        "price_unit": "G"
      },
      {
        "state": "QLD",
        "price": "6799",
        "price_per_unit": "680",
        "price_unit": "G"
      },
      {
        "state": "WA",
        "price": "6799",
        "price_per_unit": "680",
        "price_unit": "G"
      },
      {
        "state": "SA",
        "price": "6799",
        "price_per_unit": "680",
        "price_unit": "G"
      },
      {
        "state": "TAS",
        "price": "6799",
        "price_per_unit": "680",
        "price_unit": "G"
      },
      {
        "state": "ACT",
        "price": "6799",
        "price_per_unit": "680",
        "price_unit": "G"
      },
      {
        "state": "NT",
        "price": "6799",
        "price_per_unit": "680",
        "price_unit": "G"
      },
      {
        "state": "NSW",
        "price": "6799",
        "price_per_unit": "680",
        "price_unit": "G"
      },
      {
        "state": "VIC",
        "price": "6799",
        "price_per_unit": "680",
        "price_unit": "G"
      },
      {
        "state": "QLD",
        "price": "6799",
        "price_per_unit": "680",
        "price_unit": "G"
      },
      {
        "state": "WA",
        "price": "6799",
        "price_per_unit": "680",
        "price_unit": "G"
      },
      {
        "state": "SA",
        "price": "6799",
        "price_per_unit": "680",
        "price_unit": "G"
      },
      {
        "state": "TAS",
        "price": "6799",
        "price_per_unit": "680",
        "price_unit": "G"
      },
      {
        "state": "ACT",
        "price": "6799",
        "price_per_unit": "680",
        "price_unit": "G"
      },
      {
        "state": "NT",
        "price": "6799",
        "price_per_unit": "680",
        "price_unit": "G"
      }
    ]
  },
  {
    "source_url": "https://www.woolworths.com.au/shop/productdetails/1074024183/coffee-hero-colombia-supremo-tenza-valley-whole-beans-1kg",
    "name": "Coffee Hero Colombia Supremo Tenza Valley whole beans 1kg",
    "image_url": "https://cdn1.woolworths.media/content/wowproductimages/large/1074024183.jpg",
    "source_id": "Woolworths - 1074024183",
    "barcode": "",
    "shop": "Woolworths",
    "weight": "100G",
    "prices": [
      {
        "state": "NSW",
        "price": "5799",
        "price_per_unit": "580",
        "price_unit": "G"
      },
      {
        "state": "VIC",
        "price": "5799",
        "price_per_unit": "580",
        "price_unit": "G"
      },
      {
        "state": "QLD",
        "price": "5799",
        "price_per_unit": "580",
        "price_unit": "G"
      },
      {
        "state": "WA",
        "price": "5799",
        "price_per_unit": "580",
        "price_unit": "G"
      },
      {
        "state": "SA",
        "price": "5799",
        "price_per_unit": "580",
        "price_unit": "G"
      },
      {
        "state": "TAS",
        "price": "5799",
        "price_per_unit": "580",
        "price_unit": "G"
      },
      {
        "state": "ACT",
        "price": "5799",
        "price_per_unit": "580",
        "price_unit": "G"
      },
      {
        "state": "NT",
        "price": "5799",
        "price_per_unit": "580",
        "price_unit": "G"
      },
      {
        "state": "NSW",
        "price": "5799",
        "price_per_unit": "580",
        "price_unit": "G"
      },
      {
        "state": "VIC",
        "price": "5799",
        "price_per_unit": "580",
        "price_unit": "G"
      },
      {
        "state": "QLD",
        "price": "5799",
        "price_per_unit": "580",
        "price_unit": "G"
      },
      {
        "state": "WA",
        "price": "5799",
        "price_per_unit": "580",
        "price_unit": "G"
      },
      {
        "state": "SA",
        "price": "5799",
        "price_per_unit": "580",
        "price_unit": "G"
      },
      {
        "state": "TAS",
        "price": "5799",
        "price_per_unit": "580",
        "price_unit": "G"
      },
      {
        "state": "ACT",
        "price": "5799",
        "price_per_unit": "580",
        "price_unit": "G"
      },
      {
        "state": "NT",
        "price": "5799",
        "price_per_unit": "580",
        "price_unit": "G"
      }
    ]
  },
  {
    "source_url": "https://www.woolworths.com.au/shop/productdetails/1074024182/coffee-hero-colombia-supremo-tenza-valley-whole-beans-500g",
    "name": "Coffee Hero Colombia Supremo Tenza Valley whole beans 500g",
    "image_url": "https://cdn1.woolworths.media/content/wowproductimages/large/1074024182.jpg",
    "source_id": "Woolworths - 1074024182",
    "barcode": "",
    "shop": "Woolworths",
    "weight": "100G",
    "prices": [
      {
        "state": "NSW",
        "price": "3499",
        "price_per_unit": "700",
        "price_unit": "G"
      },
      {
        "state": "VIC",
        "price": "3499",
        "price_per_unit": "700",
        "price_unit": "G"
      },
      {
        "state": "QLD",
        "price": "3499",
        "price_per_unit": "700",
        "price_unit": "G"
      },
      {
        "state": "WA",
        "price": "3499",
        "price_per_unit": "700",
        "price_unit": "G"
      },
      {
        "state": "SA",
        "price": "3499",
        "price_per_unit": "700",
        "price_unit": "G"
      },
      {
        "state": "TAS",
        "price": "3499",
        "price_per_unit": "700",
        "price_unit": "G"
      },
      {
        "state": "ACT",
        "price": "3499",
        "price_per_unit": "700",
        "price_unit": "G"
      },
      {
        "state": "NT",
        "price": "3499",
        "price_per_unit": "700",
        "price_unit": "G"
      },
      {
        "state": "NSW",
        "price": "3499",
        "price_per_unit": "700",
        "price_unit": "G"
      },
      {
        "state": "VIC",
        "price": "3499",
        "price_per_unit": "700",
        "price_unit": "G"
      },
      {
        "state": "QLD",
        "price": "3499",
        "price_per_unit": "700",
        "price_unit": "G"
      },
      {
        "state": "WA",
        "price": "3499",
        "price_per_unit": "700",
        "price_unit": "G"
      },
      {
        "state": "SA",
        "price": "3499",
        "price_per_unit": "700",
        "price_unit": "G"
      },
      {
        "state": "TAS",
        "price": "3499",
        "price_per_unit": "700",
        "price_unit": "G"
      },
      {
        "state": "ACT",
        "price": "3499",
        "price_per_unit": "700",
        "price_unit": "G"
      },
      {
        "state": "NT",
        "price": "3499",
        "price_per_unit": "700",
        "price_unit": "G"
      }
    ]
  },
  {
    "source_url": "https://www.woolworths.com.au/shop/productdetails/1074024180/coffee-hero-colombian-decaf-single-origin-whole-beans-1kg",
    "name": "Coffee Hero Colombian Decaf single origin whole beans 1kg",
    "image_url": "https://cdn1.woolworths.media/content/wowproductimages/large/1074024180.jpg",
    "source_id": "Woolworths - 1074024180",
    "barcode": "",
    "shop": "Woolworths",
    "weight": "100G",
    "prices": [
      {
        "state": "NSW",
        "price": "5595",
        "price_per_unit": "560",
        "price_unit": "G"
      },
      {
        "state": "VIC",
        "price": "5595",
        "price_per_unit": "560",
        "price_unit": "G"
      },
      {
        "state": "QLD",
        "price": "5595",
        "price_per_unit": "560",
        "price_unit": "G"
      },
      {
        "state": "WA",
        "price": "5595",
        "price_per_unit": "560",
        "price_unit": "G"
      },
      {
        "state": "SA",
        "price": "5595",
        "price_per_unit": "560",
        "price_unit": "G"
      },
      {
        "state": "TAS",
        "price": "5595",
        "price_per_unit": "560",
        "price_unit": "G"
      },
      {
        "state": "ACT",
        "price": "5595",
        "price_per_unit": "560",
        "price_unit": "G"
      },
      {
        "state": "NT",
        "price": "5595",
        "price_per_unit": "560",
        "price_unit": "G"
      },
      {
        "state": "NSW",
        "price": "5595",
        "price_per_unit": "560",
        "price_unit": "G"
      },
      {
        "state": "VIC",
        "price": "5595",
        "price_per_unit": "560",
        "price_unit": "G"
      },
      {
        "state": "QLD",
        "price": "5595",
        "price_per_unit": "560",
        "price_unit": "G"
      },
      {
        "state": "WA",
        "price": "5595",
        "price_per_unit": "560",
        "price_unit": "G"
      },
      {
        "state": "SA",
        "price": "5595",
        "price_per_unit": "560",
        "price_unit": "G"
      },
      {
        "state": "TAS",
        "price": "5595",
        "price_per_unit": "560",
        "price_unit": "G"
      },
      {
        "state": "ACT",
        "price": "5595",
        "price_per_unit": "560",
        "price_unit": "G"
      },
      {
        "state": "NT",
        "price": "5595",
        "price_per_unit": "560",
        "price_unit": "G"
      }
    ]
  },
  {
    "source_url": "https://www.woolworths.com.au/shop/productdetails/1074024179/coffee-hero-colombian-decaf-single-origin-whole-beans-500g",
    "name": "Coffee Hero Colombian Decaf single origin whole beans 500g",
    "image_url": "https://cdn1.woolworths.media/content/wowproductimages/large/1074024179.jpg",
    "source_id": "Woolworths - 1074024179",
    "barcode": "",
    "shop": "Woolworths",
    "weight": "100G",
    "prices": [
      {
        "state": "NSW",
        "price": "3499",
        "price_per_unit": "700",
        "price_unit": "G"
      },
      {
        "state": "VIC",
        "price": "3499",
        "price_per_unit": "700",
        "price_unit": "G"
      },
      {
        "state": "QLD",
        "price": "3499",
        "price_per_unit": "700",
        "price_unit": "G"
      },
      {
        "state": "WA",
        "price": "3499",
        "price_per_unit": "700",
        "price_unit": "G"
      },
      {
        "state": "SA",
        "price": "3499",
        "price_per_unit": "700",
        "price_unit": "G"
      },
      {
        "state": "TAS",
        "price": "3499",
        "price_per_unit": "700",
        "price_unit": "G"
      },
      {
        "state": "ACT",
        "price": "3499",
        "price_per_unit": "700",
        "price_unit": "G"
      },
      {
        "state": "NT",
        "price": "3499",
        "price_per_unit": "700",
        "price_unit": "G"
      },
      {
        "state": "NSW",
        "price": "3499",
        "price_per_unit": "700",
        "price_unit": "G"
      },
      {
        "state": "VIC",
        "price": "3499",
        "price_per_unit": "700",
        "price_unit": "G"
      },
      {
        "state": "QLD",
        "price": "3499",
        "price_per_unit": "700",
        "price_unit": "G"
      },
      {
        "state": "WA",
        "price": "3499",
        "price_per_unit": "700",
        "price_unit": "G"
      },
      {
        "state": "SA",
        "price": "3499",
        "price_per_unit": "700",
        "price_unit": "G"
      },
      {
        "state": "TAS",
        "price": "3499",
        "price_per_unit": "700",
        "price_unit": "G"
      },
      {
        "state": "ACT",
        "price": "3499",
        "price_per_unit": "700",
        "price_unit": "G"
      },
      {
        "state": "NT",
        "price": "3499",
        "price_per_unit": "700",
        "price_unit": "G"
      }
    ]
  },
  {
    "source_url": "https://www.woolworths.com.au/shop/productdetails/1074980531/coffee-hero-decaf-special-whole-bean-1kg-new",
    "name": "Coffee Hero Decaf Special whole bean 1kg/New",
    "image_url": "https://cdn1.woolworths.media/content/wowproductimages/large/1074980531.jpg",
    "source_id": "Woolworths - 1074980531",
    "barcode": "",
    "shop": "Woolworths",
    "weight": "100G",
    "prices": [
      {
        "state": "NSW",
        "price": "5595",
        "price_per_unit": "560",
        "price_unit": "G"
      },
      {
        "state": "VIC",
        "price": "5595",
        "price_per_unit": "560",
        "price_unit": "G"
      },
      {
        "state": "QLD",
        "price": "5595",
        "price_per_unit": "560",
        "price_unit": "G"
      },
      {
        "state": "WA",
        "price": "5595",
        "price_per_unit": "560",
        "price_unit": "G"
      },
      {
        "state": "SA",
        "price": "5595",
        "price_per_unit": "560",
        "price_unit": "G"
      },
      {
        "state": "TAS",
        "price": "5595",
        "price_per_unit": "560",
        "price_unit": "G"
      },
      {
        "state": "ACT",
        "price": "5595",
        "price_per_unit": "560",
        "price_unit": "G"
      },
      {
        "state": "NT",
        "price": "5595",
        "price_per_unit": "560",
        "price_unit": "G"
      },
      {
        "state": "NSW",
        "price": "5595",
        "price_per_unit": "560",
        "price_unit": "G"
      },
      {
        "state": "VIC",
        "price": "5595",
        "price_per_unit": "560",
        "price_unit": "G"
      },
      {
        "state": "QLD",
        "price": "5595",
        "price_per_unit": "560",
        "price_unit": "G"
      },
      {
        "state": "WA",
        "price": "5595",
        "price_per_unit": "560",
        "price_unit": "G"
      },
      {
        "state": "SA",
        "price": "5595",
        "price_per_unit": "560",
        "price_unit": "G"
      },
      {
        "state": "TAS",
        "price": "5595",
        "price_per_unit": "560",
        "price_unit": "G"
      },
      {
        "state": "ACT",
        "price": "5595",
        "price_per_unit": "560",
        "price_unit": "G"
      },
      {
        "state": "NT",
        "price": "5595",
        "price_per_unit": "560",
        "price_unit": "G"
      }
    ]
  },
  {
    "source_url": "https://www.woolworths.com.au/shop/productdetails/1074980529/coffee-hero-dominican-republic-whole-bean-1kg-new",
    "name": "Coffee Hero Dominican Republic whole bean 1kg/New",
    "image_url": "https://cdn1.woolworths.media/content/wowproductimages/large/1074980529.jpg",
    "source_id": "Woolworths - 1074980529",
    "barcode": "",
    "shop": "Woolworths",
    "weight": "100G",
    "prices": [
      {
        "state": "NSW",
        "price": "5999",
        "price_per_unit": "600",
        "price_unit": "G"
      },
      {
        "state": "VIC",
        "price": "5999",
        "price_per_unit": "600",
        "price_unit": "G"
      },
      {
        "state": "QLD",
        "price": "5999",
        "price_per_unit": "600",
        "price_unit": "G"
      },
      {
        "state": "WA",
        "price": "5999",
        "price_per_unit": "600",
        "price_unit": "G"
      },
      {
        "state": "SA",
        "price": "5999",
        "price_per_unit": "600",
        "price_unit": "G"
      },
      {
        "state": "TAS",
        "price": "5999",
        "price_per_unit": "600",
        "price_unit": "G"
      },
      {
        "state": "ACT",
        "price": "5999",
        "price_per_unit": "600",
        "price_unit": "G"
      },
      {
        "state": "NT",
        "price": "5999",
        "price_per_unit": "600",
        "price_unit": "G"
      },
      {
        "state": "NSW",
        "price": "5999",
        "price_per_unit": "600",
        "price_unit": "G"
      },
      {
        "state": "VIC",
        "price": "5999",
        "price_per_unit": "600",
        "price_unit": "G"
      },
      {
        "state": "QLD",
        "price": "5999",
        "price_per_unit": "600",
        "price_unit": "G"
      },
      {
        "state": "WA",
        "price": "5999",
        "price_per_unit": "600",
        "price_unit": "G"
      },
      {
        "state": "SA",
        "price": "5999",
        "price_per_unit": "600",
        "price_unit": "G"
      },
      {
        "state": "TAS",
        "price": "5999",
        "price_per_unit": "600",
        "price_unit": "G"
      },
      {
        "state": "ACT",
        "price": "5999",
        "price_per_unit": "600",
        "price_unit": "G"
      },
      {
        "state": "NT",
        "price": "5999",
        "price_per_unit": "600",
        "price_unit": "G"
      }
    ]
  },
  {
    "source_url": "https://www.woolworths.com.au/shop/productdetails/1074024186/coffee-hero-ethiopia-guji-grade-whole-beans-1kg",
    "name": "Coffee Hero Ethiopia Guji Grade whole beans 1kg",
    "image_url": "https://cdn1.woolworths.media/content/wowproductimages/large/1074024186.jpg",
    "source_id": "Woolworths - 1074024186",
    "barcode": "",
    "shop": "Woolworths",
    "weight": "100G",
    "prices": [
      {
        "state": "NSW",
        "price": "5799",
        "price_per_unit": "580",
        "price_unit": "G"
      },
      {
        "state": "VIC",
        "price": "5799",
        "price_per_unit": "580",
        "price_unit": "G"
      },
      {
        "state": "QLD",
        "price": "5799",
        "price_per_unit": "580",
        "price_unit": "G"
      },
      {
        "state": "WA",
        "price": "5799",
        "price_per_unit": "580",
        "price_unit": "G"
      },
      {
        "state": "SA",
        "price": "5799",
        "price_per_unit": "580",
        "price_unit": "G"
      },
      {
        "state": "TAS",
        "price": "5799",
        "price_per_unit": "580",
        "price_unit": "G"
      },
      {
        "state": "ACT",
        "price": "5799",
        "price_per_unit": "580",
        "price_unit": "G"
      },
      {
        "state": "NT",
        "price": "5799",
        "price_per_unit": "580",
        "price_unit": "G"
      },
      {
        "state": "NSW",
        "price": "5799",
        "price_per_unit": "580",
        "price_unit": "G"
      },
      {
        "state": "VIC",
        "price": "5799",
        "price_per_unit": "580",
        "price_unit": "G"
      },
      {
        "state": "QLD",
        "price": "5799",
        "price_per_unit": "580",
        "price_unit": "G"
      },
      {
        "state": "WA",
        "price": "5799",
        "price_per_unit": "580",
        "price_unit": "G"
      },
      {
        "state": "SA",
        "price": "5799",
        "price_per_unit": "580",
        "price_unit": "G"
      },
      {
        "state": "TAS",
        "price": "5799",
        "price_per_unit": "580",
        "price_unit": "G"
      },
      {
        "state": "ACT",
        "price": "5799",
        "price_per_unit": "580",
        "price_unit": "G"
      },
      {
        "state": "NT",
        "price": "5799",
        "price_per_unit": "580",
        "price_unit": "G"
      }
    ]
  },
  {
    "source_url": "https://www.woolworths.com.au/shop/productdetails/1074024185/coffee-hero-ethiopia-guji-grade-whole-beans-500g",
    "name": "Coffee Hero Ethiopia Guji Grade whole beans 500g",
    "image_url": "https://cdn1.woolworths.media/content/wowproductimages/large/1074024185.jpg",
    "source_id": "Woolworths - 1074024185",
    "barcode": "",
    "shop": "Woolworths",
    "weight": "100G",
    "prices": [
      {
        "state": "NSW",
        "price": "3499",
        "price_per_unit": "700",
        "price_unit": "G"
      },
      {
        "state": "VIC",
        "price": "3499",
        "price_per_unit": "700",
        "price_unit": "G"
      },
      {
        "state": "QLD",
        "price": "3499",
        "price_per_unit": "700",
        "price_unit": "G"
      },
      {
        "state": "WA",
        "price": "3499",
        "price_per_unit": "700",
        "price_unit": "G"
      },
      {
        "state": "SA",
        "price": "3499",
        "price_per_unit": "700",
        "price_unit": "G"
      },
      {
        "state": "TAS",
        "price": "3499",
        "price_per_unit": "700",
        "price_unit": "G"
      },
      {
        "state": "ACT",
        "price": "3499",
        "price_per_unit": "700",
        "price_unit": "G"
      },
      {
        "state": "NT",
        "price": "3499",
        "price_per_unit": "700",
        "price_unit": "G"
      },
      {
        "state": "NSW",
        "price": "3499",
        "price_per_unit": "700",
        "price_unit": "G"
      },
      {
        "state": "VIC",
        "price": "3499",
        "price_per_unit": "700",
        "price_unit": "G"
      },
      {
        "state": "QLD",
        "price": "3499",
        "price_per_unit": "700",
        "price_unit": "G"
      },
      {
        "state": "WA",
        "price": "3499",
        "price_per_unit": "700",
        "price_unit": "G"
      },
      {
        "state": "SA",
        "price": "3499",
        "price_per_unit": "700",
        "price_unit": "G"
      },
      {
        "state": "TAS",
        "price": "3499",
        "price_per_unit": "700",
        "price_unit": "G"
      },
      {
        "state": "ACT",
        "price": "3499",
        "price_per_unit": "700",
        "price_unit": "G"
      },
      {
        "state": "NT",
        "price": "3499",
        "price_per_unit": "700",
        "price_unit": "G"
      }
    ]
  },
  {
    "source_url": "https://www.woolworths.com.au/shop/productdetails/1074024202/coffee-hero-ethiopia-muda-tatesa-whole-beans-1kg",
    "name": "Coffee Hero Ethiopia Muda Tatesa whole beans 1kg",
    "image_url": "https://cdn1.woolworths.media/content/wowproductimages/large/1074024202.jpg",
    "source_id": "Woolworths - 1074024202",
    "barcode": "",
    "shop": "Woolworths",
    "weight": "100G",
    "prices": [
      {
        "state": "NSW",
        "price": "6799",
        "price_per_unit": "680",
        "price_unit": "G"
      },
      {
        "state": "VIC",
        "price": "6799",
        "price_per_unit": "680",
        "price_unit": "G"
      },
      {
        "state": "QLD",
        "price": "6799",
        "price_per_unit": "680",
        "price_unit": "G"
      },
      {
        "state": "WA",
        "price": "6799",
        "price_per_unit": "680",
        "price_unit": "G"
      },
      {
        "state": "SA",
        "price": "6799",
        "price_per_unit": "680",
        "price_unit": "G"
      },
      {
        "state": "TAS",
        "price": "6799",
        "price_per_unit": "680",
        "price_unit": "G"
      },
      {
        "state": "ACT",
        "price": "6799",
        "price_per_unit": "680",
        "price_unit": "G"
      },
      {
        "state": "NT",
        "price": "6799",
        "price_per_unit": "680",
        "price_unit": "G"
      },
      {
        "state": "NSW",
        "price": "6799",
        "price_per_unit": "680",
        "price_unit": "G"
      },
      {
        "state": "VIC",
        "price": "6799",
        "price_per_unit": "680",
        "price_unit": "G"
      },
      {
        "state": "QLD",
        "price": "6799",
        "price_per_unit": "680",
        "price_unit": "G"
      },
      {
        "state": "WA",
        "price": "6799",
        "price_per_unit": "680",
        "price_unit": "G"
      },
      {
        "state": "SA",
        "price": "6799",
        "price_per_unit": "680",
        "price_unit": "G"
      },
      {
        "state": "TAS",
        "price": "6799",
        "price_per_unit": "680",
        "price_unit": "G"
      },
      {
        "state": "ACT",
        "price": "6799",
        "price_per_unit": "680",
        "price_unit": "G"
      },
      {
        "state": "NT",
        "price": "6799",
        "price_per_unit": "680",
        "price_unit": "G"
      }
    ]
  },
  {
    "source_url": "https://www.woolworths.com.au/shop/productdetails/1074024197/coffee-hero-ethiopia-muda-tatesa-whole-beans-250g",
    "name": "Coffee Hero Ethiopia Muda Tatesa whole beans 250g",
    "image_url": "https://cdn1.woolworths.media/content/wowproductimages/large/1074024197.jpg",
    "source_id": "Woolworths - 1074024197",
    "barcode": "",
    "shop": "Woolworths",
    "weight": "100G",
    "prices": [
      {
        "state": "NSW",
        "price": "3299",
        "price_per_unit": "1314",
        "price_unit": "G"
      },
      {
        "state": "VIC",
        "price": "3299",
        "price_per_unit": "1314",
        "price_unit": "G"
      },
      {
        "state": "QLD",
        "price": "3299",
        "price_per_unit": "1314",
        "price_unit": "G"
      },
      {
        "state": "WA",
        "price": "3299",
        "price_per_unit": "1314",
        "price_unit": "G"
      },
      {
        "state": "SA",
        "price": "3299",
        "price_per_unit": "1314",
        "price_unit": "G"
      },
      {
        "state": "TAS",
        "price": "3299",
        "price_per_unit": "1314",
        "price_unit": "G"
      },
      {
        "state": "ACT",
        "price": "3299",
        "price_per_unit": "1314",
        "price_unit": "G"
      },
      {
        "state": "NT",
        "price": "3299",
        "price_per_unit": "1314",
        "price_unit": "G"
      },
      {
        "state": "NSW",
        "price": "3299",
        "price_per_unit": "1314",
        "price_unit": "G"
      },
      {
        "state": "VIC",
        "price": "3299",
        "price_per_unit": "1314",
        "price_unit": "G"
      },
      {
        "state": "QLD",
        "price": "3299",
        "price_per_unit": "1314",
        "price_unit": "G"
      },
      {
        "state": "WA",
        "price": "3299",
        "price_per_unit": "1314",
        "price_unit": "G"
      },
      {
        "state": "SA",
        "price": "3299",
        "price_per_unit": "1314",
        "price_unit": "G"
      },
      {
        "state": "TAS",
        "price": "3299",
        "price_per_unit": "1314",
        "price_unit": "G"
      },
      {
        "state": "ACT",
        "price": "3299",
        "price_per_unit": "1314",
        "price_unit": "G"
      },
      {
        "state": "NT",
        "price": "3299",
        "price_per_unit": "1314",
        "price_unit": "G"
      }
    ]
  },
  {
    "source_url": "https://www.woolworths.com.au/shop/productdetails/1074024201/coffee-hero-ethiopia-muda-tatesa-whole-beans-500g",
    "name": "Coffee Hero Ethiopia Muda Tatesa whole beans 500g",
    "image_url": "https://cdn1.woolworths.media/content/wowproductimages/large/1074024201.jpg",
    "source_id": "Woolworths - 1074024201",
    "barcode": "",
    "shop": "Woolworths",
    "weight": "100G",
    "prices": [
      {
        "state": "NSW",
        "price": "4499",
        "price_per_unit": "900",
        "price_unit": "G"
      },
      {
        "state": "VIC",
        "price": "4499",
        "price_per_unit": "900",
        "price_unit": "G"
      },
      {
        "state": "QLD",
        "price": "4499",
        "price_per_unit": "900",
        "price_unit": "G"
      },
      {
        "state": "WA",
        "price": "4499",
        "price_per_unit": "900",
        "price_unit": "G"
      },
      {
        "state": "SA",
        "price": "4499",
        "price_per_unit": "900",
        "price_unit": "G"
      },
      {
        "state": "TAS",
        "price": "4499",
        "price_per_unit": "900",
        "price_unit": "G"
      },
      {
        "state": "ACT",
        "price": "4499",
        "price_per_unit": "900",
        "price_unit": "G"
      },
      {
        "state": "NT",
        "price": "4499",
        "price_per_unit": "900",
        "price_unit": "G"
      },
      {
        "state": "NSW",
        "price": "4499",
        "price_per_unit": "900",
        "price_unit": "G"
      },
      {
        "state": "VIC",
        "price": "4499",
        "price_per_unit": "900",
        "price_unit": "G"
      },
      {
        "state": "QLD",
        "price": "4499",
        "price_per_unit": "900",
        "price_unit": "G"
      },
      {
        "state": "WA",
        "price": "4499",
        "price_per_unit": "900",
        "price_unit": "G"
      },
      {
        "state": "SA",
        "price": "4499",
        "price_per_unit": "900",
        "price_unit": "G"
      },
      {
        "state": "TAS",
        "price": "4499",
        "price_per_unit": "900",
        "price_unit": "G"
      },
      {
        "state": "ACT",
        "price": "4499",
        "price_per_unit": "900",
        "price_unit": "G"
      },
      {
        "state": "NT",
        "price": "4499",
        "price_per_unit": "900",
        "price_unit": "G"
      }
    ]
  },
  {
    "source_url": "https://www.woolworths.com.au/shop/productdetails/1074024195/coffee-hero-guatemala-bella-vista-whole-beans-1kg",
    "name": "Coffee Hero Guatemala Bella Vista whole beans 1kg",
    "image_url": "https://cdn1.woolworths.media/content/wowproductimages/large/1074024195.jpg",
    "source_id": "Woolworths - 1074024195",
    "barcode": "",
    "shop": "Woolworths",
    "weight": "100G",
    "prices": [
      {
        "state": "NSW",
        "price": "5799",
        "price_per_unit": "580",
        "price_unit": "G"
      },
      {
        "state": "VIC",
        "price": "5799",
        "price_per_unit": "580",
        "price_unit": "G"
      },
      {
        "state": "QLD",
        "price": "5799",
        "price_per_unit": "580",
        "price_unit": "G"
      },
      {
        "state": "WA",
        "price": "5799",
        "price_per_unit": "580",
        "price_unit": "G"
      },
      {
        "state": "SA",
        "price": "5799",
        "price_per_unit": "580",
        "price_unit": "G"
      },
      {
        "state": "TAS",
        "price": "5799",
        "price_per_unit": "580",
        "price_unit": "G"
      },
      {
        "state": "ACT",
        "price": "5799",
        "price_per_unit": "580",
        "price_unit": "G"
      },
      {
        "state": "NT",
        "price": "5799",
        "price_per_unit": "580",
        "price_unit": "G"
      },
      {
        "state": "NSW",
        "price": "5799",
        "price_per_unit": "580",
        "price_unit": "G"
      },
      {
        "state": "VIC",
        "price": "5799",
        "price_per_unit": "580",
        "price_unit": "G"
      },
      {
        "state": "QLD",
        "price": "5799",
        "price_per_unit": "580",
        "price_unit": "G"
      },
      {
        "state": "WA",
        "price": "5799",
        "price_per_unit": "580",
        "price_unit": "G"
      },
      {
        "state": "SA",
        "price": "5799",
        "price_per_unit": "580",
        "price_unit": "G"
      },
      {
        "state": "TAS",
        "price": "5799",
        "price_per_unit": "580",
        "price_unit": "G"
      },
      {
        "state": "ACT",
        "price": "5799",
        "price_per_unit": "580",
        "price_unit": "G"
      },
      {
        "state": "NT",
        "price": "5799",
        "price_per_unit": "580",
        "price_unit": "G"
      }
    ]
  },
  {
    "source_url": "https://www.woolworths.com.au/shop/productdetails/1074024194/coffee-hero-guatemala-bella-vista-whole-beans-500g",
    "name": "Coffee Hero Guatemala Bella Vista whole beans 500g",
    "image_url": "https://cdn1.woolworths.media/content/wowproductimages/large/1074024194.jpg",
    "source_id": "Woolworths - 1074024194",
    "barcode": "",
    "shop": "Woolworths",
    "weight": "100G",
    "prices": [
      {
        "state": "NSW",
        "price": "3499",
        "price_per_unit": "700",
        "price_unit": "G"
      },
      {
        "state": "VIC",
        "price": "3499",
        "price_per_unit": "700",
        "price_unit": "G"
      },
      {
        "state": "QLD",
        "price": "3499",
        "price_per_unit": "700",
        "price_unit": "G"
      },
      {
        "state": "WA",
        "price": "3499",
        "price_per_unit": "700",
        "price_unit": "G"
      },
      {
        "state": "SA",
        "price": "3499",
        "price_per_unit": "700",
        "price_unit": "G"
      },
      {
        "state": "TAS",
        "price": "3499",
        "price_per_unit": "700",
        "price_unit": "G"
      },
      {
        "state": "ACT",
        "price": "3499",
        "price_per_unit": "700",
        "price_unit": "G"
      },
      {
        "state": "NT",
        "price": "3499",
        "price_per_unit": "700",
        "price_unit": "G"
      },
      {
        "state": "NSW",
        "price": "3499",
        "price_per_unit": "700",
        "price_unit": "G"
      },
      {
        "state": "VIC",
        "price": "3499",
        "price_per_unit": "700",
        "price_unit": "G"
      },
      {
        "state": "QLD",
        "price": "3499",
        "price_per_unit": "700",
        "price_unit": "G"
      },
      {
        "state": "WA",
        "price": "3499",
        "price_per_unit": "700",
        "price_unit": "G"
      },
      {
        "state": "SA",
        "price": "3499",
        "price_per_unit": "700",
        "price_unit": "G"
      },
      {
        "state": "TAS",
        "price": "3499",
        "price_per_unit": "700",
        "price_unit": "G"
      },
      {
        "state": "ACT",
        "price": "3499",
        "price_per_unit": "700",
        "price_unit": "G"
      },
      {
        "state": "NT",
        "price": "3499",
        "price_per_unit": "700",
        "price_unit": "G"
      }
    ]
  },
  {
    "source_url": "https://www.woolworths.com.au/shop/productdetails/1075082381/coffee-hero-honduras-el-paraiso-whole-beans-1kg-new",
    "name": "Coffee Hero HONDURAS EL PARAISO whole beans 1kg / New",
    "image_url": "https://cdn1.woolworths.media/content/wowproductimages/large/1075082381.jpg",
    "source_id": "Woolworths - 1075082381",
    "barcode": "",
    "shop": "Woolworths",
    "weight": "100G",
    "prices": [
      {
        "state": "NSW",
        "price": "6799",
        "price_per_unit": "680",
        "price_unit": "G"
      },
      {
        "state": "VIC",
        "price": "6799",
        "price_per_unit": "680",
        "price_unit": "G"
      },
      {
        "state": "QLD",
        "price": "6799",
        "price_per_unit": "680",
        "price_unit": "G"
      },
      {
        "state": "WA",
        "price": "6799",
        "price_per_unit": "680",
        "price_unit": "G"
      },
      {
        "state": "SA",
        "price": "6799",
        "price_per_unit": "680",
        "price_unit": "G"
      },
      {
        "state": "TAS",
        "price": "6799",
        "price_per_unit": "680",
        "price_unit": "G"
      },
      {
        "state": "ACT",
        "price": "6799",
        "price_per_unit": "680",
        "price_unit": "G"
      },
      {
        "state": "NT",
        "price": "6799",
        "price_per_unit": "680",
        "price_unit": "G"
      },
      {
        "state": "NSW",
        "price": "6799",
        "price_per_unit": "680",
        "price_unit": "G"
      },
      {
        "state": "VIC",
        "price": "6799",
        "price_per_unit": "680",
        "price_unit": "G"
      },
      {
        "state": "QLD",
        "price": "6799",
        "price_per_unit": "680",
        "price_unit": "G"
      },
      {
        "state": "WA",
        "price": "6799",
        "price_per_unit": "680",
        "price_unit": "G"
      },
      {
        "state": "SA",
        "price": "6799",
        "price_per_unit": "680",
        "price_unit": "G"
      },
      {
        "state": "TAS",
        "price": "6799",
        "price_per_unit": "680",
        "price_unit": "G"
      },
      {
        "state": "ACT",
        "price": "6799",
        "price_per_unit": "680",
        "price_unit": "G"
      },
      {
        "state": "NT",
        "price": "6799",
        "price_per_unit": "680",
        "price_unit": "G"
      }
    ]
  },
  {
    "source_url": "https://www.woolworths.com.au/shop/productdetails/1074024189/coffee-hero-kenya-gachuiro-whole-beans-1kg",
    "name": "Coffee Hero Kenya Gachuiro whole beans 1kg",
    "image_url": "https://cdn1.woolworths.media/content/wowproductimages/large/1074024189.jpg",
    "source_id": "Woolworths - 1074024189",
    "barcode": "",
    "shop": "Woolworths",
    "weight": "100G",
    "prices": [
      {
        "state": "NSW",
        "price": "6799",
        "price_per_unit": "680",
        "price_unit": "G"
      },
      {
        "state": "VIC",
        "price": "6799",
        "price_per_unit": "680",
        "price_unit": "G"
      },
      {
        "state": "QLD",
        "price": "6799",
        "price_per_unit": "680",
        "price_unit": "G"
      },
      {
        "state": "WA",
        "price": "6799",
        "price_per_unit": "680",
        "price_unit": "G"
      },
      {
        "state": "SA",
        "price": "6799",
        "price_per_unit": "680",
        "price_unit": "G"
      },
      {
        "state": "TAS",
        "price": "6799",
        "price_per_unit": "680",
        "price_unit": "G"
      },
      {
        "state": "ACT",
        "price": "6799",
        "price_per_unit": "680",
        "price_unit": "G"
      },
      {
        "state": "NT",
        "price": "6799",
        "price_per_unit": "680",
        "price_unit": "G"
      },
      {
        "state": "NSW",
        "price": "6799",
        "price_per_unit": "680",
        "price_unit": "G"
      },
      {
        "state": "VIC",
        "price": "6799",
        "price_per_unit": "680",
        "price_unit": "G"
      },
      {
        "state": "QLD",
        "price": "6799",
        "price_per_unit": "680",
        "price_unit": "G"
      },
      {
        "state": "WA",
        "price": "6799",
        "price_per_unit": "680",
        "price_unit": "G"
      },
      {
        "state": "SA",
        "price": "6799",
        "price_per_unit": "680",
        "price_unit": "G"
      },
      {
        "state": "TAS",
        "price": "6799",
        "price_per_unit": "680",
        "price_unit": "G"
      },
      {
        "state": "ACT",
        "price": "6799",
        "price_per_unit": "680",
        "price_unit": "G"
      },
      {
        "state": "NT",
        "price": "6799",
        "price_per_unit": "680",
        "price_unit": "G"
      }
    ]
  },
  {
    "source_url": "https://www.woolworths.com.au/shop/productdetails/1074024188/coffee-hero-kenya-gachuiro-whole-beans-500g",
    "name": "Coffee Hero Kenya Gachuiro whole beans 500g",
    "image_url": "https://cdn1.woolworths.media/content/wowproductimages/large/1074024188.jpg",
    "source_id": "Woolworths - 1074024188",
    "barcode": "",
    "shop": "Woolworths",
    "weight": "100G",
    "prices": [
      {
        "state": "NSW",
        "price": "4499",
        "price_per_unit": "900",
        "price_unit": "G"
      },
      {
        "state": "VIC",
        "price": "4499",
        "price_per_unit": "900",
        "price_unit": "G"
      },
      {
        "state": "QLD",
        "price": "4499",
        "price_per_unit": "900",
        "price_unit": "G"
      },
      {
        "state": "WA",
        "price": "4499",
        "price_per_unit": "900",
        "price_unit": "G"
      },
      {
        "state": "SA",
        "price": "4499",
        "price_per_unit": "900",
        "price_unit": "G"
      },
      {
        "state": "TAS",
        "price": "4499",
        "price_per_unit": "900",
        "price_unit": "G"
      },
      {
        "state": "ACT",
        "price": "4499",
        "price_per_unit": "900",
        "price_unit": "G"
      },
      {
        "state": "NT",
        "price": "4499",
        "price_per_unit": "900",
        "price_unit": "G"
      },
      {
        "state": "NSW",
        "price": "4499",
        "price_per_unit": "900",
        "price_unit": "G"
      },
      {
        "state": "VIC",
        "price": "4499",
        "price_per_unit": "900",
        "price_unit": "G"
      },
      {
        "state": "QLD",
        "price": "4499",
        "price_per_unit": "900",
        "price_unit": "G"
      },
      {
        "state": "WA",
        "price": "4499",
        "price_per_unit": "900",
        "price_unit": "G"
      },
      {
        "state": "SA",
        "price": "4499",
        "price_per_unit": "900",
        "price_unit": "G"
      },
      {
        "state": "TAS",
        "price": "4499",
        "price_per_unit": "900",
        "price_unit": "G"
      },
      {
        "state": "ACT",
        "price": "4499",
        "price_per_unit": "900",
        "price_unit": "G"
      },
      {
        "state": "NT",
        "price": "4499",
        "price_per_unit": "900",
        "price_unit": "G"
      }
    ]
  },
  {
    "source_url": "https://www.woolworths.com.au/shop/productdetails/1074024174/coffee-hero-kickstart-whole-beans-1kg",
    "name": "Coffee Hero Kickstart whole beans 1kg",
    "image_url": "https://cdn1.woolworths.media/content/wowproductimages/large/1074024174.jpg",
    "source_id": "Woolworths - 1074024174",
    "barcode": "",
    "shop": "Woolworths",
    "weight": "100G",
    "prices": [
      {
        "state": "NSW",
        "price": "5999",
        "price_per_unit": "1200",
        "price_unit": "G"
      },
      {
        "state": "VIC",
        "price": "5999",
        "price_per_unit": "1200",
        "price_unit": "G"
      },
      {
        "state": "QLD",
        "price": "5999",
        "price_per_unit": "1200",
        "price_unit": "G"
      },
      {
        "state": "WA",
        "price": "5999",
        "price_per_unit": "1200",
        "price_unit": "G"
      },
      {
        "state": "SA",
        "price": "5999",
        "price_per_unit": "1200",
        "price_unit": "G"
      },
      {
        "state": "TAS",
        "price": "5999",
        "price_per_unit": "1200",
        "price_unit": "G"
      },
      {
        "state": "ACT",
        "price": "5999",
        "price_per_unit": "1200",
        "price_unit": "G"
      },
      {
        "state": "NT",
        "price": "5999",
        "price_per_unit": "1200",
        "price_unit": "G"
      },
      {
        "state": "NSW",
        "price": "5999",
        "price_per_unit": "1200",
        "price_unit": "G"
      },
      {
        "state": "VIC",
        "price": "5999",
        "price_per_unit": "1200",
        "price_unit": "G"
      },
      {
        "state": "QLD",
        "price": "5999",
        "price_per_unit": "1200",
        "price_unit": "G"
      },
      {
        "state": "WA",
        "price": "5999",
        "price_per_unit": "1200",
        "price_unit": "G"
      },
      {
        "state": "SA",
        "price": "5999",
        "price_per_unit": "1200",
        "price_unit": "G"
      },
      {
        "state": "TAS",
        "price": "5999",
        "price_per_unit": "1200",
        "price_unit": "G"
      },
      {
        "state": "ACT",
        "price": "5999",
        "price_per_unit": "1200",
        "price_unit": "G"
      },
      {
        "state": "NT",
        "price": "5999",
        "price_per_unit": "1200",
        "price_unit": "G"
      }
    ]
  },
  {
    "source_url": "https://www.woolworths.com.au/shop/productdetails/1074024173/coffee-hero-kickstart-whole-beans-500g",
    "name": "Coffee Hero Kickstart whole beans 500g",
    "image_url": "https://cdn1.woolworths.media/content/wowproductimages/large/1074024173.jpg",
    "source_id": "Woolworths - 1074024173",
    "barcode": "",
    "shop": "Woolworths",
    "weight": "100G",
    "prices": [
      {
        "state": "NSW",
        "price": "3299",
        "price_per_unit": "330",
        "price_unit": "G"
      },
      {
        "state": "VIC",
        "price": "3299",
        "price_per_unit": "330",
        "price_unit": "G"
      },
      {
        "state": "QLD",
        "price": "3299",
        "price_per_unit": "330",
        "price_unit": "G"
      },
      {
        "state": "WA",
        "price": "3299",
        "price_per_unit": "330",
        "price_unit": "G"
      },
      {
        "state": "SA",
        "price": "3299",
        "price_per_unit": "330",
        "price_unit": "G"
      },
      {
        "state": "TAS",
        "price": "3299",
        "price_per_unit": "330",
        "price_unit": "G"
      },
      {
        "state": "ACT",
        "price": "3299",
        "price_per_unit": "330",
        "price_unit": "G"
      },
      {
        "state": "NT",
        "price": "3299",
        "price_per_unit": "330",
        "price_unit": "G"
      },
      {
        "state": "NSW",
        "price": "3299",
        "price_per_unit": "330",
        "price_unit": "G"
      },
      {
        "state": "VIC",
        "price": "3299",
        "price_per_unit": "330",
        "price_unit": "G"
      },
      {
        "state": "QLD",
        "price": "3299",
        "price_per_unit": "330",
        "price_unit": "G"
      },
      {
        "state": "WA",
        "price": "3299",
        "price_per_unit": "330",
        "price_unit": "G"
      },
      {
        "state": "SA",
        "price": "3299",
        "price_per_unit": "330",
        "price_unit": "G"
      },
      {
        "state": "TAS",
        "price": "3299",
        "price_per_unit": "330",
        "price_unit": "G"
      },
      {
        "state": "ACT",
        "price": "3299",
        "price_per_unit": "330",
        "price_unit": "G"
      },
      {
        "state": "NT",
        "price": "3299",
        "price_per_unit": "330",
        "price_unit": "G"
      }
    ]
  },
  {
    "source_url": "https://www.woolworths.com.au/shop/productdetails/1074924608/coffee-hero-medium-roast-coffee-beans-caffeine-colossus",
    "name": "Coffee Hero Medium Roast Coffee Beans - CAFFEINE COLOSSUS",
    "image_url": "https://cdn1.woolworths.media/content/wowproductimages/large/1074924608.jpg",
    "source_id": "Woolworths - 1074924608",
    "barcode": "",
    "shop": "Woolworths",
    "weight": "100G",
    "prices": [
      {
        "state": "NSW",
        "price": "5999",
        "price_per_unit": "600",
        "price_unit": "G"
      },
      {
        "state": "VIC",
        "price": "5999",
        "price_per_unit": "600",
        "price_unit": "G"
      },
      {
        "state": "QLD",
        "price": "5999",
        "price_per_unit": "600",
        "price_unit": "G"
      },
      {
        "state": "WA",
        "price": "5999",
        "price_per_unit": "600",
        "price_unit": "G"
      },
      {
        "state": "SA",
        "price": "5999",
        "price_per_unit": "600",
        "price_unit": "G"
      },
      {
        "state": "TAS",
        "price": "5999",
        "price_per_unit": "600",
        "price_unit": "G"
      },
      {
        "state": "ACT",
        "price": "5999",
        "price_per_unit": "600",
        "price_unit": "G"
      },
      {
        "state": "NT",
        "price": "5999",
        "price_per_unit": "600",
        "price_unit": "G"
      },
      {
        "state": "NSW",
        "price": "5999",
        "price_per_unit": "600",
        "price_unit": "G"
      },
      {
        "state": "VIC",
        "price": "5999",
        "price_per_unit": "600",
        "price_unit": "G"
      },
      {
        "state": "QLD",
        "price": "5999",
        "price_per_unit": "600",
        "price_unit": "G"
      },
      {
        "state": "WA",
        "price": "5999",
        "price_per_unit": "600",
        "price_unit": "G"
      },
      {
        "state": "SA",
        "price": "5999",
        "price_per_unit": "600",
        "price_unit": "G"
      },
      {
        "state": "TAS",
        "price": "5999",
        "price_per_unit": "600",
        "price_unit": "G"
      },
      {
        "state": "ACT",
        "price": "5999",
        "price_per_unit": "600",
        "price_unit": "G"
      },
      {
        "state": "NT",
        "price": "5999",
        "price_per_unit": "600",
        "price_unit": "G"
      }
    ]
  },
  {
    "source_url": "https://www.woolworths.com.au/shop/productdetails/1074980530/coffee-hero-nicaragua-whole-beans-1kg",
    "name": "Coffee Hero Nicaragua whole beans 1Kg",
    "image_url": "https://cdn1.woolworths.media/content/wowproductimages/large/1074980530.jpg",
    "source_id": "Woolworths - 1074980530",
    "barcode": "",
    "shop": "Woolworths",
    "weight": "100G",
    "prices": [
      {
        "state": "NSW",
        "price": "6899",
        "price_per_unit": "690",
        "price_unit": "G"
      },
      {
        "state": "VIC",
        "price": "6899",
        "price_per_unit": "690",
        "price_unit": "G"
      },
      {
        "state": "QLD",
        "price": "6899",
        "price_per_unit": "690",
        "price_unit": "G"
      },
      {
        "state": "WA",
        "price": "6899",
        "price_per_unit": "690",
        "price_unit": "G"
      },
      {
        "state": "SA",
        "price": "6899",
        "price_per_unit": "690",
        "price_unit": "G"
      },
      {
        "state": "TAS",
        "price": "6899",
        "price_per_unit": "690",
        "price_unit": "G"
      },
      {
        "state": "ACT",
        "price": "6899",
        "price_per_unit": "690",
        "price_unit": "G"
      },
      {
        "state": "NT",
        "price": "6899",
        "price_per_unit": "690",
        "price_unit": "G"
      },
      {
        "state": "NSW",
        "price": "6899",
        "price_per_unit": "690",
        "price_unit": "G"
      },
      {
        "state": "VIC",
        "price": "6899",
        "price_per_unit": "690",
        "price_unit": "G"
      },
      {
        "state": "QLD",
        "price": "6899",
        "price_per_unit": "690",
        "price_unit": "G"
      },
      {
        "state": "WA",
        "price": "6899",
        "price_per_unit": "690",
        "price_unit": "G"
      },
      {
        "state": "SA",
        "price": "6899",
        "price_per_unit": "690",
        "price_unit": "G"
      },
      {
        "state": "TAS",
        "price": "6899",
        "price_per_unit": "690",
        "price_unit": "G"
      },
      {
        "state": "ACT",
        "price": "6899",
        "price_per_unit": "690",
        "price_unit": "G"
      },
      {
        "state": "NT",
        "price": "6899",
        "price_per_unit": "690",
        "price_unit": "G"
      }
    ]
  },
  {
    "source_url": "https://www.woolworths.com.au/shop/productdetails/1075561155/coffee-hero-panama-geisha-whole-beans-1kg-new",
    "name": "Coffee Hero Panama Geisha Whole Beans 1kg / New",
    "image_url": "https://cdn1.woolworths.media/content/wowproductimages/large/1075561155.jpg",
    "source_id": "Woolworths - 1075561155",
    "barcode": "",
    "shop": "Woolworths",
    "weight": "100G",
    "prices": [
      {
        "state": "NSW",
        "price": "6799",
        "price_per_unit": "680",
        "price_unit": "G"
      },
      {
        "state": "VIC",
        "price": "6799",
        "price_per_unit": "680",
        "price_unit": "G"
      },
      {
        "state": "QLD",
        "price": "6799",
        "price_per_unit": "680",
        "price_unit": "G"
      },
      {
        "state": "WA",
        "price": "6799",
        "price_per_unit": "680",
        "price_unit": "G"
      },
      {
        "state": "SA",
        "price": "6799",
        "price_per_unit": "680",
        "price_unit": "G"
      },
      {
        "state": "TAS",
        "price": "6799",
        "price_per_unit": "680",
        "price_unit": "G"
      },
      {
        "state": "ACT",
        "price": "6799",
        "price_per_unit": "680",
        "price_unit": "G"
      },
      {
        "state": "NT",
        "price": "6799",
        "price_per_unit": "680",
        "price_unit": "G"
      },
      {
        "state": "NSW",
        "price": "6799",
        "price_per_unit": "680",
        "price_unit": "G"
      },
      {
        "state": "VIC",
        "price": "6799",
        "price_per_unit": "680",
        "price_unit": "G"
      },
      {
        "state": "QLD",
        "price": "6799",
        "price_per_unit": "680",
        "price_unit": "G"
      },
      {
        "state": "WA",
        "price": "6799",
        "price_per_unit": "680",
        "price_unit": "G"
      },
      {
        "state": "SA",
        "price": "6799",
        "price_per_unit": "680",
        "price_unit": "G"
      },
      {
        "state": "TAS",
        "price": "6799",
        "price_per_unit": "680",
        "price_unit": "G"
      },
      {
        "state": "ACT",
        "price": "6799",
        "price_per_unit": "680",
        "price_unit": "G"
      },
      {
        "state": "NT",
        "price": "6799",
        "price_per_unit": "680",
        "price_unit": "G"
      }
    ]
  },
  {
    "source_url": "https://www.woolworths.com.au/shop/productdetails/1075435061/coffee-hero-peru-goliath-whole-beans-1kg-new-id-101541380",
    "name": "Coffee Hero Peru Goliath whole beans 1kg / New ID: 101541380",
    "image_url": "https://cdn1.woolworths.media/content/wowproductimages/large/1075435061.jpg",
    "source_id": "Woolworths - 1075435061",
    "barcode": "",
    "shop": "Woolworths",
    "weight": "100G",
    "prices": [
      {
        "state": "NSW",
        "price": "5999",
        "price_per_unit": "600",
        "price_unit": "G"
      },
      {
        "state": "VIC",
        "price": "5999",
        "price_per_unit": "600",
        "price_unit": "G"
      },
      {
        "state": "QLD",
        "price": "5999",
        "price_per_unit": "600",
        "price_unit": "G"
      },
      {
        "state": "WA",
        "price": "5999",
        "price_per_unit": "600",
        "price_unit": "G"
      },
      {
        "state": "SA",
        "price": "5999",
        "price_per_unit": "600",
        "price_unit": "G"
      },
      {
        "state": "TAS",
        "price": "5999",
        "price_per_unit": "600",
        "price_unit": "G"
      },
      {
        "state": "ACT",
        "price": "5999",
        "price_per_unit": "600",
        "price_unit": "G"
      },
      {
        "state": "NT",
        "price": "5999",
        "price_per_unit": "600",
        "price_unit": "G"
      },
      {
        "state": "NSW",
        "price": "5999",
        "price_per_unit": "600",
        "price_unit": "G"
      },
      {
        "state": "VIC",
        "price": "5999",
        "price_per_unit": "600",
        "price_unit": "G"
      },
      {
        "state": "QLD",
        "price": "5999",
        "price_per_unit": "600",
        "price_unit": "G"
      },
      {
        "state": "WA",
        "price": "5999",
        "price_per_unit": "600",
        "price_unit": "G"
      },
      {
        "state": "SA",
        "price": "5999",
        "price_per_unit": "600",
        "price_unit": "G"
      },
      {
        "state": "TAS",
        "price": "5999",
        "price_per_unit": "600",
        "price_unit": "G"
      },
      {
        "state": "ACT",
        "price": "5999",
        "price_per_unit": "600",
        "price_unit": "G"
      },
      {
        "state": "NT",
        "price": "5999",
        "price_per_unit": "600",
        "price_unit": "G"
      }
    ]
  },
  {
    "source_url": "https://www.woolworths.com.au/shop/productdetails/1074024200/coffee-hero-peru-kontiki-whole-beans-1kg",
    "name": "Coffee Hero Peru Kontiki whole beans 1kg",
    "image_url": "https://cdn1.woolworths.media/content/wowproductimages/large/1074024200.jpg",
    "source_id": "Woolworths - 1074024200",
    "barcode": "",
    "shop": "Woolworths",
    "weight": "100G",
    "prices": [
      {
        "state": "NSW",
        "price": "5999",
        "price_per_unit": "600",
        "price_unit": "G"
      },
      {
        "state": "VIC",
        "price": "5999",
        "price_per_unit": "600",
        "price_unit": "G"
      },
      {
        "state": "QLD",
        "price": "5999",
        "price_per_unit": "600",
        "price_unit": "G"
      },
      {
        "state": "WA",
        "price": "5999",
        "price_per_unit": "600",
        "price_unit": "G"
      },
      {
        "state": "SA",
        "price": "5999",
        "price_per_unit": "600",
        "price_unit": "G"
      },
      {
        "state": "TAS",
        "price": "5999",
        "price_per_unit": "600",
        "price_unit": "G"
      },
      {
        "state": "ACT",
        "price": "5999",
        "price_per_unit": "600",
        "price_unit": "G"
      },
      {
        "state": "NT",
        "price": "5999",
        "price_per_unit": "600",
        "price_unit": "G"
      },
      {
        "state": "NSW",
        "price": "5999",
        "price_per_unit": "600",
        "price_unit": "G"
      },
      {
        "state": "VIC",
        "price": "5999",
        "price_per_unit": "600",
        "price_unit": "G"
      },
      {
        "state": "QLD",
        "price": "5999",
        "price_per_unit": "600",
        "price_unit": "G"
      },
      {
        "state": "WA",
        "price": "5999",
        "price_per_unit": "600",
        "price_unit": "G"
      },
      {
        "state": "SA",
        "price": "5999",
        "price_per_unit": "600",
        "price_unit": "G"
      },
      {
        "state": "TAS",
        "price": "5999",
        "price_per_unit": "600",
        "price_unit": "G"
      },
      {
        "state": "ACT",
        "price": "5999",
        "price_per_unit": "600",
        "price_unit": "G"
      },
      {
        "state": "NT",
        "price": "5999",
        "price_per_unit": "600",
        "price_unit": "G"
      }
    ]
  },
  {
    "source_url": "https://www.woolworths.com.au/shop/productdetails/1074024196/coffee-hero-peru-kontiki-whole-beans-250g",
    "name": "Coffee Hero Peru Kontiki whole beans 250g",
    "image_url": "https://cdn1.woolworths.media/content/wowproductimages/large/1074024196.jpg",
    "source_id": "Woolworths - 1074024196",
    "barcode": "",
    "shop": "Woolworths",
    "weight": "100G",
    "prices": [
      {
        "state": "NSW",
        "price": "2499",
        "price_per_unit": "1000",
        "price_unit": "G"
      },
      {
        "state": "VIC",
        "price": "2499",
        "price_per_unit": "1000",
        "price_unit": "G"
      },
      {
        "state": "QLD",
        "price": "2499",
        "price_per_unit": "1000",
        "price_unit": "G"
      },
      {
        "state": "WA",
        "price": "2499",
        "price_per_unit": "1000",
        "price_unit": "G"
      },
      {
        "state": "SA",
        "price": "2499",
        "price_per_unit": "1000",
        "price_unit": "G"
      },
      {
        "state": "TAS",
        "price": "2499",
        "price_per_unit": "1000",
        "price_unit": "G"
      },
      {
        "state": "ACT",
        "price": "2499",
        "price_per_unit": "1000",
        "price_unit": "G"
      },
      {
        "state": "NT",
        "price": "2499",
        "price_per_unit": "1000",
        "price_unit": "G"
      },
      {
        "state": "NSW",
        "price": "2499",
        "price_per_unit": "1000",
        "price_unit": "G"
      },
      {
        "state": "VIC",
        "price": "2499",
        "price_per_unit": "1000",
        "price_unit": "G"
      },
      {
        "state": "QLD",
        "price": "2499",
        "price_per_unit": "1000",
        "price_unit": "G"
      },
      {
        "state": "WA",
        "price": "2499",
        "price_per_unit": "1000",
        "price_unit": "G"
      },
      {
        "state": "SA",
        "price": "2499",
        "price_per_unit": "1000",
        "price_unit": "G"
      },
      {
        "state": "TAS",
        "price": "2499",
        "price_per_unit": "1000",
        "price_unit": "G"
      },
      {
        "state": "ACT",
        "price": "2499",
        "price_per_unit": "1000",
        "price_unit": "G"
      },
      {
        "state": "NT",
        "price": "2499",
        "price_per_unit": "1000",
        "price_unit": "G"
      }
    ]
  },
  {
    "source_url": "https://www.woolworths.com.au/shop/productdetails/1074024199/coffee-hero-peru-kontiki-whole-beans-500g",
    "name": "Coffee Hero Peru Kontiki whole beans 500g",
    "image_url": "https://cdn1.woolworths.media/content/wowproductimages/large/1074024199.jpg",
    "source_id": "Woolworths - 1074024199",
    "barcode": "",
    "shop": "Woolworths",
    "weight": "100G",
    "prices": [
      {
        "state": "NSW",
        "price": "3499",
        "price_per_unit": "700",
        "price_unit": "G"
      },
      {
        "state": "VIC",
        "price": "3499",
        "price_per_unit": "700",
        "price_unit": "G"
      },
      {
        "state": "QLD",
        "price": "3499",
        "price_per_unit": "700",
        "price_unit": "G"
      },
      {
        "state": "WA",
        "price": "3499",
        "price_per_unit": "700",
        "price_unit": "G"
      },
      {
        "state": "SA",
        "price": "3499",
        "price_per_unit": "700",
        "price_unit": "G"
      },
      {
        "state": "TAS",
        "price": "3499",
        "price_per_unit": "700",
        "price_unit": "G"
      },
      {
        "state": "ACT",
        "price": "3499",
        "price_per_unit": "700",
        "price_unit": "G"
      },
      {
        "state": "NT",
        "price": "3499",
        "price_per_unit": "700",
        "price_unit": "G"
      },
      {
        "state": "NSW",
        "price": "3499",
        "price_per_unit": "700",
        "price_unit": "G"
      },
      {
        "state": "VIC",
        "price": "3499",
        "price_per_unit": "700",
        "price_unit": "G"
      },
      {
        "state": "QLD",
        "price": "3499",
        "price_per_unit": "700",
        "price_unit": "G"
      },
      {
        "state": "WA",
        "price": "3499",
        "price_per_unit": "700",
        "price_unit": "G"
      },
      {
        "state": "SA",
        "price": "3499",
        "price_per_unit": "700",
        "price_unit": "G"
      },
      {
        "state": "TAS",
        "price": "3499",
        "price_per_unit": "700",
        "price_unit": "G"
      },
      {
        "state": "ACT",
        "price": "3499",
        "price_per_unit": "700",
        "price_unit": "G"
      },
      {
        "state": "NT",
        "price": "3499",
        "price_per_unit": "700",
        "price_unit": "G"
      }
    ]
  },
  {
    "source_url": "https://www.woolworths.com.au/shop/productdetails/1074924700/coffee-hero-png-x-whole-beans-1kg-new",
    "name": "Coffee Hero PNG X Whole beans 1Kg / New",
    "image_url": "https://cdn1.woolworths.media/content/wowproductimages/large/1074924700.jpg",
    "source_id": "Woolworths - 1074924700",
    "barcode": "",
    "shop": "Woolworths",
    "weight": "100G",
    "prices": [
      {
        "state": "NSW",
        "price": "5799",
        "price_per_unit": "580",
        "price_unit": "G"
      },
      {
        "state": "VIC",
        "price": "5799",
        "price_per_unit": "580",
        "price_unit": "G"
      },
      {
        "state": "QLD",
        "price": "5799",
        "price_per_unit": "580",
        "price_unit": "G"
      },
      {
        "state": "WA",
        "price": "5799",
        "price_per_unit": "580",
        "price_unit": "G"
      },
      {
        "state": "SA",
        "price": "5799",
        "price_per_unit": "580",
        "price_unit": "G"
      },
      {
        "state": "TAS",
        "price": "5799",
        "price_per_unit": "580",
        "price_unit": "G"
      },
      {
        "state": "ACT",
        "price": "5799",
        "price_per_unit": "580",
        "price_unit": "G"
      },
      {
        "state": "NT",
        "price": "5799",
        "price_per_unit": "580",
        "price_unit": "G"
      },
      {
        "state": "NSW",
        "price": "5799",
        "price_per_unit": "580",
        "price_unit": "G"
      },
      {
        "state": "VIC",
        "price": "5799",
        "price_per_unit": "580",
        "price_unit": "G"
      },
      {
        "state": "QLD",
        "price": "5799",
        "price_per_unit": "580",
        "price_unit": "G"
      },
      {
        "state": "WA",
        "price": "5799",
        "price_per_unit": "580",
        "price_unit": "G"
      },
      {
        "state": "SA",
        "price": "5799",
        "price_per_unit": "580",
        "price_unit": "G"
      },
      {
        "state": "TAS",
        "price": "5799",
        "price_per_unit": "580",
        "price_unit": "G"
      },
      {
        "state": "ACT",
        "price": "5799",
        "price_per_unit": "580",
        "price_unit": "G"
      },
      {
        "state": "NT",
        "price": "5799",
        "price_per_unit": "580",
        "price_unit": "G"
      }
    ]
  },
  {
    "source_url": "https://www.woolworths.com.au/shop/productdetails/1074024177/coffee-hero-sincity-whole-beans-1kg",
    "name": "Coffee Hero Sincity whole beans 1kg",
    "image_url": "https://cdn1.woolworths.media/content/wowproductimages/large/1074024177.jpg",
    "source_id": "Woolworths - 1074024177",
    "barcode": "",
    "shop": "Woolworths",
    "weight": "100G",
    "prices": [
      {
        "state": "NSW",
        "price": "5599",
        "price_per_unit": "560",
        "price_unit": "G"
      },
      {
        "state": "VIC",
        "price": "5599",
        "price_per_unit": "560",
        "price_unit": "G"
      },
      {
        "state": "QLD",
        "price": "5599",
        "price_per_unit": "560",
        "price_unit": "G"
      },
      {
        "state": "WA",
        "price": "5599",
        "price_per_unit": "560",
        "price_unit": "G"
      },
      {
        "state": "SA",
        "price": "5599",
        "price_per_unit": "560",
        "price_unit": "G"
      },
      {
        "state": "TAS",
        "price": "5599",
        "price_per_unit": "560",
        "price_unit": "G"
      },
      {
        "state": "ACT",
        "price": "5599",
        "price_per_unit": "560",
        "price_unit": "G"
      },
      {
        "state": "NT",
        "price": "5599",
        "price_per_unit": "560",
        "price_unit": "G"
      },
      {
        "state": "NSW",
        "price": "5599",
        "price_per_unit": "560",
        "price_unit": "G"
      },
      {
        "state": "VIC",
        "price": "5599",
        "price_per_unit": "560",
        "price_unit": "G"
      },
      {
        "state": "QLD",
        "price": "5599",
        "price_per_unit": "560",
        "price_unit": "G"
      },
      {
        "state": "WA",
        "price": "5599",
        "price_per_unit": "560",
        "price_unit": "G"
      },
      {
        "state": "SA",
        "price": "5599",
        "price_per_unit": "560",
        "price_unit": "G"
      },
      {
        "state": "TAS",
        "price": "5599",
        "price_per_unit": "560",
        "price_unit": "G"
      },
      {
        "state": "ACT",
        "price": "5599",
        "price_per_unit": "560",
        "price_unit": "G"
      },
      {
        "state": "NT",
        "price": "5599",
        "price_per_unit": "560",
        "price_unit": "G"
      }
    ]
  },
  {
    "source_url": "https://www.woolworths.com.au/shop/productdetails/1074024176/coffee-hero-sincity-whole-beans-500g",
    "name": "Coffee Hero Sincity whole beans 500g",
    "image_url": "https://cdn1.woolworths.media/content/wowproductimages/large/1074024176.jpg",
    "source_id": "Woolworths - 1074024176",
    "barcode": "",
    "shop": "Woolworths",
    "weight": "100G",
    "prices": [
      {
        "state": "NSW",
        "price": "3299",
        "price_per_unit": "660",
        "price_unit": "G"
      },
      {
        "state": "VIC",
        "price": "3299",
        "price_per_unit": "660",
        "price_unit": "G"
      },
      {
        "state": "QLD",
        "price": "3299",
        "price_per_unit": "660",
        "price_unit": "G"
      },
      {
        "state": "WA",
        "price": "3299",
        "price_per_unit": "660",
        "price_unit": "G"
      },
      {
        "state": "SA",
        "price": "3299",
        "price_per_unit": "660",
        "price_unit": "G"
      },
      {
        "state": "TAS",
        "price": "3299",
        "price_per_unit": "660",
        "price_unit": "G"
      },
      {
        "state": "ACT",
        "price": "3299",
        "price_per_unit": "660",
        "price_unit": "G"
      },
      {
        "state": "NT",
        "price": "3299",
        "price_per_unit": "660",
        "price_unit": "G"
      },
      {
        "state": "NSW",
        "price": "3299",
        "price_per_unit": "660",
        "price_unit": "G"
      },
      {
        "state": "VIC",
        "price": "3299",
        "price_per_unit": "660",
        "price_unit": "G"
      },
      {
        "state": "QLD",
        "price": "3299",
        "price_per_unit": "660",
        "price_unit": "G"
      },
      {
        "state": "WA",
        "price": "3299",
        "price_per_unit": "660",
        "price_unit": "G"
      },
      {
        "state": "SA",
        "price": "3299",
        "price_per_unit": "660",
        "price_unit": "G"
      },
      {
        "state": "TAS",
        "price": "3299",
        "price_per_unit": "660",
        "price_unit": "G"
      },
      {
        "state": "ACT",
        "price": "3299",
        "price_per_unit": "660",
        "price_unit": "G"
      },
      {
        "state": "NT",
        "price": "3299",
        "price_per_unit": "660",
        "price_unit": "G"
      }
    ]
  },
  {
    "source_url": "https://www.woolworths.com.au/shop/productdetails/1074024171/coffee-hero-smooth-operator-whole-beans-1kg",
    "name": "Coffee Hero Smooth Operator whole beans 1kg",
    "image_url": "https://cdn1.woolworths.media/content/wowproductimages/large/1074024171.jpg",
    "source_id": "Woolworths - 1074024171",
    "barcode": "",
    "shop": "Woolworths",
    "weight": "100G",
    "prices": [
      {
        "state": "NSW",
        "price": "5995",
        "price_per_unit": "600",
        "price_unit": "G"
      },
      {
        "state": "VIC",
        "price": "5995",
        "price_per_unit": "600",
        "price_unit": "G"
      },
      {
        "state": "QLD",
        "price": "5995",
        "price_per_unit": "600",
        "price_unit": "G"
      },
      {
        "state": "WA",
        "price": "5995",
        "price_per_unit": "600",
        "price_unit": "G"
      },
      {
        "state": "SA",
        "price": "5995",
        "price_per_unit": "600",
        "price_unit": "G"
      },
      {
        "state": "TAS",
        "price": "5995",
        "price_per_unit": "600",
        "price_unit": "G"
      },
      {
        "state": "ACT",
        "price": "5995",
        "price_per_unit": "600",
        "price_unit": "G"
      },
      {
        "state": "NT",
        "price": "5995",
        "price_per_unit": "600",
        "price_unit": "G"
      },
      {
        "state": "NSW",
        "price": "5995",
        "price_per_unit": "600",
        "price_unit": "G"
      },
      {
        "state": "VIC",
        "price": "5995",
        "price_per_unit": "600",
        "price_unit": "G"
      },
      {
        "state": "QLD",
        "price": "5995",
        "price_per_unit": "600",
        "price_unit": "G"
      },
      {
        "state": "WA",
        "price": "5995",
        "price_per_unit": "600",
        "price_unit": "G"
      },
      {
        "state": "SA",
        "price": "5995",
        "price_per_unit": "600",
        "price_unit": "G"
      },
      {
        "state": "TAS",
        "price": "5995",
        "price_per_unit": "600",
        "price_unit": "G"
      },
      {
        "state": "ACT",
        "price": "5995",
        "price_per_unit": "600",
        "price_unit": "G"
      },
      {
        "state": "NT",
        "price": "5995",
        "price_per_unit": "600",
        "price_unit": "G"
      }
    ]
  },
  {
    "source_url": "https://www.woolworths.com.au/shop/productdetails/1074024170/coffee-hero-smooth-operator-whole-beans-500g",
    "name": "Coffee Hero Smooth Operator whole beans 500g",
    "image_url": "https://cdn1.woolworths.media/content/wowproductimages/large/1074024170.jpg",
    "source_id": "Woolworths - 1074024170",
    "barcode": "",
    "shop": "Woolworths",
    "weight": "100G",
    "prices": [
      {
        "state": "NSW",
        "price": "3299",
        "price_per_unit": "660",
        "price_unit": "G"
      },
      {
        "state": "VIC",
        "price": "3299",
        "price_per_unit": "660",
        "price_unit": "G"
      },
      {
        "state": "QLD",
        "price": "3299",
        "price_per_unit": "660",
        "price_unit": "G"
      },
      {
        "state": "WA",
        "price": "3299",
        "price_per_unit": "660",
        "price_unit": "G"
      },
      {
        "state": "SA",
        "price": "3299",
        "price_per_unit": "660",
        "price_unit": "G"
      },
      {
        "state": "TAS",
        "price": "3299",
        "price_per_unit": "660",
        "price_unit": "G"
      },
      {
        "state": "ACT",
        "price": "3299",
        "price_per_unit": "660",
        "price_unit": "G"
      },
      {
        "state": "NT",
        "price": "3299",
        "price_per_unit": "660",
        "price_unit": "G"
      },
      {
        "state": "NSW",
        "price": "3299",
        "price_per_unit": "660",
        "price_unit": "G"
      },
      {
        "state": "VIC",
        "price": "3299",
        "price_per_unit": "660",
        "price_unit": "G"
      },
      {
        "state": "QLD",
        "price": "3299",
        "price_per_unit": "660",
        "price_unit": "G"
      },
      {
        "state": "WA",
        "price": "3299",
        "price_per_unit": "660",
        "price_unit": "G"
      },
      {
        "state": "SA",
        "price": "3299",
        "price_per_unit": "660",
        "price_unit": "G"
      },
      {
        "state": "TAS",
        "price": "3299",
        "price_per_unit": "660",
        "price_unit": "G"
      },
      {
        "state": "ACT",
        "price": "3299",
        "price_per_unit": "660",
        "price_unit": "G"
      },
      {
        "state": "NT",
        "price": "3299",
        "price_per_unit": "660",
        "price_unit": "G"
      }
    ]
  },
  {
    "source_url": "https://www.woolworths.com.au/shop/productdetails/1074024192/coffee-hero-tanzania-olturoto-whole-beans-1kg",
    "name": "Coffee Hero Tanzania Olturoto whole beans 1kg",
    "image_url": "https://cdn1.woolworths.media/content/wowproductimages/large/1074024192.jpg",
    "source_id": "Woolworths - 1074024192",
    "barcode": "",
    "shop": "Woolworths",
    "weight": "100G",
    "prices": [
      {
        "state": "NSW",
        "price": "6299",
        "price_per_unit": "630",
        "price_unit": "G"
      },
      {
        "state": "VIC",
        "price": "6299",
        "price_per_unit": "630",
        "price_unit": "G"
      },
      {
        "state": "QLD",
        "price": "6299",
        "price_per_unit": "630",
        "price_unit": "G"
      },
      {
        "state": "WA",
        "price": "6299",
        "price_per_unit": "630",
        "price_unit": "G"
      },
      {
        "state": "SA",
        "price": "6299",
        "price_per_unit": "630",
        "price_unit": "G"
      },
      {
        "state": "TAS",
        "price": "6299",
        "price_per_unit": "630",
        "price_unit": "G"
      },
      {
        "state": "ACT",
        "price": "6299",
        "price_per_unit": "630",
        "price_unit": "G"
      },
      {
        "state": "NT",
        "price": "6299",
        "price_per_unit": "630",
        "price_unit": "G"
      },
      {
        "state": "NSW",
        "price": "6299",
        "price_per_unit": "630",
        "price_unit": "G"
      },
      {
        "state": "VIC",
        "price": "6299",
        "price_per_unit": "630",
        "price_unit": "G"
      },
      {
        "state": "QLD",
        "price": "6299",
        "price_per_unit": "630",
        "price_unit": "G"
      },
      {
        "state": "WA",
        "price": "6299",
        "price_per_unit": "630",
        "price_unit": "G"
      },
      {
        "state": "SA",
        "price": "6299",
        "price_per_unit": "630",
        "price_unit": "G"
      },
      {
        "state": "TAS",
        "price": "6299",
        "price_per_unit": "630",
        "price_unit": "G"
      },
      {
        "state": "ACT",
        "price": "6299",
        "price_per_unit": "630",
        "price_unit": "G"
      },
      {
        "state": "NT",
        "price": "6299",
        "price_per_unit": "630",
        "price_unit": "G"
      }
    ]
  },
  {
    "source_url": "https://www.woolworths.com.au/shop/productdetails/1074024191/coffee-hero-tanzania-olturoto-whole-beans-500g",
    "name": "Coffee Hero Tanzania Olturoto whole beans 500g",
    "image_url": "https://cdn1.woolworths.media/content/wowproductimages/large/1074024191.jpg",
    "source_id": "Woolworths - 1074024191",
    "barcode": "",
    "shop": "Woolworths",
    "weight": "100G",
    "prices": [
      {
        "state": "NSW",
        "price": "3299",
        "price_per_unit": "660",
        "price_unit": "G"
      },
      {
        "state": "VIC",
        "price": "3299",
        "price_per_unit": "660",
        "price_unit": "G"
      },
      {
        "state": "QLD",
        "price": "3299",
        "price_per_unit": "660",
        "price_unit": "G"
      },
      {
        "state": "WA",
        "price": "3299",
        "price_per_unit": "660",
        "price_unit": "G"
      },
      {
        "state": "SA",
        "price": "3299",
        "price_per_unit": "660",
        "price_unit": "G"
      },
      {
        "state": "TAS",
        "price": "3299",
        "price_per_unit": "660",
        "price_unit": "G"
      },
      {
        "state": "ACT",
        "price": "3299",
        "price_per_unit": "660",
        "price_unit": "G"
      },
      {
        "state": "NT",
        "price": "3299",
        "price_per_unit": "660",
        "price_unit": "G"
      },
      {
        "state": "NSW",
        "price": "3299",
        "price_per_unit": "660",
        "price_unit": "G"
      },
      {
        "state": "VIC",
        "price": "3299",
        "price_per_unit": "660",
        "price_unit": "G"
      },
      {
        "state": "QLD",
        "price": "3299",
        "price_per_unit": "660",
        "price_unit": "G"
      },
      {
        "state": "WA",
        "price": "3299",
        "price_per_unit": "660",
        "price_unit": "G"
      },
      {
        "state": "SA",
        "price": "3299",
        "price_per_unit": "660",
        "price_unit": "G"
      },
      {
        "state": "TAS",
        "price": "3299",
        "price_per_unit": "660",
        "price_unit": "G"
      },
      {
        "state": "ACT",
        "price": "3299",
        "price_per_unit": "660",
        "price_unit": "G"
      },
      {
        "state": "NT",
        "price": "3299",
        "price_per_unit": "660",
        "price_unit": "G"
      }
    ]
  },
  {
    "source_url": "https://www.woolworths.com.au/shop/productdetails/1074922980/coffee-hero-taste-of-india-whole-beans-1kg-new",
    "name": "Coffee Hero Taste of India whole beans 1kg / New",
    "image_url": "https://cdn1.woolworths.media/content/wowproductimages/large/1074922980.jpg",
    "source_id": "Woolworths - 1074922980",
    "barcode": "",
    "shop": "Woolworths",
    "weight": "100G",
    "prices": [
      {
        "state": "NSW",
        "price": "5995",
        "price_per_unit": "600",
        "price_unit": "G"
      },
      {
        "state": "VIC",
        "price": "5995",
        "price_per_unit": "600",
        "price_unit": "G"
      },
      {
        "state": "QLD",
        "price": "5995",
        "price_per_unit": "600",
        "price_unit": "G"
      },
      {
        "state": "WA",
        "price": "5995",
        "price_per_unit": "600",
        "price_unit": "G"
      },
      {
        "state": "SA",
        "price": "5995",
        "price_per_unit": "600",
        "price_unit": "G"
      },
      {
        "state": "TAS",
        "price": "5995",
        "price_per_unit": "600",
        "price_unit": "G"
      },
      {
        "state": "ACT",
        "price": "5995",
        "price_per_unit": "600",
        "price_unit": "G"
      },
      {
        "state": "NT",
        "price": "5995",
        "price_per_unit": "600",
        "price_unit": "G"
      },
      {
        "state": "NSW",
        "price": "5995",
        "price_per_unit": "600",
        "price_unit": "G"
      },
      {
        "state": "VIC",
        "price": "5995",
        "price_per_unit": "600",
        "price_unit": "G"
      },
      {
        "state": "QLD",
        "price": "5995",
        "price_per_unit": "600",
        "price_unit": "G"
      },
      {
        "state": "WA",
        "price": "5995",
        "price_per_unit": "600",
        "price_unit": "G"
      },
      {
        "state": "SA",
        "price": "5995",
        "price_per_unit": "600",
        "price_unit": "G"
      },
      {
        "state": "TAS",
        "price": "5995",
        "price_per_unit": "600",
        "price_unit": "G"
      },
      {
        "state": "ACT",
        "price": "5995",
        "price_per_unit": "600",
        "price_unit": "G"
      },
      {
        "state": "NT",
        "price": "5995",
        "price_per_unit": "600",
        "price_unit": "G"
      }
    ]
  },
  {
    "source_url": "https://www.woolworths.com.au/shop/productdetails/1074024204/coffee-hero-turkish-delight-whole-beans-1kg",
    "name": "Coffee Hero Turkish Delight whole beans 1kg",
    "image_url": "https://cdn1.woolworths.media/content/wowproductimages/large/1074024204.jpg",
    "source_id": "Woolworths - 1074024204",
    "barcode": "",
    "shop": "Woolworths",
    "weight": "100G",
    "prices": [
      {
        "state": "NSW",
        "price": "5999",
        "price_per_unit": "600",
        "price_unit": "G"
      },
      {
        "state": "VIC",
        "price": "5999",
        "price_per_unit": "600",
        "price_unit": "G"
      },
      {
        "state": "QLD",
        "price": "5999",
        "price_per_unit": "600",
        "price_unit": "G"
      },
      {
        "state": "WA",
        "price": "5999",
        "price_per_unit": "600",
        "price_unit": "G"
      },
      {
        "state": "SA",
        "price": "5999",
        "price_per_unit": "600",
        "price_unit": "G"
      },
      {
        "state": "TAS",
        "price": "5999",
        "price_per_unit": "600",
        "price_unit": "G"
      },
      {
        "state": "ACT",
        "price": "5999",
        "price_per_unit": "600",
        "price_unit": "G"
      },
      {
        "state": "NT",
        "price": "5999",
        "price_per_unit": "600",
        "price_unit": "G"
      },
      {
        "state": "NSW",
        "price": "5999",
        "price_per_unit": "600",
        "price_unit": "G"
      },
      {
        "state": "VIC",
        "price": "5999",
        "price_per_unit": "600",
        "price_unit": "G"
      },
      {
        "state": "QLD",
        "price": "5999",
        "price_per_unit": "600",
        "price_unit": "G"
      },
      {
        "state": "WA",
        "price": "5999",
        "price_per_unit": "600",
        "price_unit": "G"
      },
      {
        "state": "SA",
        "price": "5999",
        "price_per_unit": "600",
        "price_unit": "G"
      },
      {
        "state": "TAS",
        "price": "5999",
        "price_per_unit": "600",
        "price_unit": "G"
      },
      {
        "state": "ACT",
        "price": "5999",
        "price_per_unit": "600",
        "price_unit": "G"
      },
      {
        "state": "NT",
        "price": "5999",
        "price_per_unit": "600",
        "price_unit": "G"
      }
    ]
  },
  {
    "source_url": "https://www.woolworths.com.au/shop/productdetails/1074024203/coffee-hero-turkish-delight-whole-beans-500g",
    "name": "Coffee Hero Turkish Delight whole beans 500g",
    "image_url": "https://cdn1.woolworths.media/content/wowproductimages/large/1074024203.jpg",
    "source_id": "Woolworths - 1074024203",
    "barcode": "",
    "shop": "Woolworths",
    "weight": "100G",
    "prices": [
      {
        "state": "NSW",
        "price": "3499",
        "price_per_unit": "700",
        "price_unit": "G"
      },
      {
        "state": "VIC",
        "price": "3499",
        "price_per_unit": "700",
        "price_unit": "G"
      },
      {
        "state": "QLD",
        "price": "3499",
        "price_per_unit": "700",
        "price_unit": "G"
      },
      {
        "state": "WA",
        "price": "3499",
        "price_per_unit": "700",
        "price_unit": "G"
      },
      {
        "state": "SA",
        "price": "3499",
        "price_per_unit": "700",
        "price_unit": "G"
      },
      {
        "state": "TAS",
        "price": "3499",
        "price_per_unit": "700",
        "price_unit": "G"
      },
      {
        "state": "ACT",
        "price": "3499",
        "price_per_unit": "700",
        "price_unit": "G"
      },
      {
        "state": "NT",
        "price": "3499",
        "price_per_unit": "700",
        "price_unit": "G"
      },
      {
        "state": "NSW",
        "price": "3499",
        "price_per_unit": "700",
        "price_unit": "G"
      },
      {
        "state": "VIC",
        "price": "3499",
        "price_per_unit": "700",
        "price_unit": "G"
      },
      {
        "state": "QLD",
        "price": "3499",
        "price_per_unit": "700",
        "price_unit": "G"
      },
      {
        "state": "WA",
        "price": "3499",
        "price_per_unit": "700",
        "price_unit": "G"
      },
      {
        "state": "SA",
        "price": "3499",
        "price_per_unit": "700",
        "price_unit": "G"
      },
      {
        "state": "TAS",
        "price": "3499",
        "price_per_unit": "700",
        "price_unit": "G"
      },
      {
        "state": "ACT",
        "price": "3499",
        "price_per_unit": "700",
        "price_unit": "G"
      },
      {
        "state": "NT",
        "price": "3499",
        "price_per_unit": "700",
        "price_unit": "G"
      }
    ]
  },
  {
    "source_url": "https://www.woolworths.com.au/shop/productdetails/1075435142/coffee-hero-yemen-mocca-matari-whole-beans-1kg-new",
    "name": "Coffee Hero Yemen Mocca Matari whole beans 1kg / New",
    "image_url": "https://cdn1.woolworths.media/content/wowproductimages/large/1075435142.jpg",
    "source_id": "Woolworths - 1075435142",
    "barcode": "",
    "shop": "Woolworths",
    "weight": "100G",
    "prices": [
      {
        "state": "NSW",
        "price": "6799",
        "price_per_unit": "680",
        "price_unit": "G"
      },
      {
        "state": "VIC",
        "price": "6799",
        "price_per_unit": "680",
        "price_unit": "G"
      },
      {
        "state": "QLD",
        "price": "6799",
        "price_per_unit": "680",
        "price_unit": "G"
      },
      {
        "state": "WA",
        "price": "6799",
        "price_per_unit": "680",
        "price_unit": "G"
      },
      {
        "state": "SA",
        "price": "6799",
        "price_per_unit": "680",
        "price_unit": "G"
      },
      {
        "state": "TAS",
        "price": "6799",
        "price_per_unit": "680",
        "price_unit": "G"
      },
      {
        "state": "ACT",
        "price": "6799",
        "price_per_unit": "680",
        "price_unit": "G"
      },
      {
        "state": "NT",
        "price": "6799",
        "price_per_unit": "680",
        "price_unit": "G"
      },
      {
        "state": "NSW",
        "price": "6799",
        "price_per_unit": "680",
        "price_unit": "G"
      },
      {
        "state": "VIC",
        "price": "6799",
        "price_per_unit": "680",
        "price_unit": "G"
      },
      {
        "state": "QLD",
        "price": "6799",
        "price_per_unit": "680",
        "price_unit": "G"
      },
      {
        "state": "WA",
        "price": "6799",
        "price_per_unit": "680",
        "price_unit": "G"
      },
      {
        "state": "SA",
        "price": "6799",
        "price_per_unit": "680",
        "price_unit": "G"
      },
      {
        "state": "TAS",
        "price": "6799",
        "price_per_unit": "680",
        "price_unit": "G"
      },
      {
        "state": "ACT",
        "price": "6799",
        "price_per_unit": "680",
        "price_unit": "G"
      },
      {
        "state": "NT",
        "price": "6799",
        "price_per_unit": "680",
        "price_unit": "G"
      }
    ]
  },
  {
    "source_url": "https://www.woolworths.com.au/shop/productdetails/804552/dhuwa-ground-coffee-bigshot-blend",
    "name": "Dhuwa Ground Coffee Bigshot Blend 250g",
    "image_url": "https://cdn1.woolworths.media/content/wowproductimages/large/804552.jpg",
    "source_id": "Woolworths - 804552",
    "barcode": "9360926000005",
    "shop": "Woolworths",
    "weight": "100G",
    "prices": [
      {
        "state": "VIC",
        "price": "1095",
        "price_per_unit": "438",
        "price_unit": "G"
      },
      {
        "state": "QLD",
        "price": "1095",
        "price_per_unit": "438",
        "price_unit": "G"
      },
      {
        "state": "WA",
        "price": "1095",
        "price_per_unit": "438",
        "price_unit": "G"
      },
      {
        "state": "SA",
        "price": "1095",
        "price_per_unit": "438",
        "price_unit": "G"
      },
      {
        "state": "ACT",
        "price": "1095",
        "price_per_unit": "438",
        "price_unit": "G"
      },
      {
        "state": "NSW",
        "price": "1095",
        "price_per_unit": "438",
        "price_unit": "G"
      },
      {
        "state": "VIC",
        "price": "1095",
        "price_per_unit": "438",
        "price_unit": "G"
      },
      {
        "state": "SA",
        "price": "1095",
        "price_per_unit": "438",
        "price_unit": "G"
      },
      {
        "state": "ACT",
        "price": "1095",
        "price_per_unit": "438",
        "price_unit": "G"
      }
    ]
  },
  {
    "source_url": "https://www.woolworths.com.au/shop/productdetails/804519/dhuwa-ground-coffee-kickstart-blend",
    "name": "Dhuwa Ground Coffee Kickstart Blend 250g",
    "image_url": "https://cdn1.woolworths.media/content/wowproductimages/large/804519.jpg",
    "source_id": "Woolworths - 804519",
    "barcode": "9360926000029",
    "shop": "Woolworths",
    "weight": "100G",
    "prices": [
      {
        "state": "VIC",
        "price": "1095",
        "price_per_unit": "438",
        "price_unit": "G"
      },
      {
        "state": "QLD",
        "price": "1095",
        "price_per_unit": "438",
        "price_unit": "G"
      },
      {
        "state": "WA",
        "price": "1095",
        "price_per_unit": "438",
        "price_unit": "G"
      },
      {
        "state": "SA",
        "price": "1095",
        "price_per_unit": "438",
        "price_unit": "G"
      },
      {
        "state": "TAS",
        "price": "1095",
        "price_per_unit": "438",
        "price_unit": "G"
      },
      {
        "state": "ACT",
        "price": "1095",
        "price_per_unit": "438",
        "price_unit": "G"
      },
      {
        "state": "VIC",
        "price": "1095",
        "price_per_unit": "438",
        "price_unit": "G"
      },
      {
        "state": "SA",
        "price": "1095",
        "price_per_unit": "438",
        "price_unit": "G"
      },
      {
        "state": "TAS",
        "price": "1095",
        "price_per_unit": "438",
        "price_unit": "G"
      },
      {
        "state": "ACT",
        "price": "1095",
        "price_per_unit": "438",
        "price_unit": "G"
      }
    ]
  },
  {
    "source_url": "https://www.woolworths.com.au/shop/productdetails/1074025800/di-stefano-coffee-beans-109-speciality-blend-250g-2pk",
    "name": "Di Stefano Coffee Beans 109 Speciality Blend 250g 2PK",
    "image_url": "https://cdn1.woolworths.media/content/wowproductimages/large/1074025800.jpg",
    "source_id": "Woolworths - 1074025800",
    "barcode": "",
    "shop": "Woolworths",
    "weight": "1EA",
    "prices": [
      {
        "state": "NSW",
        "price": "4320",
        "price_per_unit": "2160",
        "price_unit": "EA"
      },
      {
        "state": "VIC",
        "price": "4320",
        "price_per_unit": "2160",
        "price_unit": "EA"
      },
      {
        "state": "QLD",
        "price": "4320",
        "price_per_unit": "2160",
        "price_unit": "EA"
      },
      {
        "state": "WA",
        "price": "4320",
        "price_per_unit": "2160",
        "price_unit": "EA"
      },
      {
        "state": "SA",
        "price": "4320",
        "price_per_unit": "2160",
        "price_unit": "EA"
      },
      {
        "state": "TAS",
        "price": "4320",
        "price_per_unit": "2160",
        "price_unit": "EA"
      },
      {
        "state": "ACT",
        "price": "4320",
        "price_per_unit": "2160",
        "price_unit": "EA"
      },
      {
        "state": "NT",
        "price": "4320",
        "price_per_unit": "2160",
        "price_unit": "EA"
      },
      {
        "state": "NSW",
        "price": "4320",
        "price_per_unit": "2160",
        "price_unit": "EA"
      },
      {
        "state": "VIC",
        "price": "4320",
        "price_per_unit": "2160",
        "price_unit": "EA"
      },
      {
        "state": "QLD",
        "price": "4320",
        "price_per_unit": "2160",
        "price_unit": "EA"
      },
      {
        "state": "WA",
        "price": "4320",
        "price_per_unit": "2160",
        "price_unit": "EA"
      },
      {
        "state": "SA",
        "price": "4320",
        "price_per_unit": "2160",
        "price_unit": "EA"
      },
      {
        "state": "TAS",
        "price": "4320",
        "price_per_unit": "2160",
        "price_unit": "EA"
      },
      {
        "state": "ACT",
        "price": "4320",
        "price_per_unit": "2160",
        "price_unit": "EA"
      },
      {
        "state": "NT",
        "price": "4320",
        "price_per_unit": "2160",
        "price_unit": "EA"
      }
    ]
  },
  {
    "source_url": "https://www.woolworths.com.au/shop/productdetails/1074051214/di-stefano-coffee-beans-1820-blend-250g-2pk",
    "name": "Di Stefano Coffee Beans 1820 Blend 250g 2PK",
    "image_url": "https://cdn1.woolworths.media/content/wowproductimages/large/1074051214.jpg",
    "source_id": "Woolworths - 1074051214",
    "barcode": "",
    "shop": "Woolworths",
    "weight": "1EA",
    "prices": [
      {
        "state": "NSW",
        "price": "4770",
        "price_per_unit": "2385",
        "price_unit": "EA"
      },
      {
        "state": "VIC",
        "price": "4770",
        "price_per_unit": "2385",
        "price_unit": "EA"
      },
      {
        "state": "QLD",
        "price": "4770",
        "price_per_unit": "2385",
        "price_unit": "EA"
      },
      {
        "state": "WA",
        "price": "4770",
        "price_per_unit": "2385",
        "price_unit": "EA"
      },
      {
        "state": "SA",
        "price": "4770",
        "price_per_unit": "2385",
        "price_unit": "EA"
      },
      {
        "state": "TAS",
        "price": "4770",
        "price_per_unit": "2385",
        "price_unit": "EA"
      },
      {
        "state": "ACT",
        "price": "4770",
        "price_per_unit": "2385",
        "price_unit": "EA"
      },
      {
        "state": "NT",
        "price": "4770",
        "price_per_unit": "2385",
        "price_unit": "EA"
      },
      {
        "state": "NSW",
        "price": "4770",
        "price_per_unit": "2385",
        "price_unit": "EA"
      },
      {
        "state": "VIC",
        "price": "4770",
        "price_per_unit": "2385",
        "price_unit": "EA"
      },
      {
        "state": "QLD",
        "price": "4770",
        "price_per_unit": "2385",
        "price_unit": "EA"
      },
      {
        "state": "WA",
        "price": "4770",
        "price_per_unit": "2385",
        "price_unit": "EA"
      },
      {
        "state": "SA",
        "price": "4770",
        "price_per_unit": "2385",
        "price_unit": "EA"
      },
      {
        "state": "TAS",
        "price": "4770",
        "price_per_unit": "2385",
        "price_unit": "EA"
      },
      {
        "state": "ACT",
        "price": "4770",
        "price_per_unit": "2385",
        "price_unit": "EA"
      },
      {
        "state": "NT",
        "price": "4770",
        "price_per_unit": "2385",
        "price_unit": "EA"
      }
    ]
  },
  {
    "source_url": "https://www.woolworths.com.au/shop/productdetails/1074025822/di-stefano-decaf-coffee-beans-decaffeinato-250g-2pk",
    "name": "Di Stefano Decaf Coffee Beans Decaffeinato 250g 2PK",
    "image_url": "https://cdn1.woolworths.media/content/wowproductimages/large/1074025822.jpg",
    "source_id": "Woolworths - 1074025822",
    "barcode": "",
    "shop": "Woolworths",
    "weight": "1EA",
    "prices": [
      {
        "state": "NSW",
        "price": "4410",
        "price_per_unit": "2205",
        "price_unit": "EA"
      },
      {
        "state": "VIC",
        "price": "4410",
        "price_per_unit": "2205",
        "price_unit": "EA"
      },
      {
        "state": "QLD",
        "price": "4410",
        "price_per_unit": "2205",
        "price_unit": "EA"
      },
      {
        "state": "WA",
        "price": "4410",
        "price_per_unit": "2205",
        "price_unit": "EA"
      },
      {
        "state": "SA",
        "price": "4410",
        "price_per_unit": "2205",
        "price_unit": "EA"
      },
      {
        "state": "TAS",
        "price": "4410",
        "price_per_unit": "2205",
        "price_unit": "EA"
      },
      {
        "state": "ACT",
        "price": "4410",
        "price_per_unit": "2205",
        "price_unit": "EA"
      },
      {
        "state": "NT",
        "price": "4410",
        "price_per_unit": "2205",
        "price_unit": "EA"
      },
      {
        "state": "NSW",
        "price": "4410",
        "price_per_unit": "2205",
        "price_unit": "EA"
      },
      {
        "state": "VIC",
        "price": "4410",
        "price_per_unit": "2205",
        "price_unit": "EA"
      },
      {
        "state": "QLD",
        "price": "4410",
        "price_per_unit": "2205",
        "price_unit": "EA"
      },
      {
        "state": "WA",
        "price": "4410",
        "price_per_unit": "2205",
        "price_unit": "EA"
      },
      {
        "state": "SA",
        "price": "4410",
        "price_per_unit": "2205",
        "price_unit": "EA"
      },
      {
        "state": "TAS",
        "price": "4410",
        "price_per_unit": "2205",
        "price_unit": "EA"
      },
      {
        "state": "ACT",
        "price": "4410",
        "price_per_unit": "2205",
        "price_unit": "EA"
      },
      {
        "state": "NT",
        "price": "4410",
        "price_per_unit": "2205",
        "price_unit": "EA"
      }
    ]
  },
  {
    "source_url": "https://www.woolworths.com.au/shop/productdetails/699538/dolce-gusto-flat-white-coffee-pods-capsules",
    "name": "Dolce Gusto Flat White Coffee Pods Capsules 16 Pack",
    "image_url": "https://cdn1.woolworths.media/content/wowproductimages/large/699538.jpg",
    "source_id": "Woolworths - 699538",
    "barcode": "7613036407717",
    "shop": "Woolworths",
    "weight": "1EA",
    "prices": [
      {
        "state": "NSW",
        "price": "1000",
        "price_per_unit": "63",
        "price_unit": "EA"
      },
      {
        "state": "VIC",
        "price": "1000",
        "price_per_unit": "63",
        "price_unit": "EA"
      },
      {
        "state": "QLD",
        "price": "1000",
        "price_per_unit": "63",
        "price_unit": "EA"
      },
      {
        "state": "WA",
        "price": "1000",
        "price_per_unit": "63",
        "price_unit": "EA"
      },
      {
        "state": "SA",
        "price": "1000",
        "price_per_unit": "63",
        "price_unit": "EA"
      },
      {
        "state": "TAS",
        "price": "1000",
        "price_per_unit": "63",
        "price_unit": "EA"
      },
      {
        "state": "ACT",
        "price": "1000",
        "price_per_unit": "63",
        "price_unit": "EA"
      },
      {
        "state": "NT",
        "price": "1000",
        "price_per_unit": "63",
        "price_unit": "EA"
      },
      {
        "state": "NSW",
        "price": "1000",
        "price_per_unit": "63",
        "price_unit": "EA"
      },
      {
        "state": "VIC",
        "price": "1000",
        "price_per_unit": "63",
        "price_unit": "EA"
      },
      {
        "state": "QLD",
        "price": "1000",
        "price_per_unit": "63",
        "price_unit": "EA"
      },
      {
        "state": "WA",
        "price": "1000",
        "price_per_unit": "63",
        "price_unit": "EA"
      },
      {
        "state": "SA",
        "price": "1000",
        "price_per_unit": "63",
        "price_unit": "EA"
      },
      {
        "state": "TAS",
        "price": "1000",
        "price_per_unit": "63",
        "price_unit": "EA"
      },
      {
        "state": "ACT",
        "price": "1000",
        "price_per_unit": "63",
        "price_unit": "EA"
      },
      {
        "state": "NT",
        "price": "1000",
        "price_per_unit": "63",
        "price_unit": "EA"
      }
    ]
  },
  {
    "source_url": "https://www.woolworths.com.au/shop/productdetails/738617/grinders-crema-coffee-beans-coffee-beans",
    "name": "Grinders Crema Coffee Beans 1kg",
    "image_url": "https://cdn1.woolworths.media/content/wowproductimages/large/738617.jpg",
    "source_id": "Woolworths - 738617",
    "barcode": "9329214001018",
    "shop": "Woolworths",
    "weight": "100G",
    "prices": [
      {
        "state": "NSW",
        "price": "2450",
        "price_per_unit": "245",
        "price_unit": "G"
      },
      {
        "state": "VIC",
        "price": "2450",
        "price_per_unit": "245",
        "price_unit": "G"
      },
      {
        "state": "QLD",
        "price": "2450",
        "price_per_unit": "245",
        "price_unit": "G"
      },
      {
        "state": "WA",
        "price": "2450",
        "price_per_unit": "245",
        "price_unit": "G"
      },
      {
        "state": "SA",
        "price": "2450",
        "price_per_unit": "245",
        "price_unit": "G"
      },
      {
        "state": "TAS",
        "price": "2450",
        "price_per_unit": "245",
        "price_unit": "G"
      },
      {
        "state": "ACT",
        "price": "3500",
        "price_per_unit": "350",
        "price_unit": "G"
      },
      {
        "state": "NT",
        "price": "3500",
        "price_per_unit": "350",
        "price_unit": "G"
      },
      {
        "state": "NSW",
        "price": "3500",
        "price_per_unit": "350",
        "price_unit": "G"
      },
      {
        "state": "VIC",
        "price": "3500",
        "price_per_unit": "350",
        "price_unit": "G"
      },
      {
        "state": "QLD",
        "price": "3500",
        "price_per_unit": "350",
        "price_unit": "G"
      },
      {
        "state": "WA",
        "price": "3500",
        "price_per_unit": "350",
        "price_unit": "G"
      },
      {
        "state": "SA",
        "price": "3500",
        "price_per_unit": "350",
        "price_unit": "G"
      },
      {
        "state": "TAS",
        "price": "3500",
        "price_per_unit": "350",
        "price_unit": "G"
      },
      {
        "state": "ACT",
        "price": "3500",
        "price_per_unit": "350",
        "price_unit": "G"
      },
      {
        "state": "NT",
        "price": "3500",
        "price_per_unit": "350",
        "price_unit": "G"
      }
    ]
  },
  {
    "source_url": "https://www.woolworths.com.au/shop/productdetails/92553/harris-coffee-beans-smooth",
    "name": "Harris Coffee Beans Smooth 1kg",
    "image_url": "https://cdn1.woolworths.media/content/wowproductimages/large/092553.jpg",
    "source_id": "Woolworths - 92553",
    "barcode": "9310200009361",
    "shop": "Woolworths",
    "weight": "100G",
    "prices": [
      {
        "state": "NSW",
        "price": "3200",
        "price_per_unit": "320",
        "price_unit": "G"
      },
      {
        "state": "VIC",
        "price": "3200",
        "price_per_unit": "320",
        "price_unit": "G"
      },
      {
        "state": "QLD",
        "price": "3200",
        "price_per_unit": "320",
        "price_unit": "G"
      },
      {
        "state": "WA",
        "price": "3200",
        "price_per_unit": "320",
        "price_unit": "G"
      },
      {
        "state": "SA",
        "price": "3200",
        "price_per_unit": "320",
        "price_unit": "G"
      },
      {
        "state": "TAS",
        "price": "3200",
        "price_per_unit": "320",
        "price_unit": "G"
      },
      {
        "state": "ACT",
        "price": "3200",
        "price_per_unit": "320",
        "price_unit": "G"
      },
      {
        "state": "NT",
        "price": "3200",
        "price_per_unit": "320",
        "price_unit": "G"
      },
      {
        "state": "NSW",
        "price": "3200",
        "price_per_unit": "320",
        "price_unit": "G"
      },
      {
        "state": "VIC",
        "price": "3200",
        "price_per_unit": "320",
        "price_unit": "G"
      },
      {
        "state": "QLD",
        "price": "3200",
        "price_per_unit": "320",
        "price_unit": "G"
      },
      {
        "state": "WA",
        "price": "3200",
        "price_per_unit": "320",
        "price_unit": "G"
      },
      {
        "state": "SA",
        "price": "3200",
        "price_per_unit": "320",
        "price_unit": "G"
      },
      {
        "state": "TAS",
        "price": "3200",
        "price_per_unit": "320",
        "price_unit": "G"
      },
      {
        "state": "ACT",
        "price": "3200",
        "price_per_unit": "320",
        "price_unit": "G"
      },
      {
        "state": "NT",
        "price": "3200",
        "price_per_unit": "320",
        "price_unit": "G"
      }
    ]
  },
  {
    "source_url": "https://www.woolworths.com.au/shop/productdetails/1074779702/harris-coffee-beans-smooth-medium-roast-100-arabica-1kg-3-pack-bulk",
    "name": "Harris Coffee Beans Smooth Medium Roast 100% Arabica 1kg 3 Pack Bulk",
    "image_url": "https://cdn1.woolworths.media/content/wowproductimages/large/1074779702.jpg",
    "source_id": "Woolworths - 1074779702",
    "barcode": "",
    "shop": "Woolworths",
    "weight": "1EA",
    "prices": [
      {
        "state": "NSW",
        "price": "11995",
        "price_per_unit": "3998",
        "price_unit": "EA"
      },
      {
        "state": "VIC",
        "price": "11995",
        "price_per_unit": "3998",
        "price_unit": "EA"
      },
      {
        "state": "QLD",
        "price": "11995",
        "price_per_unit": "3998",
        "price_unit": "EA"
      },
      {
        "state": "WA",
        "price": "11995",
        "price_per_unit": "3998",
        "price_unit": "EA"
      },
      {
        "state": "SA",
        "price": "11995",
        "price_per_unit": "3998",
        "price_unit": "EA"
      },
      {
        "state": "TAS",
        "price": "11995",
        "price_per_unit": "3998",
        "price_unit": "EA"
      },
      {
        "state": "ACT",
        "price": "11995",
        "price_per_unit": "3998",
        "price_unit": "EA"
      },
      {
        "state": "NT",
        "price": "11995",
        "price_per_unit": "3998",
        "price_unit": "EA"
      },
      {
        "state": "NSW",
        "price": "11995",
        "price_per_unit": "3998",
        "price_unit": "EA"
      },
      {
        "state": "VIC",
        "price": "11995",
        "price_per_unit": "3998",
        "price_unit": "EA"
      },
      {
        "state": "QLD",
        "price": "11995",
        "price_per_unit": "3998",
        "price_unit": "EA"
      },
      {
        "state": "WA",
        "price": "11995",
        "price_per_unit": "3998",
        "price_unit": "EA"
      },
      {
        "state": "SA",
        "price": "11995",
        "price_per_unit": "3998",
        "price_unit": "EA"
      },
      {
        "state": "TAS",
        "price": "11995",
        "price_per_unit": "3998",
        "price_unit": "EA"
      },
      {
        "state": "ACT",
        "price": "11995",
        "price_per_unit": "3998",
        "price_unit": "EA"
      },
      {
        "state": "NT",
        "price": "11995",
        "price_per_unit": "3998",
        "price_unit": "EA"
      }
    ]
  },
  {
    "source_url": "https://www.woolworths.com.au/shop/productdetails/90001/harris-coffee-beans-strong",
    "name": "Harris Coffee Beans Strong 1kg",
    "image_url": "https://cdn1.woolworths.media/content/wowproductimages/large/090001.jpg",
    "source_id": "Woolworths - 90001",
    "barcode": "9310200009392",
    "shop": "Woolworths",
    "weight": "100G",
    "prices": [
      {
        "state": "NSW",
        "price": "3200",
        "price_per_unit": "320",
        "price_unit": "G"
      },
      {
        "state": "VIC",
        "price": "3200",
        "price_per_unit": "320",
        "price_unit": "G"
      },
      {
        "state": "QLD",
        "price": "3200",
        "price_per_unit": "320",
        "price_unit": "G"
      },
      {
        "state": "WA",
        "price": "3200",
        "price_per_unit": "320",
        "price_unit": "G"
      },
      {
        "state": "SA",
        "price": "3200",
        "price_per_unit": "320",
        "price_unit": "G"
      },
      {
        "state": "TAS",
        "price": "3200",
        "price_per_unit": "320",
        "price_unit": "G"
      },
      {
        "state": "ACT",
        "price": "3200",
        "price_per_unit": "320",
        "price_unit": "G"
      },
      {
        "state": "NSW",
        "price": "3200",
        "price_per_unit": "320",
        "price_unit": "G"
      },
      {
        "state": "VIC",
        "price": "3200",
        "price_per_unit": "320",
        "price_unit": "G"
      },
      {
        "state": "QLD",
        "price": "3200",
        "price_per_unit": "320",
        "price_unit": "G"
      },
      {
        "state": "WA",
        "price": "3200",
        "price_per_unit": "320",
        "price_unit": "G"
      },
      {
        "state": "SA",
        "price": "3200",
        "price_per_unit": "320",
        "price_unit": "G"
      },
      {
        "state": "TAS",
        "price": "3200",
        "price_per_unit": "320",
        "price_unit": "G"
      },
      {
        "state": "ACT",
        "price": "3200",
        "price_per_unit": "320",
        "price_unit": "G"
      }
    ]
  },
  {
    "source_url": "https://www.woolworths.com.au/shop/productdetails/91100/harris-coffee-beans-very-strong",
    "name": "Harris Coffee Beans Very Strong 1kg",
    "image_url": "https://cdn1.woolworths.media/content/wowproductimages/large/091100.jpg",
    "source_id": "Woolworths - 91100",
    "barcode": "9310200009446",
    "shop": "Woolworths",
    "weight": "100G",
    "prices": [
      {
        "state": "VIC",
        "price": "3200",
        "price_per_unit": "320",
        "price_unit": "G"
      },
      {
        "state": "QLD",
        "price": "3200",
        "price_per_unit": "320",
        "price_unit": "G"
      },
      {
        "state": "WA",
        "price": "3200",
        "price_per_unit": "320",
        "price_unit": "G"
      },
      {
        "state": "SA",
        "price": "3200",
        "price_per_unit": "320",
        "price_unit": "G"
      },
      {
        "state": "TAS",
        "price": "3200",
        "price_per_unit": "320",
        "price_unit": "G"
      },
      {
        "state": "ACT",
        "price": "3200",
        "price_per_unit": "320",
        "price_unit": "G"
      },
      {
        "state": "VIC",
        "price": "3200",
        "price_per_unit": "320",
        "price_unit": "G"
      },
      {
        "state": "QLD",
        "price": "3200",
        "price_per_unit": "320",
        "price_unit": "G"
      },
      {
        "state": "WA",
        "price": "3200",
        "price_per_unit": "320",
        "price_unit": "G"
      },
      {
        "state": "TAS",
        "price": "3200",
        "price_per_unit": "320",
        "price_unit": "G"
      }
    ]
  },
  {
    "source_url": "https://www.woolworths.com.au/shop/productdetails/1074779703/harris-coffee-whole-beans-full-bodied-espresso-dark-roast-1kg-3-pack-bulk",
    "name": "Harris Coffee Whole Beans Full-Bodied Espresso Dark Roast 1kg 3 Pack Bulk",
    "image_url": "https://cdn1.woolworths.media/content/wowproductimages/large/1074779703.jpg",
    "source_id": "Woolworths - 1074779703",
    "barcode": "",
    "shop": "Woolworths",
    "weight": "1EA",
    "prices": [
      {
        "state": "NSW",
        "price": "10995",
        "price_per_unit": "3665",
        "price_unit": "EA"
      },
      {
        "state": "VIC",
        "price": "10995",
        "price_per_unit": "3665",
        "price_unit": "EA"
      },
      {
        "state": "QLD",
        "price": "10995",
        "price_per_unit": "3665",
        "price_unit": "EA"
      },
      {
        "state": "WA",
        "price": "10995",
        "price_per_unit": "3665",
        "price_unit": "EA"
      },
      {
        "state": "SA",
        "price": "10995",
        "price_per_unit": "3665",
        "price_unit": "EA"
      },
      {
        "state": "TAS",
        "price": "10995",
        "price_per_unit": "3665",
        "price_unit": "EA"
      },
      {
        "state": "ACT",
        "price": "10995",
        "price_per_unit": "3665",
        "price_unit": "EA"
      },
      {
        "state": "NT",
        "price": "10995",
        "price_per_unit": "3665",
        "price_unit": "EA"
      },
      {
        "state": "NSW",
        "price": "10995",
        "price_per_unit": "3665",
        "price_unit": "EA"
      },
      {
        "state": "VIC",
        "price": "10995",
        "price_per_unit": "3665",
        "price_unit": "EA"
      },
      {
        "state": "QLD",
        "price": "10995",
        "price_per_unit": "3665",
        "price_unit": "EA"
      },
      {
        "state": "WA",
        "price": "10995",
        "price_per_unit": "3665",
        "price_unit": "EA"
      },
      {
        "state": "SA",
        "price": "10995",
        "price_per_unit": "3665",
        "price_unit": "EA"
      },
      {
        "state": "TAS",
        "price": "10995",
        "price_per_unit": "3665",
        "price_unit": "EA"
      },
      {
        "state": "ACT",
        "price": "10995",
        "price_per_unit": "3665",
        "price_unit": "EA"
      },
      {
        "state": "NT",
        "price": "10995",
        "price_per_unit": "3665",
        "price_unit": "EA"
      }
    ]
  },
  {
    "source_url": "https://www.woolworths.com.au/shop/productdetails/1074025789/illy-blend-intenso-bold-roast-espresso-coffee-beans-1500g",
    "name": "Illy Blend Intenso Bold Roast Espresso Coffee Beans 1500g",
    "image_url": "https://cdn1.woolworths.media/content/wowproductimages/large/1074025789.jpg",
    "source_id": "Woolworths - 1074025789",
    "barcode": "",
    "shop": "Woolworths",
    "weight": null,
    "prices": []
  },
  {
    "source_url": "https://www.woolworths.com.au/shop/productdetails/1074025785/illy-classico-100-arabica-esspresso-classic-roast-coffe-bean-1-5kg",
    "name": "Illy Classico 100% Arabica Esspresso Classic Roast Coffe Bean 1.5kg",
    "image_url": "https://cdn1.woolworths.media/content/wowproductimages/large/1074025785.jpg",
    "source_id": "Woolworths - 1074025785",
    "barcode": "",
    "shop": "Woolworths",
    "weight": null,
    "prices": []
  },
  {
    "source_url": "https://www.woolworths.com.au/shop/productdetails/1073908309/illy-classico-coffee-beans-3kg",
    "name": "Illy Classico Coffee Beans 3kg",
    "image_url": "https://cdn1.woolworths.media/content/wowproductimages/large/1073908309.jpg",
    "source_id": "Woolworths - 1073908309",
    "barcode": "",
    "shop": "Woolworths",
    "weight": "100G",
    "prices": [
      {
        "state": "NSW",
        "price": "17010",
        "price_per_unit": "567",
        "price_unit": "G"
      },
      {
        "state": "VIC",
        "price": "17010",
        "price_per_unit": "567",
        "price_unit": "G"
      },
      {
        "state": "QLD",
        "price": "17010",
        "price_per_unit": "567",
        "price_unit": "G"
      },
      {
        "state": "WA",
        "price": "17010",
        "price_per_unit": "567",
        "price_unit": "G"
      },
      {
        "state": "SA",
        "price": "17010",
        "price_per_unit": "567",
        "price_unit": "G"
      },
      {
        "state": "TAS",
        "price": "17010",
        "price_per_unit": "567",
        "price_unit": "G"
      },
      {
        "state": "ACT",
        "price": "17010",
        "price_per_unit": "567",
        "price_unit": "G"
      },
      {
        "state": "NT",
        "price": "17010",
        "price_per_unit": "567",
        "price_unit": "G"
      },
      {
        "state": "NSW",
        "price": "17010",
        "price_per_unit": "567",
        "price_unit": "G"
      },
      {
        "state": "VIC",
        "price": "17010",
        "price_per_unit": "567",
        "price_unit": "G"
      },
      {
        "state": "QLD",
        "price": "17010",
        "price_per_unit": "567",
        "price_unit": "G"
      },
      {
        "state": "WA",
        "price": "17010",
        "price_per_unit": "567",
        "price_unit": "G"
      },
      {
        "state": "SA",
        "price": "17010",
        "price_per_unit": "567",
        "price_unit": "G"
      },
      {
        "state": "TAS",
        "price": "17010",
        "price_per_unit": "567",
        "price_unit": "G"
      },
      {
        "state": "ACT",
        "price": "17010",
        "price_per_unit": "567",
        "price_unit": "G"
      },
      {
        "state": "NT",
        "price": "17010",
        "price_per_unit": "567",
        "price_unit": "G"
      }
    ]
  },
  {
    "source_url": "https://www.woolworths.com.au/shop/productdetails/1074025780/illy-colombia-coffee-beans-250g",
    "name": "Illy Colombia Coffee Beans 250g",
    "image_url": "https://cdn1.woolworths.media/content/wowproductimages/large/1074025780.jpg",
    "source_id": "Woolworths - 1074025780",
    "barcode": "",
    "shop": "Woolworths",
    "weight": null,
    "prices": []
  },
  {
    "source_url": "https://www.woolworths.com.au/shop/productdetails/1073908297/illy-colombia-coffee-beans-250g-3pk",
    "name": "Illy Colombia Coffee Beans 250g 3PK",
    "image_url": "https://cdn1.woolworths.media/content/wowproductimages/large/1073908297.jpg",
    "source_id": "Woolworths - 1073908297",
    "barcode": "",
    "shop": "Woolworths",
    "weight": "1EA",
    "prices": [
      {
        "state": "NSW",
        "price": "5310",
        "price_per_unit": "1770",
        "price_unit": "EA"
      },
      {
        "state": "VIC",
        "price": "5310",
        "price_per_unit": "1770",
        "price_unit": "EA"
      },
      {
        "state": "QLD",
        "price": "5310",
        "price_per_unit": "1770",
        "price_unit": "EA"
      },
      {
        "state": "WA",
        "price": "5310",
        "price_per_unit": "1770",
        "price_unit": "EA"
      },
      {
        "state": "SA",
        "price": "5310",
        "price_per_unit": "1770",
        "price_unit": "EA"
      },
      {
        "state": "TAS",
        "price": "5310",
        "price_per_unit": "1770",
        "price_unit": "EA"
      },
      {
        "state": "ACT",
        "price": "5310",
        "price_per_unit": "1770",
        "price_unit": "EA"
      },
      {
        "state": "NT",
        "price": "5310",
        "price_per_unit": "1770",
        "price_unit": "EA"
      },
      {
        "state": "NSW",
        "price": "5310",
        "price_per_unit": "1770",
        "price_unit": "EA"
      },
      {
        "state": "VIC",
        "price": "5310",
        "price_per_unit": "1770",
        "price_unit": "EA"
      },
      {
        "state": "QLD",
        "price": "5310",
        "price_per_unit": "1770",
        "price_unit": "EA"
      },
      {
        "state": "WA",
        "price": "5310",
        "price_per_unit": "1770",
        "price_unit": "EA"
      },
      {
        "state": "SA",
        "price": "5310",
        "price_per_unit": "1770",
        "price_unit": "EA"
      },
      {
        "state": "TAS",
        "price": "5310",
        "price_per_unit": "1770",
        "price_unit": "EA"
      },
      {
        "state": "ACT",
        "price": "5310",
        "price_per_unit": "1770",
        "price_unit": "EA"
      },
      {
        "state": "NT",
        "price": "5310",
        "price_per_unit": "1770",
        "price_unit": "EA"
      }
    ]
  },
  {
    "source_url": "https://www.woolworths.com.au/shop/productdetails/159160/lavazza-coffee-beans-crema-e-gusto-classico",
    "name": "Lavazza Coffee Beans Crema e Gusto Classico 1kg",
    "image_url": "https://cdn1.woolworths.media/content/wowproductimages/large/159160.jpg",
    "source_id": "Woolworths - 159160",
    "barcode": "8000070051003",
    "shop": "Woolworths",
    "weight": "100G",
    "prices": [
      {
        "state": "NSW",
        "price": "2500",
        "price_per_unit": "250",
        "price_unit": "G"
      },
      {
        "state": "VIC",
        "price": "2500",
        "price_per_unit": "250",
        "price_unit": "G"
      },
      {
        "state": "QLD",
        "price": "2500",
        "price_per_unit": "250",
        "price_unit": "G"
      },
      {
        "state": "WA",
        "price": "2500",
        "price_per_unit": "250",
        "price_unit": "G"
      },
      {
        "state": "SA",
        "price": "2500",
        "price_per_unit": "250",
        "price_unit": "G"
      },
      {
        "state": "TAS",
        "price": "2500",
        "price_per_unit": "250",
        "price_unit": "G"
      },
      {
        "state": "ACT",
        "price": "2500",
        "price_per_unit": "250",
        "price_unit": "G"
      },
      {
        "state": "NT",
        "price": "2500",
        "price_per_unit": "250",
        "price_unit": "G"
      },
      {
        "state": "NSW",
        "price": "2500",
        "price_per_unit": "250",
        "price_unit": "G"
      },
      {
        "state": "VIC",
        "price": "2500",
        "price_per_unit": "250",
        "price_unit": "G"
      },
      {
        "state": "QLD",
        "price": "2500",
        "price_per_unit": "250",
        "price_unit": "G"
      },
      {
        "state": "WA",
        "price": "2500",
        "price_per_unit": "250",
        "price_unit": "G"
      },
      {
        "state": "SA",
        "price": "2500",
        "price_per_unit": "250",
        "price_unit": "G"
      },
      {
        "state": "TAS",
        "price": "2500",
        "price_per_unit": "250",
        "price_unit": "G"
      },
      {
        "state": "ACT",
        "price": "2500",
        "price_per_unit": "250",
        "price_unit": "G"
      },
      {
        "state": "NT",
        "price": "2500",
        "price_per_unit": "250",
        "price_unit": "G"
      }
    ]
  },
  {
    "source_url": "https://www.woolworths.com.au/shop/productdetails/94147/lavazza-espresso-barista-gran-crema-coffee-beans",
    "name": "Lavazza Espresso Barista Gran Crema Coffee Beans 1kg",
    "image_url": "https://cdn1.woolworths.media/content/wowproductimages/large/094147.jpg",
    "source_id": "Woolworths - 94147",
    "barcode": "8000070025066",
    "shop": "Woolworths",
    "weight": "100G",
    "prices": [
      {
        "state": "NSW",
        "price": "5000",
        "price_per_unit": "500",
        "price_unit": "G"
      },
      {
        "state": "VIC",
        "price": "5000",
        "price_per_unit": "500",
        "price_unit": "G"
      },
      {
        "state": "QLD",
        "price": "5000",
        "price_per_unit": "500",
        "price_unit": "G"
      },
      {
        "state": "WA",
        "price": "5000",
        "price_per_unit": "500",
        "price_unit": "G"
      },
      {
        "state": "SA",
        "price": "5000",
        "price_per_unit": "500",
        "price_unit": "G"
      },
      {
        "state": "TAS",
        "price": "5000",
        "price_per_unit": "500",
        "price_unit": "G"
      },
      {
        "state": "ACT",
        "price": "5000",
        "price_per_unit": "500",
        "price_unit": "G"
      },
      {
        "state": "NT",
        "price": "5000",
        "price_per_unit": "500",
        "price_unit": "G"
      },
      {
        "state": "NSW",
        "price": "5000",
        "price_per_unit": "500",
        "price_unit": "G"
      },
      {
        "state": "VIC",
        "price": "5000",
        "price_per_unit": "500",
        "price_unit": "G"
      },
      {
        "state": "QLD",
        "price": "5000",
        "price_per_unit": "500",
        "price_unit": "G"
      },
      {
        "state": "WA",
        "price": "5000",
        "price_per_unit": "500",
        "price_unit": "G"
      },
      {
        "state": "SA",
        "price": "5000",
        "price_per_unit": "500",
        "price_unit": "G"
      },
      {
        "state": "TAS",
        "price": "5000",
        "price_per_unit": "500",
        "price_unit": "G"
      },
      {
        "state": "ACT",
        "price": "5000",
        "price_per_unit": "500",
        "price_unit": "G"
      },
      {
        "state": "NT",
        "price": "5000",
        "price_per_unit": "500",
        "price_unit": "G"
      }
    ]
  },
  {
    "source_url": "https://www.woolworths.com.au/shop/productdetails/74006/lavazza-qualita-oro-coffee-beans",
    "name": "Lavazza Qualita Oro Coffee Beans 1kg",
    "image_url": "https://cdn1.woolworths.media/content/wowproductimages/large/074006.jpg",
    "source_id": "Woolworths - 74006",
    "barcode": "8000070012660",
    "shop": "Woolworths",
    "weight": "100G",
    "prices": [
      {
        "state": "NSW",
        "price": "4800",
        "price_per_unit": "480",
        "price_unit": "G"
      },
      {
        "state": "VIC",
        "price": "4800",
        "price_per_unit": "480",
        "price_unit": "G"
      },
      {
        "state": "QLD",
        "price": "4800",
        "price_per_unit": "480",
        "price_unit": "G"
      },
      {
        "state": "WA",
        "price": "4800",
        "price_per_unit": "480",
        "price_unit": "G"
      },
      {
        "state": "SA",
        "price": "4800",
        "price_per_unit": "480",
        "price_unit": "G"
      },
      {
        "state": "TAS",
        "price": "3360",
        "price_per_unit": "336",
        "price_unit": "G"
      },
      {
        "state": "ACT",
        "price": "3360",
        "price_per_unit": "336",
        "price_unit": "G"
      },
      {
        "state": "NT",
        "price": "3360",
        "price_per_unit": "336",
        "price_unit": "G"
      },
      {
        "state": "NSW",
        "price": "2400",
        "price_per_unit": "240",
        "price_unit": "G"
      },
      {
        "state": "QLD",
        "price": "2400",
        "price_per_unit": "240",
        "price_unit": "G"
      },
      {
        "state": "WA",
        "price": "2400",
        "price_per_unit": "240",
        "price_unit": "G"
      },
      {
        "state": "SA",
        "price": "2400",
        "price_per_unit": "240",
        "price_unit": "G"
      },
      {
        "state": "TAS",
        "price": "2400",
        "price_per_unit": "240",
        "price_unit": "G"
      },
      {
        "state": "ACT",
        "price": "2400",
        "price_per_unit": "240",
        "price_unit": "G"
      },
      {
        "state": "NT",
        "price": "2400",
        "price_per_unit": "240",
        "price_unit": "G"
      }
    ]
  },
  {
    "source_url": "https://www.woolworths.com.au/shop/productdetails/309483/lavazza-tales-of-italy-alluring-napoli-coffee-beans",
    "name": "Lavazza Tales Of Italy Alluring Napoli Coffee Beans 500g",
    "image_url": "https://cdn1.woolworths.media/content/wowproductimages/large/309483.jpg",
    "source_id": "Woolworths - 309483",
    "barcode": "8000070069169",
    "shop": "Woolworths",
    "weight": "100G",
    "prices": [
      {
        "state": "NSW",
        "price": "2900",
        "price_per_unit": "580",
        "price_unit": "G"
      },
      {
        "state": "VIC",
        "price": "2900",
        "price_per_unit": "580",
        "price_unit": "G"
      },
      {
        "state": "QLD",
        "price": "2900",
        "price_per_unit": "580",
        "price_unit": "G"
      },
      {
        "state": "WA",
        "price": "2900",
        "price_per_unit": "580",
        "price_unit": "G"
      },
      {
        "state": "SA",
        "price": "2900",
        "price_per_unit": "580",
        "price_unit": "G"
      },
      {
        "state": "TAS",
        "price": "2900",
        "price_per_unit": "580",
        "price_unit": "G"
      },
      {
        "state": "ACT",
        "price": "2900",
        "price_per_unit": "580",
        "price_unit": "G"
      },
      {
        "state": "NT",
        "price": "1740",
        "price_per_unit": "348",
        "price_unit": "G"
      },
      {
        "state": "NSW",
        "price": "1740",
        "price_per_unit": "348",
        "price_unit": "G"
      },
      {
        "state": "VIC",
        "price": "1740",
        "price_per_unit": "348",
        "price_unit": "G"
      },
      {
        "state": "QLD",
        "price": "1740",
        "price_per_unit": "348",
        "price_unit": "G"
      },
      {
        "state": "WA",
        "price": "1740",
        "price_per_unit": "348",
        "price_unit": "G"
      },
      {
        "state": "SA",
        "price": "1740",
        "price_per_unit": "348",
        "price_unit": "G"
      },
      {
        "state": "TAS",
        "price": "1740",
        "price_per_unit": "348",
        "price_unit": "G"
      },
      {
        "state": "ACT",
        "price": "1740",
        "price_per_unit": "348",
        "price_unit": "G"
      },
      {
        "state": "NT",
        "price": "1740",
        "price_per_unit": "348",
        "price_unit": "G"
      }
    ]
  },
  {
    "source_url": "https://www.woolworths.com.au/shop/productdetails/663108/lavazza-tales-of-italy-enchanting-capri-coffee-beans",
    "name": "Lavazza Tales Of Italy Enchanting Capri Coffee Beans 500g",
    "image_url": "https://cdn1.woolworths.media/content/wowproductimages/large/663108.jpg",
    "source_id": "Woolworths - 663108",
    "barcode": "8000070075320",
    "shop": "Woolworths",
    "weight": "100G",
    "prices": [
      {
        "state": "NSW",
        "price": "2900",
        "price_per_unit": "580",
        "price_unit": "G"
      },
      {
        "state": "VIC",
        "price": "2900",
        "price_per_unit": "580",
        "price_unit": "G"
      },
      {
        "state": "QLD",
        "price": "2900",
        "price_per_unit": "580",
        "price_unit": "G"
      },
      {
        "state": "WA",
        "price": "2900",
        "price_per_unit": "580",
        "price_unit": "G"
      },
      {
        "state": "SA",
        "price": "2900",
        "price_per_unit": "580",
        "price_unit": "G"
      },
      {
        "state": "TAS",
        "price": "2900",
        "price_per_unit": "580",
        "price_unit": "G"
      },
      {
        "state": "ACT",
        "price": "2900",
        "price_per_unit": "580",
        "price_unit": "G"
      },
      {
        "state": "NT",
        "price": "1740",
        "price_per_unit": "348",
        "price_unit": "G"
      },
      {
        "state": "NSW",
        "price": "1740",
        "price_per_unit": "348",
        "price_unit": "G"
      },
      {
        "state": "VIC",
        "price": "1740",
        "price_per_unit": "348",
        "price_unit": "G"
      },
      {
        "state": "QLD",
        "price": "1740",
        "price_per_unit": "348",
        "price_unit": "G"
      },
      {
        "state": "WA",
        "price": "1740",
        "price_per_unit": "348",
        "price_unit": "G"
      },
      {
        "state": "SA",
        "price": "1740",
        "price_per_unit": "348",
        "price_unit": "G"
      },
      {
        "state": "TAS",
        "price": "1740",
        "price_per_unit": "348",
        "price_unit": "G"
      },
      {
        "state": "ACT",
        "price": "1740",
        "price_per_unit": "348",
        "price_unit": "G"
      },
      {
        "state": "NT",
        "price": "1740",
        "price_per_unit": "348",
        "price_unit": "G"
      }
    ]
  },
  {
    "source_url": "https://www.woolworths.com.au/shop/productdetails/309662/lavazza-tales-of-italy-eternal-roma-coffee-beans",
    "name": "Lavazza Tales Of Italy Eternal Roma Coffee Beans 500g",
    "image_url": "https://cdn1.woolworths.media/content/wowproductimages/large/309662.jpg",
    "source_id": "Woolworths - 309662",
    "barcode": "8000070069244",
    "shop": "Woolworths",
    "weight": "100G",
    "prices": [
      {
        "state": "NSW",
        "price": "2900",
        "price_per_unit": "580",
        "price_unit": "G"
      },
      {
        "state": "VIC",
        "price": "2900",
        "price_per_unit": "580",
        "price_unit": "G"
      },
      {
        "state": "QLD",
        "price": "2900",
        "price_per_unit": "580",
        "price_unit": "G"
      },
      {
        "state": "WA",
        "price": "2900",
        "price_per_unit": "580",
        "price_unit": "G"
      },
      {
        "state": "SA",
        "price": "2900",
        "price_per_unit": "580",
        "price_unit": "G"
      },
      {
        "state": "TAS",
        "price": "2900",
        "price_per_unit": "580",
        "price_unit": "G"
      },
      {
        "state": "ACT",
        "price": "2900",
        "price_per_unit": "580",
        "price_unit": "G"
      },
      {
        "state": "NT",
        "price": "1740",
        "price_per_unit": "348",
        "price_unit": "G"
      },
      {
        "state": "NSW",
        "price": "1740",
        "price_per_unit": "348",
        "price_unit": "G"
      },
      {
        "state": "VIC",
        "price": "1740",
        "price_per_unit": "348",
        "price_unit": "G"
      },
      {
        "state": "QLD",
        "price": "1740",
        "price_per_unit": "348",
        "price_unit": "G"
      },
      {
        "state": "WA",
        "price": "1740",
        "price_per_unit": "348",
        "price_unit": "G"
      },
      {
        "state": "SA",
        "price": "1740",
        "price_per_unit": "348",
        "price_unit": "G"
      },
      {
        "state": "TAS",
        "price": "1740",
        "price_per_unit": "348",
        "price_unit": "G"
      },
      {
        "state": "ACT",
        "price": "1740",
        "price_per_unit": "348",
        "price_unit": "G"
      },
      {
        "state": "NT",
        "price": "1740",
        "price_per_unit": "348",
        "price_unit": "G"
      }
    ]
  },
  {
    "source_url": "https://www.woolworths.com.au/shop/productdetails/663393/northern-beaches-coffee-bearded-barista-coffee-beans",
    "name": "Northern Beaches Coffee Bearded Barista Coffee Beans 1kg",
    "image_url": "https://cdn1.woolworths.media/content/wowproductimages/large/663393.jpg",
    "source_id": "Woolworths - 663393",
    "barcode": "9309000873197",
    "shop": "Woolworths",
    "weight": "100G",
    "prices": [
      {
        "state": "NSW",
        "price": "2900",
        "price_per_unit": "290",
        "price_unit": "G"
      },
      {
        "state": "VIC",
        "price": "2900",
        "price_per_unit": "290",
        "price_unit": "G"
      },
      {
        "state": "QLD",
        "price": "2900",
        "price_per_unit": "290",
        "price_unit": "G"
      },
      {
        "state": "WA",
        "price": "2900",
        "price_per_unit": "290",
        "price_unit": "G"
      },
      {
        "state": "SA",
        "price": "2900",
        "price_per_unit": "290",
        "price_unit": "G"
      },
      {
        "state": "TAS",
        "price": "2900",
        "price_per_unit": "290",
        "price_unit": "G"
      },
      {
        "state": "TAS",
        "price": "2900",
        "price_per_unit": "290",
        "price_unit": "G"
      },
      {
        "state": "ACT",
        "price": "2900",
        "price_per_unit": "290",
        "price_unit": "G"
      },
      {
        "state": "NT",
        "price": "2900",
        "price_per_unit": "290",
        "price_unit": "G"
      },
      {
        "state": "NSW",
        "price": "2900",
        "price_per_unit": "290",
        "price_unit": "G"
      },
      {
        "state": "VIC",
        "price": "2900",
        "price_per_unit": "290",
        "price_unit": "G"
      },
      {
        "state": "QLD",
        "price": "2900",
        "price_per_unit": "290",
        "price_unit": "G"
      },
      {
        "state": "WA",
        "price": "2900",
        "price_per_unit": "290",
        "price_unit": "G"
      },
      {
        "state": "SA",
        "price": "2900",
        "price_per_unit": "290",
        "price_unit": "G"
      },
      {
        "state": "TAS",
        "price": "2900",
        "price_per_unit": "290",
        "price_unit": "G"
      },
      {
        "state": "ACT",
        "price": "2900",
        "price_per_unit": "290",
        "price_unit": "G"
      },
      {
        "state": "NT",
        "price": "2900",
        "price_per_unit": "290",
        "price_unit": "G"
      }
    ]
  },
  {
    "source_url": "https://www.woolworths.com.au/shop/productdetails/1073935598/pickle-spice-premium-certified-organic-coffee-beans-1kg",
    "name": "Pickle & Spice Premium Certified Organic Coffee Beans 1kg",
    "image_url": "https://cdn1.woolworths.media/content/wowproductimages/large/1073935598.jpg",
    "source_id": "Woolworths - 1073935598",
    "barcode": "",
    "shop": "Woolworths",
    "weight": "100G",
    "prices": [
      {
        "state": "NSW",
        "price": "4050",
        "price_per_unit": "405",
        "price_unit": "G"
      },
      {
        "state": "VIC",
        "price": "4050",
        "price_per_unit": "405",
        "price_unit": "G"
      },
      {
        "state": "QLD",
        "price": "4050",
        "price_per_unit": "405",
        "price_unit": "G"
      },
      {
        "state": "WA",
        "price": "4050",
        "price_per_unit": "405",
        "price_unit": "G"
      },
      {
        "state": "SA",
        "price": "4050",
        "price_per_unit": "405",
        "price_unit": "G"
      },
      {
        "state": "TAS",
        "price": "4050",
        "price_per_unit": "405",
        "price_unit": "G"
      },
      {
        "state": "ACT",
        "price": "4050",
        "price_per_unit": "405",
        "price_unit": "G"
      },
      {
        "state": "NT",
        "price": "4050",
        "price_per_unit": "405",
        "price_unit": "G"
      },
      {
        "state": "NSW",
        "price": "4050",
        "price_per_unit": "405",
        "price_unit": "G"
      },
      {
        "state": "VIC",
        "price": "4050",
        "price_per_unit": "405",
        "price_unit": "G"
      },
      {
        "state": "QLD",
        "price": "4050",
        "price_per_unit": "405",
        "price_unit": "G"
      },
      {
        "state": "WA",
        "price": "4050",
        "price_per_unit": "405",
        "price_unit": "G"
      },
      {
        "state": "SA",
        "price": "4050",
        "price_per_unit": "405",
        "price_unit": "G"
      },
      {
        "state": "TAS",
        "price": "4050",
        "price_per_unit": "405",
        "price_unit": "G"
      },
      {
        "state": "ACT",
        "price": "4050",
        "price_per_unit": "405",
        "price_unit": "G"
      },
      {
        "state": "NT",
        "price": "4050",
        "price_per_unit": "405",
        "price_unit": "G"
      }
    ]
  },
  {
    "source_url": "https://www.woolworths.com.au/shop/productdetails/1073935596/pickle-spice-premium-certified-organic-coffee-beans-250g-x-3-packs",
    "name": "Pickle & Spice Premium Certified Organic Coffee Beans 250g x 3 packs",
    "image_url": "https://cdn1.woolworths.media/content/wowproductimages/large/1073935596.jpg",
    "source_id": "Woolworths - 1073935596",
    "barcode": "",
    "shop": "Woolworths",
    "weight": "100G",
    "prices": [
      {
        "state": "NSW",
        "price": "3050",
        "price_per_unit": "407",
        "price_unit": "G"
      },
      {
        "state": "VIC",
        "price": "3050",
        "price_per_unit": "407",
        "price_unit": "G"
      },
      {
        "state": "QLD",
        "price": "3050",
        "price_per_unit": "407",
        "price_unit": "G"
      },
      {
        "state": "WA",
        "price": "3050",
        "price_per_unit": "407",
        "price_unit": "G"
      },
      {
        "state": "SA",
        "price": "3050",
        "price_per_unit": "407",
        "price_unit": "G"
      },
      {
        "state": "TAS",
        "price": "3050",
        "price_per_unit": "407",
        "price_unit": "G"
      },
      {
        "state": "ACT",
        "price": "3050",
        "price_per_unit": "407",
        "price_unit": "G"
      },
      {
        "state": "NT",
        "price": "3050",
        "price_per_unit": "407",
        "price_unit": "G"
      },
      {
        "state": "NSW",
        "price": "3050",
        "price_per_unit": "407",
        "price_unit": "G"
      },
      {
        "state": "VIC",
        "price": "3050",
        "price_per_unit": "407",
        "price_unit": "G"
      },
      {
        "state": "QLD",
        "price": "3050",
        "price_per_unit": "407",
        "price_unit": "G"
      },
      {
        "state": "WA",
        "price": "3050",
        "price_per_unit": "407",
        "price_unit": "G"
      },
      {
        "state": "SA",
        "price": "3050",
        "price_per_unit": "407",
        "price_unit": "G"
      },
      {
        "state": "TAS",
        "price": "3050",
        "price_per_unit": "407",
        "price_unit": "G"
      },
      {
        "state": "ACT",
        "price": "3050",
        "price_per_unit": "407",
        "price_unit": "G"
      },
      {
        "state": "NT",
        "price": "3050",
        "price_per_unit": "407",
        "price_unit": "G"
      }
    ]
  },
  {
    "source_url": "https://www.woolworths.com.au/shop/productdetails/1073933832/pickle-spice-premium-whole-coffee-beans-500gm-x-2-packs",
    "name": "Pickle & Spice Premium Whole Coffee Beans 500gm x 2 packs",
    "image_url": "https://cdn1.woolworths.media/content/wowproductimages/large/1073933832.jpg",
    "source_id": "Woolworths - 1073933832",
    "barcode": "",
    "shop": "Woolworths",
    "weight": "100G",
    "prices": [
      {
        "state": "NSW",
        "price": "3950",
        "price_per_unit": "395",
        "price_unit": "G"
      },
      {
        "state": "VIC",
        "price": "3950",
        "price_per_unit": "395",
        "price_unit": "G"
      },
      {
        "state": "QLD",
        "price": "3950",
        "price_per_unit": "395",
        "price_unit": "G"
      },
      {
        "state": "WA",
        "price": "3950",
        "price_per_unit": "395",
        "price_unit": "G"
      },
      {
        "state": "SA",
        "price": "3950",
        "price_per_unit": "395",
        "price_unit": "G"
      },
      {
        "state": "TAS",
        "price": "3950",
        "price_per_unit": "395",
        "price_unit": "G"
      },
      {
        "state": "ACT",
        "price": "3950",
        "price_per_unit": "395",
        "price_unit": "G"
      },
      {
        "state": "NT",
        "price": "3950",
        "price_per_unit": "395",
        "price_unit": "G"
      },
      {
        "state": "NSW",
        "price": "3950",
        "price_per_unit": "395",
        "price_unit": "G"
      },
      {
        "state": "VIC",
        "price": "3950",
        "price_per_unit": "395",
        "price_unit": "G"
      },
      {
        "state": "QLD",
        "price": "3950",
        "price_per_unit": "395",
        "price_unit": "G"
      },
      {
        "state": "WA",
        "price": "3950",
        "price_per_unit": "395",
        "price_unit": "G"
      },
      {
        "state": "SA",
        "price": "3950",
        "price_per_unit": "395",
        "price_unit": "G"
      },
      {
        "state": "TAS",
        "price": "3950",
        "price_per_unit": "395",
        "price_unit": "G"
      },
      {
        "state": "ACT",
        "price": "3950",
        "price_per_unit": "395",
        "price_unit": "G"
      },
      {
        "state": "NT",
        "price": "3950",
        "price_per_unit": "395",
        "price_unit": "G"
      }
    ]
  },
  {
    "source_url": "https://www.woolworths.com.au/shop/productdetails/1073908322/primo-caffe-certified-organic-coffee-beans-1kg",
    "name": "Primo Caffe Certified Organic Coffee Beans 1KG",
    "image_url": "https://cdn1.woolworths.media/content/wowproductimages/large/1073908322.jpg",
    "source_id": "Woolworths - 1073908322",
    "barcode": "",
    "shop": "Woolworths",
    "weight": "100G",
    "prices": [
      {
        "state": "NSW",
        "price": "3990",
        "price_per_unit": "399",
        "price_unit": "G"
      },
      {
        "state": "VIC",
        "price": "3990",
        "price_per_unit": "399",
        "price_unit": "G"
      },
      {
        "state": "QLD",
        "price": "3990",
        "price_per_unit": "399",
        "price_unit": "G"
      },
      {
        "state": "WA",
        "price": "3990",
        "price_per_unit": "399",
        "price_unit": "G"
      },
      {
        "state": "SA",
        "price": "3990",
        "price_per_unit": "399",
        "price_unit": "G"
      },
      {
        "state": "TAS",
        "price": "3990",
        "price_per_unit": "399",
        "price_unit": "G"
      },
      {
        "state": "ACT",
        "price": "3990",
        "price_per_unit": "399",
        "price_unit": "G"
      },
      {
        "state": "NT",
        "price": "3990",
        "price_per_unit": "399",
        "price_unit": "G"
      },
      {
        "state": "NSW",
        "price": "3990",
        "price_per_unit": "399",
        "price_unit": "G"
      },
      {
        "state": "VIC",
        "price": "3990",
        "price_per_unit": "399",
        "price_unit": "G"
      },
      {
        "state": "QLD",
        "price": "3990",
        "price_per_unit": "399",
        "price_unit": "G"
      },
      {
        "state": "WA",
        "price": "3990",
        "price_per_unit": "399",
        "price_unit": "G"
      },
      {
        "state": "SA",
        "price": "3990",
        "price_per_unit": "399",
        "price_unit": "G"
      },
      {
        "state": "TAS",
        "price": "3990",
        "price_per_unit": "399",
        "price_unit": "G"
      },
      {
        "state": "ACT",
        "price": "3990",
        "price_per_unit": "399",
        "price_unit": "G"
      },
      {
        "state": "NT",
        "price": "3990",
        "price_per_unit": "399",
        "price_unit": "G"
      }
    ]
  },
  {
    "source_url": "https://www.woolworths.com.au/shop/productdetails/1073908205/primo-caffe-decafe-coffee-beans-w-process-1kg",
    "name": "Primo Caffe Decafe Coffee Beans w/Process 1KG",
    "image_url": "https://cdn1.woolworths.media/content/wowproductimages/large/1073908205.jpg",
    "source_id": "Woolworths - 1073908205",
    "barcode": "",
    "shop": "Woolworths",
    "weight": "100G",
    "prices": [
      {
        "state": "NSW",
        "price": "5310",
        "price_per_unit": "531",
        "price_unit": "G"
      },
      {
        "state": "VIC",
        "price": "5310",
        "price_per_unit": "531",
        "price_unit": "G"
      },
      {
        "state": "QLD",
        "price": "5310",
        "price_per_unit": "531",
        "price_unit": "G"
      },
      {
        "state": "WA",
        "price": "5310",
        "price_per_unit": "531",
        "price_unit": "G"
      },
      {
        "state": "SA",
        "price": "5310",
        "price_per_unit": "531",
        "price_unit": "G"
      },
      {
        "state": "TAS",
        "price": "5310",
        "price_per_unit": "531",
        "price_unit": "G"
      },
      {
        "state": "ACT",
        "price": "5310",
        "price_per_unit": "531",
        "price_unit": "G"
      },
      {
        "state": "NT",
        "price": "5310",
        "price_per_unit": "531",
        "price_unit": "G"
      },
      {
        "state": "NSW",
        "price": "5310",
        "price_per_unit": "531",
        "price_unit": "G"
      },
      {
        "state": "VIC",
        "price": "5310",
        "price_per_unit": "531",
        "price_unit": "G"
      },
      {
        "state": "QLD",
        "price": "5310",
        "price_per_unit": "531",
        "price_unit": "G"
      },
      {
        "state": "WA",
        "price": "5310",
        "price_per_unit": "531",
        "price_unit": "G"
      },
      {
        "state": "SA",
        "price": "5310",
        "price_per_unit": "531",
        "price_unit": "G"
      },
      {
        "state": "TAS",
        "price": "5310",
        "price_per_unit": "531",
        "price_unit": "G"
      },
      {
        "state": "ACT",
        "price": "5310",
        "price_per_unit": "531",
        "price_unit": "G"
      },
      {
        "state": "NT",
        "price": "5310",
        "price_per_unit": "531",
        "price_unit": "G"
      }
    ]
  },
  {
    "source_url": "https://www.woolworths.com.au/shop/productdetails/1073908321/primo-caffe-espresso-classico-coffee-beans-1kg-2pk",
    "name": "Primo Caffe Espresso Classico Coffee Beans 1KG 2PK",
    "image_url": "https://cdn1.woolworths.media/content/wowproductimages/large/1073908321.jpg",
    "source_id": "Woolworths - 1073908321",
    "barcode": "",
    "shop": "Woolworths",
    "weight": "1EA",
    "prices": [
      {
        "state": "NSW",
        "price": "6025",
        "price_per_unit": "3013",
        "price_unit": "EA"
      },
      {
        "state": "VIC",
        "price": "6025",
        "price_per_unit": "3013",
        "price_unit": "EA"
      },
      {
        "state": "QLD",
        "price": "6025",
        "price_per_unit": "3013",
        "price_unit": "EA"
      },
      {
        "state": "WA",
        "price": "6025",
        "price_per_unit": "3013",
        "price_unit": "EA"
      },
      {
        "state": "SA",
        "price": "6025",
        "price_per_unit": "3013",
        "price_unit": "EA"
      },
      {
        "state": "TAS",
        "price": "6025",
        "price_per_unit": "3013",
        "price_unit": "EA"
      },
      {
        "state": "ACT",
        "price": "6025",
        "price_per_unit": "3013",
        "price_unit": "EA"
      },
      {
        "state": "NT",
        "price": "6025",
        "price_per_unit": "3013",
        "price_unit": "EA"
      },
      {
        "state": "NSW",
        "price": "6025",
        "price_per_unit": "3013",
        "price_unit": "EA"
      },
      {
        "state": "VIC",
        "price": "6025",
        "price_per_unit": "3013",
        "price_unit": "EA"
      },
      {
        "state": "QLD",
        "price": "6025",
        "price_per_unit": "3013",
        "price_unit": "EA"
      },
      {
        "state": "WA",
        "price": "6025",
        "price_per_unit": "3013",
        "price_unit": "EA"
      },
      {
        "state": "SA",
        "price": "6025",
        "price_per_unit": "3013",
        "price_unit": "EA"
      },
      {
        "state": "TAS",
        "price": "6025",
        "price_per_unit": "3013",
        "price_unit": "EA"
      },
      {
        "state": "ACT",
        "price": "6025",
        "price_per_unit": "3013",
        "price_unit": "EA"
      },
      {
        "state": "NT",
        "price": "6025",
        "price_per_unit": "3013",
        "price_unit": "EA"
      }
    ]
  },
  {
    "source_url": "https://www.woolworths.com.au/shop/productdetails/1073927523/primo-caffe-espresso-numero-uno-coffee-beans-1kg",
    "name": "Primo Caffe Espresso Numero Uno Coffee Beans 1KG",
    "image_url": "https://cdn1.woolworths.media/content/wowproductimages/large/1073927523.jpg",
    "source_id": "Woolworths - 1073927523",
    "barcode": "",
    "shop": "Woolworths",
    "weight": "100G",
    "prices": [
      {
        "state": "NSW",
        "price": "3900",
        "price_per_unit": "390",
        "price_unit": "G"
      },
      {
        "state": "VIC",
        "price": "3900",
        "price_per_unit": "390",
        "price_unit": "G"
      },
      {
        "state": "QLD",
        "price": "3900",
        "price_per_unit": "390",
        "price_unit": "G"
      },
      {
        "state": "WA",
        "price": "3900",
        "price_per_unit": "390",
        "price_unit": "G"
      },
      {
        "state": "SA",
        "price": "3900",
        "price_per_unit": "390",
        "price_unit": "G"
      },
      {
        "state": "TAS",
        "price": "3900",
        "price_per_unit": "390",
        "price_unit": "G"
      },
      {
        "state": "ACT",
        "price": "3900",
        "price_per_unit": "390",
        "price_unit": "G"
      },
      {
        "state": "NT",
        "price": "3900",
        "price_per_unit": "390",
        "price_unit": "G"
      },
      {
        "state": "NSW",
        "price": "3900",
        "price_per_unit": "390",
        "price_unit": "G"
      },
      {
        "state": "VIC",
        "price": "3900",
        "price_per_unit": "390",
        "price_unit": "G"
      },
      {
        "state": "QLD",
        "price": "3900",
        "price_per_unit": "390",
        "price_unit": "G"
      },
      {
        "state": "WA",
        "price": "3900",
        "price_per_unit": "390",
        "price_unit": "G"
      },
      {
        "state": "SA",
        "price": "3900",
        "price_per_unit": "390",
        "price_unit": "G"
      },
      {
        "state": "TAS",
        "price": "3900",
        "price_per_unit": "390",
        "price_unit": "G"
      },
      {
        "state": "ACT",
        "price": "3900",
        "price_per_unit": "390",
        "price_unit": "G"
      },
      {
        "state": "NT",
        "price": "3900",
        "price_per_unit": "390",
        "price_unit": "G"
      }
    ]
  },
  {
    "source_url": "https://www.woolworths.com.au/shop/productdetails/1074424842/primo-caffe-espresso-numero-uno-coffee-beans-2pk-1kg",
    "name": "Primo Caffe Espresso Numero Uno Coffee Beans 2PK 1KG",
    "image_url": "https://cdn1.woolworths.media/content/wowproductimages/large/1074424842.jpg",
    "source_id": "Woolworths - 1074424842",
    "barcode": "",
    "shop": "Woolworths",
    "weight": "1EA",
    "prices": [
      {
        "state": "NSW",
        "price": "6030",
        "price_per_unit": "6030",
        "price_unit": "EA"
      },
      {
        "state": "VIC",
        "price": "6030",
        "price_per_unit": "6030",
        "price_unit": "EA"
      },
      {
        "state": "QLD",
        "price": "6030",
        "price_per_unit": "6030",
        "price_unit": "EA"
      },
      {
        "state": "WA",
        "price": "6030",
        "price_per_unit": "6030",
        "price_unit": "EA"
      },
      {
        "state": "SA",
        "price": "6030",
        "price_per_unit": "6030",
        "price_unit": "EA"
      },
      {
        "state": "TAS",
        "price": "6030",
        "price_per_unit": "6030",
        "price_unit": "EA"
      },
      {
        "state": "ACT",
        "price": "6030",
        "price_per_unit": "6030",
        "price_unit": "EA"
      },
      {
        "state": "NT",
        "price": "6030",
        "price_per_unit": "6030",
        "price_unit": "EA"
      },
      {
        "state": "NSW",
        "price": "6030",
        "price_per_unit": "6030",
        "price_unit": "EA"
      },
      {
        "state": "VIC",
        "price": "6030",
        "price_per_unit": "6030",
        "price_unit": "EA"
      },
      {
        "state": "QLD",
        "price": "6030",
        "price_per_unit": "6030",
        "price_unit": "EA"
      },
      {
        "state": "WA",
        "price": "6030",
        "price_per_unit": "6030",
        "price_unit": "EA"
      },
      {
        "state": "SA",
        "price": "6030",
        "price_per_unit": "6030",
        "price_unit": "EA"
      },
      {
        "state": "TAS",
        "price": "6030",
        "price_per_unit": "6030",
        "price_unit": "EA"
      },
      {
        "state": "ACT",
        "price": "6030",
        "price_per_unit": "6030",
        "price_unit": "EA"
      },
      {
        "state": "NT",
        "price": "6030",
        "price_per_unit": "6030",
        "price_unit": "EA"
      }
    ]
  },
  {
    "source_url": "https://www.woolworths.com.au/shop/productdetails/1073908329/primo-caffe-espresso-tazza-d-oro-coffee-beans-1kg-2pk",
    "name": "Primo Caffe Espresso Tazza D'oro Coffee Beans 1KG 2PK",
    "image_url": "https://cdn1.woolworths.media/content/wowproductimages/large/1073908329.jpg",
    "source_id": "Woolworths - 1073908329",
    "barcode": "",
    "shop": "Woolworths",
    "weight": "1EA",
    "prices": [
      {
        "state": "NSW",
        "price": "6840",
        "price_per_unit": "3420",
        "price_unit": "EA"
      },
      {
        "state": "VIC",
        "price": "6840",
        "price_per_unit": "3420",
        "price_unit": "EA"
      },
      {
        "state": "QLD",
        "price": "6840",
        "price_per_unit": "3420",
        "price_unit": "EA"
      },
      {
        "state": "WA",
        "price": "6840",
        "price_per_unit": "3420",
        "price_unit": "EA"
      },
      {
        "state": "SA",
        "price": "6840",
        "price_per_unit": "3420",
        "price_unit": "EA"
      },
      {
        "state": "TAS",
        "price": "6840",
        "price_per_unit": "3420",
        "price_unit": "EA"
      },
      {
        "state": "ACT",
        "price": "6840",
        "price_per_unit": "3420",
        "price_unit": "EA"
      },
      {
        "state": "NT",
        "price": "6840",
        "price_per_unit": "3420",
        "price_unit": "EA"
      },
      {
        "state": "NSW",
        "price": "6840",
        "price_per_unit": "3420",
        "price_unit": "EA"
      },
      {
        "state": "VIC",
        "price": "6840",
        "price_per_unit": "3420",
        "price_unit": "EA"
      },
      {
        "state": "QLD",
        "price": "6840",
        "price_per_unit": "3420",
        "price_unit": "EA"
      },
      {
        "state": "WA",
        "price": "6840",
        "price_per_unit": "3420",
        "price_unit": "EA"
      },
      {
        "state": "SA",
        "price": "6840",
        "price_per_unit": "3420",
        "price_unit": "EA"
      },
      {
        "state": "TAS",
        "price": "6840",
        "price_per_unit": "3420",
        "price_unit": "EA"
      },
      {
        "state": "ACT",
        "price": "6840",
        "price_per_unit": "3420",
        "price_unit": "EA"
      },
      {
        "state": "NT",
        "price": "6840",
        "price_per_unit": "3420",
        "price_unit": "EA"
      }
    ]
  },
  {
    "source_url": "https://www.woolworths.com.au/shop/productdetails/1073908211/primo-caffe-fair-trade-organic-coffee-beans-1kg",
    "name": "Primo Caffe Fair Trade Organic Coffee Beans 1KG",
    "image_url": "https://cdn1.woolworths.media/content/wowproductimages/large/1073908211.jpg",
    "source_id": "Woolworths - 1073908211",
    "barcode": "",
    "shop": "Woolworths",
    "weight": "100G",
    "prices": [
      {
        "state": "NSW",
        "price": "5130",
        "price_per_unit": "513",
        "price_unit": "G"
      },
      {
        "state": "VIC",
        "price": "5130",
        "price_per_unit": "513",
        "price_unit": "G"
      },
      {
        "state": "QLD",
        "price": "5130",
        "price_per_unit": "513",
        "price_unit": "G"
      },
      {
        "state": "WA",
        "price": "5130",
        "price_per_unit": "513",
        "price_unit": "G"
      },
      {
        "state": "SA",
        "price": "5130",
        "price_per_unit": "513",
        "price_unit": "G"
      },
      {
        "state": "TAS",
        "price": "5130",
        "price_per_unit": "513",
        "price_unit": "G"
      },
      {
        "state": "ACT",
        "price": "5130",
        "price_per_unit": "513",
        "price_unit": "G"
      },
      {
        "state": "NT",
        "price": "5130",
        "price_per_unit": "513",
        "price_unit": "G"
      },
      {
        "state": "NSW",
        "price": "5130",
        "price_per_unit": "513",
        "price_unit": "G"
      },
      {
        "state": "VIC",
        "price": "5130",
        "price_per_unit": "513",
        "price_unit": "G"
      },
      {
        "state": "QLD",
        "price": "5130",
        "price_per_unit": "513",
        "price_unit": "G"
      },
      {
        "state": "WA",
        "price": "5130",
        "price_per_unit": "513",
        "price_unit": "G"
      },
      {
        "state": "SA",
        "price": "5130",
        "price_per_unit": "513",
        "price_unit": "G"
      },
      {
        "state": "TAS",
        "price": "5130",
        "price_per_unit": "513",
        "price_unit": "G"
      },
      {
        "state": "ACT",
        "price": "5130",
        "price_per_unit": "513",
        "price_unit": "G"
      },
      {
        "state": "NT",
        "price": "5130",
        "price_per_unit": "513",
        "price_unit": "G"
      }
    ]
  },
  {
    "source_url": "https://www.woolworths.com.au/shop/productdetails/1073908316/primo-caffe-maestro-coffee-beans-1kg",
    "name": "Primo Caffe Maestro Coffee Beans 1KG",
    "image_url": "https://cdn1.woolworths.media/content/wowproductimages/large/1073908316.jpg",
    "source_id": "Woolworths - 1073908316",
    "barcode": "",
    "shop": "Woolworths",
    "weight": "100G",
    "prices": [
      {
        "state": "NSW",
        "price": "4140",
        "price_per_unit": "414",
        "price_unit": "G"
      },
      {
        "state": "VIC",
        "price": "4140",
        "price_per_unit": "414",
        "price_unit": "G"
      },
      {
        "state": "QLD",
        "price": "4140",
        "price_per_unit": "414",
        "price_unit": "G"
      },
      {
        "state": "WA",
        "price": "4140",
        "price_per_unit": "414",
        "price_unit": "G"
      },
      {
        "state": "SA",
        "price": "4140",
        "price_per_unit": "414",
        "price_unit": "G"
      },
      {
        "state": "TAS",
        "price": "4140",
        "price_per_unit": "414",
        "price_unit": "G"
      },
      {
        "state": "ACT",
        "price": "4140",
        "price_per_unit": "414",
        "price_unit": "G"
      },
      {
        "state": "NT",
        "price": "4140",
        "price_per_unit": "414",
        "price_unit": "G"
      },
      {
        "state": "NSW",
        "price": "4140",
        "price_per_unit": "414",
        "price_unit": "G"
      },
      {
        "state": "VIC",
        "price": "4140",
        "price_per_unit": "414",
        "price_unit": "G"
      },
      {
        "state": "QLD",
        "price": "4140",
        "price_per_unit": "414",
        "price_unit": "G"
      },
      {
        "state": "WA",
        "price": "4140",
        "price_per_unit": "414",
        "price_unit": "G"
      },
      {
        "state": "SA",
        "price": "4140",
        "price_per_unit": "414",
        "price_unit": "G"
      },
      {
        "state": "TAS",
        "price": "4140",
        "price_per_unit": "414",
        "price_unit": "G"
      },
      {
        "state": "ACT",
        "price": "4140",
        "price_per_unit": "414",
        "price_unit": "G"
      },
      {
        "state": "NT",
        "price": "4140",
        "price_per_unit": "414",
        "price_unit": "G"
      }
    ]
  },
  {
    "source_url": "https://www.woolworths.com.au/shop/productdetails/1074424841/primo-caffe-original-cafe-blend-forte-1kg-coffee-beans",
    "name": "Primo Caffe Original Cafe Blend Forte 1kg Coffee Beans",
    "image_url": "https://cdn1.woolworths.media/content/wowproductimages/large/1074424841.jpg",
    "source_id": "Woolworths - 1074424841",
    "barcode": "",
    "shop": "Woolworths",
    "weight": "1EA",
    "prices": [
      {
        "state": "NSW",
        "price": "3995",
        "price_per_unit": "3995",
        "price_unit": "EA"
      },
      {
        "state": "VIC",
        "price": "3995",
        "price_per_unit": "3995",
        "price_unit": "EA"
      },
      {
        "state": "QLD",
        "price": "3995",
        "price_per_unit": "3995",
        "price_unit": "EA"
      },
      {
        "state": "WA",
        "price": "3995",
        "price_per_unit": "3995",
        "price_unit": "EA"
      },
      {
        "state": "SA",
        "price": "3995",
        "price_per_unit": "3995",
        "price_unit": "EA"
      },
      {
        "state": "TAS",
        "price": "3995",
        "price_per_unit": "3995",
        "price_unit": "EA"
      },
      {
        "state": "ACT",
        "price": "3995",
        "price_per_unit": "3995",
        "price_unit": "EA"
      },
      {
        "state": "NT",
        "price": "3995",
        "price_per_unit": "3995",
        "price_unit": "EA"
      },
      {
        "state": "NSW",
        "price": "3995",
        "price_per_unit": "3995",
        "price_unit": "EA"
      },
      {
        "state": "VIC",
        "price": "3995",
        "price_per_unit": "3995",
        "price_unit": "EA"
      },
      {
        "state": "QLD",
        "price": "3995",
        "price_per_unit": "3995",
        "price_unit": "EA"
      },
      {
        "state": "WA",
        "price": "3995",
        "price_per_unit": "3995",
        "price_unit": "EA"
      },
      {
        "state": "SA",
        "price": "3995",
        "price_per_unit": "3995",
        "price_unit": "EA"
      },
      {
        "state": "TAS",
        "price": "3995",
        "price_per_unit": "3995",
        "price_unit": "EA"
      },
      {
        "state": "ACT",
        "price": "3995",
        "price_per_unit": "3995",
        "price_unit": "EA"
      },
      {
        "state": "NT",
        "price": "3995",
        "price_per_unit": "3995",
        "price_unit": "EA"
      }
    ]
  },
  {
    "source_url": "https://www.woolworths.com.au/shop/productdetails/757401/sacred-grounds-ola-brazil-coffee-beans",
    "name": "Sacred Grounds Ola Brazil Coffee Beans 500g",
    "image_url": "https://cdn1.woolworths.media/content/wowproductimages/large/757401.jpg",
    "source_id": "Woolworths - 757401",
    "barcode": "9310200013320",
    "shop": "Woolworths",
    "weight": "100G",
    "prices": [
      {
        "state": "NSW",
        "price": "2300",
        "price_per_unit": "460",
        "price_unit": "G"
      },
      {
        "state": "VIC",
        "price": "2300",
        "price_per_unit": "460",
        "price_unit": "G"
      },
      {
        "state": "QLD",
        "price": "2300",
        "price_per_unit": "460",
        "price_unit": "G"
      },
      {
        "state": "WA",
        "price": "2300",
        "price_per_unit": "460",
        "price_unit": "G"
      },
      {
        "state": "SA",
        "price": "2300",
        "price_per_unit": "460",
        "price_unit": "G"
      },
      {
        "state": "TAS",
        "price": "2300",
        "price_per_unit": "460",
        "price_unit": "G"
      },
      {
        "state": "ACT",
        "price": "2300",
        "price_per_unit": "460",
        "price_unit": "G"
      },
      {
        "state": "NT",
        "price": "2300",
        "price_per_unit": "460",
        "price_unit": "G"
      },
      {
        "state": "NSW",
        "price": "2300",
        "price_per_unit": "460",
        "price_unit": "G"
      },
      {
        "state": "VIC",
        "price": "2300",
        "price_per_unit": "460",
        "price_unit": "G"
      },
      {
        "state": "QLD",
        "price": "2300",
        "price_per_unit": "460",
        "price_unit": "G"
      },
      {
        "state": "WA",
        "price": "2300",
        "price_per_unit": "460",
        "price_unit": "G"
      },
      {
        "state": "SA",
        "price": "2300",
        "price_per_unit": "460",
        "price_unit": "G"
      },
      {
        "state": "TAS",
        "price": "2300",
        "price_per_unit": "460",
        "price_unit": "G"
      },
      {
        "state": "ACT",
        "price": "2300",
        "price_per_unit": "460",
        "price_unit": "G"
      },
      {
        "state": "NT",
        "price": "2300",
        "price_per_unit": "460",
        "price_unit": "G"
      }
    ]
  },
  {
    "source_url": "https://www.woolworths.com.au/shop/productdetails/1074052559/stitch-coffee-black-field-blend-1kg-premium-specialty-coffee",
    "name": "Stitch Coffee Black Field Blend 1kg - Premium Specialty Coffee",
    "image_url": "https://cdn1.woolworths.media/content/wowproductimages/large/1074052559.jpg",
    "source_id": "Woolworths - 1074052559",
    "barcode": "",
    "shop": "Woolworths",
    "weight": "100G",
    "prices": [
      {
        "state": "NSW",
        "price": "6000",
        "price_per_unit": "600",
        "price_unit": "G"
      },
      {
        "state": "VIC",
        "price": "6000",
        "price_per_unit": "600",
        "price_unit": "G"
      },
      {
        "state": "QLD",
        "price": "6000",
        "price_per_unit": "600",
        "price_unit": "G"
      },
      {
        "state": "WA",
        "price": "6000",
        "price_per_unit": "600",
        "price_unit": "G"
      },
      {
        "state": "SA",
        "price": "6000",
        "price_per_unit": "600",
        "price_unit": "G"
      },
      {
        "state": "ACT",
        "price": "6000",
        "price_per_unit": "600",
        "price_unit": "G"
      },
      {
        "state": "NT",
        "price": "6000",
        "price_per_unit": "600",
        "price_unit": "G"
      },
      {
        "state": "NSW",
        "price": "6000",
        "price_per_unit": "600",
        "price_unit": "G"
      },
      {
        "state": "VIC",
        "price": "6000",
        "price_per_unit": "600",
        "price_unit": "G"
      },
      {
        "state": "QLD",
        "price": "6000",
        "price_per_unit": "600",
        "price_unit": "G"
      },
      {
        "state": "WA",
        "price": "6000",
        "price_per_unit": "600",
        "price_unit": "G"
      },
      {
        "state": "SA",
        "price": "6000",
        "price_per_unit": "600",
        "price_unit": "G"
      },
      {
        "state": "TAS",
        "price": "6000",
        "price_per_unit": "600",
        "price_unit": "G"
      },
      {
        "state": "ACT",
        "price": "6000",
        "price_per_unit": "600",
        "price_unit": "G"
      },
      {
        "state": "NT",
        "price": "6000",
        "price_per_unit": "600",
        "price_unit": "G"
      }
    ]
  },
  {
    "source_url": "https://www.woolworths.com.au/shop/productdetails/1074052558/stitch-coffee-black-field-blend-250g-premium-specialty-coffee",
    "name": "Stitch Coffee Black Field Blend 250g - Premium Specialty Coffee",
    "image_url": "https://cdn1.woolworths.media/content/wowproductimages/large/1074052558.jpg",
    "source_id": "Woolworths - 1074052558",
    "barcode": "",
    "shop": "Woolworths",
    "weight": "100G",
    "prices": [
      {
        "state": "NSW",
        "price": "2000",
        "price_per_unit": "800",
        "price_unit": "G"
      },
      {
        "state": "VIC",
        "price": "2000",
        "price_per_unit": "800",
        "price_unit": "G"
      },
      {
        "state": "QLD",
        "price": "2000",
        "price_per_unit": "800",
        "price_unit": "G"
      },
      {
        "state": "WA",
        "price": "2000",
        "price_per_unit": "800",
        "price_unit": "G"
      },
      {
        "state": "SA",
        "price": "2000",
        "price_per_unit": "800",
        "price_unit": "G"
      },
      {
        "state": "TAS",
        "price": "2000",
        "price_per_unit": "800",
        "price_unit": "G"
      },
      {
        "state": "ACT",
        "price": "2000",
        "price_per_unit": "800",
        "price_unit": "G"
      },
      {
        "state": "NT",
        "price": "2000",
        "price_per_unit": "800",
        "price_unit": "G"
      },
      {
        "state": "NSW",
        "price": "2000",
        "price_per_unit": "800",
        "price_unit": "G"
      },
      {
        "state": "VIC",
        "price": "2000",
        "price_per_unit": "800",
        "price_unit": "G"
      },
      {
        "state": "QLD",
        "price": "2000",
        "price_per_unit": "800",
        "price_unit": "G"
      },
      {
        "state": "WA",
        "price": "2000",
        "price_per_unit": "800",
        "price_unit": "G"
      },
      {
        "state": "SA",
        "price": "2000",
        "price_per_unit": "800",
        "price_unit": "G"
      },
      {
        "state": "TAS",
        "price": "2000",
        "price_per_unit": "800",
        "price_unit": "G"
      },
      {
        "state": "ACT",
        "price": "2000",
        "price_per_unit": "800",
        "price_unit": "G"
      },
      {
        "state": "NT",
        "price": "2000",
        "price_per_unit": "800",
        "price_unit": "G"
      }
    ]
  },
  {
    "source_url": "https://www.woolworths.com.au/shop/productdetails/1074052557/stitch-coffee-dark-field-blend-1k-premium-specialty-coffee",
    "name": "Stitch Coffee Dark Field Blend 1K - Premium Specialty Coffee",
    "image_url": "https://cdn1.woolworths.media/content/wowproductimages/large/1074052557.jpg",
    "source_id": "Woolworths - 1074052557",
    "barcode": "",
    "shop": "Woolworths",
    "weight": "100G",
    "prices": [
      {
        "state": "NSW",
        "price": "6000",
        "price_per_unit": "600",
        "price_unit": "G"
      },
      {
        "state": "VIC",
        "price": "6000",
        "price_per_unit": "600",
        "price_unit": "G"
      },
      {
        "state": "QLD",
        "price": "6000",
        "price_per_unit": "600",
        "price_unit": "G"
      },
      {
        "state": "WA",
        "price": "6000",
        "price_per_unit": "600",
        "price_unit": "G"
      },
      {
        "state": "SA",
        "price": "6000",
        "price_per_unit": "600",
        "price_unit": "G"
      },
      {
        "state": "TAS",
        "price": "6000",
        "price_per_unit": "600",
        "price_unit": "G"
      },
      {
        "state": "ACT",
        "price": "6000",
        "price_per_unit": "600",
        "price_unit": "G"
      },
      {
        "state": "NT",
        "price": "6000",
        "price_per_unit": "600",
        "price_unit": "G"
      },
      {
        "state": "NSW",
        "price": "6000",
        "price_per_unit": "600",
        "price_unit": "G"
      },
      {
        "state": "VIC",
        "price": "6000",
        "price_per_unit": "600",
        "price_unit": "G"
      },
      {
        "state": "QLD",
        "price": "6000",
        "price_per_unit": "600",
        "price_unit": "G"
      },
      {
        "state": "WA",
        "price": "6000",
        "price_per_unit": "600",
        "price_unit": "G"
      },
      {
        "state": "SA",
        "price": "6000",
        "price_per_unit": "600",
        "price_unit": "G"
      },
      {
        "state": "TAS",
        "price": "6000",
        "price_per_unit": "600",
        "price_unit": "G"
      },
      {
        "state": "ACT",
        "price": "6000",
        "price_per_unit": "600",
        "price_unit": "G"
      },
      {
        "state": "NT",
        "price": "6000",
        "price_per_unit": "600",
        "price_unit": "G"
      }
    ]
  },
  {
    "source_url": "https://www.woolworths.com.au/shop/productdetails/1074052556/stitch-coffee-dark-field-blend-250g-premium-specialty-coffee",
    "name": "Stitch Coffee Dark Field Blend 250g - Premium Specialty Coffee",
    "image_url": "https://cdn1.woolworths.media/content/wowproductimages/large/1074052556.jpg",
    "source_id": "Woolworths - 1074052556",
    "barcode": "",
    "shop": "Woolworths",
    "weight": "100G",
    "prices": [
      {
        "state": "NSW",
        "price": "2000",
        "price_per_unit": "800",
        "price_unit": "G"
      },
      {
        "state": "VIC",
        "price": "2000",
        "price_per_unit": "800",
        "price_unit": "G"
      },
      {
        "state": "QLD",
        "price": "2000",
        "price_per_unit": "800",
        "price_unit": "G"
      },
      {
        "state": "WA",
        "price": "2000",
        "price_per_unit": "800",
        "price_unit": "G"
      },
      {
        "state": "SA",
        "price": "2000",
        "price_per_unit": "800",
        "price_unit": "G"
      },
      {
        "state": "TAS",
        "price": "2000",
        "price_per_unit": "800",
        "price_unit": "G"
      },
      {
        "state": "ACT",
        "price": "2000",
        "price_per_unit": "800",
        "price_unit": "G"
      },
      {
        "state": "NT",
        "price": "2000",
        "price_per_unit": "800",
        "price_unit": "G"
      },
      {
        "state": "NSW",
        "price": "2000",
        "price_per_unit": "800",
        "price_unit": "G"
      },
      {
        "state": "VIC",
        "price": "2000",
        "price_per_unit": "800",
        "price_unit": "G"
      },
      {
        "state": "QLD",
        "price": "2000",
        "price_per_unit": "800",
        "price_unit": "G"
      },
      {
        "state": "WA",
        "price": "2000",
        "price_per_unit": "800",
        "price_unit": "G"
      },
      {
        "state": "SA",
        "price": "2000",
        "price_per_unit": "800",
        "price_unit": "G"
      },
      {
        "state": "TAS",
        "price": "2000",
        "price_per_unit": "800",
        "price_unit": "G"
      },
      {
        "state": "ACT",
        "price": "2000",
        "price_per_unit": "800",
        "price_unit": "G"
      },
      {
        "state": "NT",
        "price": "2000",
        "price_per_unit": "800",
        "price_unit": "G"
      }
    ]
  },
  {
    "source_url": "https://www.woolworths.com.au/shop/productdetails/1074052552/stitch-coffee-decaf-colombia-popayan-1k-premium-specialty-coffee",
    "name": "Stitch Coffee Decaf - Colombia, Popayan 1K - Premium Specialty Coffee",
    "image_url": "https://cdn1.woolworths.media/content/wowproductimages/large/1074052552.jpg",
    "source_id": "Woolworths - 1074052552",
    "barcode": "",
    "shop": "Woolworths",
    "weight": "100G",
    "prices": [
      {
        "state": "NSW",
        "price": "6000",
        "price_per_unit": "600",
        "price_unit": "G"
      },
      {
        "state": "VIC",
        "price": "6000",
        "price_per_unit": "600",
        "price_unit": "G"
      },
      {
        "state": "QLD",
        "price": "6000",
        "price_per_unit": "600",
        "price_unit": "G"
      },
      {
        "state": "WA",
        "price": "6000",
        "price_per_unit": "600",
        "price_unit": "G"
      },
      {
        "state": "SA",
        "price": "6000",
        "price_per_unit": "600",
        "price_unit": "G"
      },
      {
        "state": "TAS",
        "price": "6000",
        "price_per_unit": "600",
        "price_unit": "G"
      },
      {
        "state": "ACT",
        "price": "6000",
        "price_per_unit": "600",
        "price_unit": "G"
      },
      {
        "state": "NT",
        "price": "6000",
        "price_per_unit": "600",
        "price_unit": "G"
      },
      {
        "state": "NSW",
        "price": "6000",
        "price_per_unit": "600",
        "price_unit": "G"
      },
      {
        "state": "VIC",
        "price": "6000",
        "price_per_unit": "600",
        "price_unit": "G"
      },
      {
        "state": "QLD",
        "price": "6000",
        "price_per_unit": "600",
        "price_unit": "G"
      },
      {
        "state": "WA",
        "price": "6000",
        "price_per_unit": "600",
        "price_unit": "G"
      },
      {
        "state": "SA",
        "price": "6000",
        "price_per_unit": "600",
        "price_unit": "G"
      },
      {
        "state": "TAS",
        "price": "6000",
        "price_per_unit": "600",
        "price_unit": "G"
      },
      {
        "state": "ACT",
        "price": "6000",
        "price_per_unit": "600",
        "price_unit": "G"
      },
      {
        "state": "NT",
        "price": "6000",
        "price_per_unit": "600",
        "price_unit": "G"
      }
    ]
  },
  {
    "source_url": "https://www.woolworths.com.au/shop/productdetails/1074052578/stitch-coffee-decaf-colombia-popayan-250g-premium-specialty-coffee",
    "name": "Stitch Coffee Decaf - Colombia, Popayan 250g - Premium Specialty Coffee",
    "image_url": "https://cdn1.woolworths.media/content/wowproductimages/large/1074052578.jpg",
    "source_id": "Woolworths - 1074052578",
    "barcode": "",
    "shop": "Woolworths",
    "weight": "100G",
    "prices": [
      {
        "state": "NSW",
        "price": "2000",
        "price_per_unit": "800",
        "price_unit": "G"
      },
      {
        "state": "VIC",
        "price": "2000",
        "price_per_unit": "800",
        "price_unit": "G"
      },
      {
        "state": "QLD",
        "price": "2000",
        "price_per_unit": "800",
        "price_unit": "G"
      },
      {
        "state": "WA",
        "price": "2000",
        "price_per_unit": "800",
        "price_unit": "G"
      },
      {
        "state": "SA",
        "price": "2000",
        "price_per_unit": "800",
        "price_unit": "G"
      },
      {
        "state": "TAS",
        "price": "2000",
        "price_per_unit": "800",
        "price_unit": "G"
      },
      {
        "state": "ACT",
        "price": "2000",
        "price_per_unit": "800",
        "price_unit": "G"
      },
      {
        "state": "NT",
        "price": "2000",
        "price_per_unit": "800",
        "price_unit": "G"
      },
      {
        "state": "NSW",
        "price": "2000",
        "price_per_unit": "800",
        "price_unit": "G"
      },
      {
        "state": "VIC",
        "price": "2000",
        "price_per_unit": "800",
        "price_unit": "G"
      },
      {
        "state": "QLD",
        "price": "2000",
        "price_per_unit": "800",
        "price_unit": "G"
      },
      {
        "state": "WA",
        "price": "2000",
        "price_per_unit": "800",
        "price_unit": "G"
      },
      {
        "state": "SA",
        "price": "2000",
        "price_per_unit": "800",
        "price_unit": "G"
      },
      {
        "state": "TAS",
        "price": "2000",
        "price_per_unit": "800",
        "price_unit": "G"
      },
      {
        "state": "ACT",
        "price": "2000",
        "price_per_unit": "800",
        "price_unit": "G"
      },
      {
        "state": "NT",
        "price": "2000",
        "price_per_unit": "800",
        "price_unit": "G"
      }
    ]
  },
  {
    "source_url": "https://www.woolworths.com.au/shop/productdetails/1074052554/stitch-coffee-higgs-field-blend-1k-premium-specialty-coffee",
    "name": "Stitch Coffee Higgs Field Blend 1k - Premium Specialty Coffee",
    "image_url": "https://cdn1.woolworths.media/content/wowproductimages/large/1074052554.jpg",
    "source_id": "Woolworths - 1074052554",
    "barcode": "",
    "shop": "Woolworths",
    "weight": "100G",
    "prices": [
      {
        "state": "NSW",
        "price": "6000",
        "price_per_unit": "600",
        "price_unit": "G"
      },
      {
        "state": "VIC",
        "price": "6000",
        "price_per_unit": "600",
        "price_unit": "G"
      },
      {
        "state": "QLD",
        "price": "6000",
        "price_per_unit": "600",
        "price_unit": "G"
      },
      {
        "state": "WA",
        "price": "6000",
        "price_per_unit": "600",
        "price_unit": "G"
      },
      {
        "state": "SA",
        "price": "6000",
        "price_per_unit": "600",
        "price_unit": "G"
      },
      {
        "state": "TAS",
        "price": "6000",
        "price_per_unit": "600",
        "price_unit": "G"
      },
      {
        "state": "ACT",
        "price": "6000",
        "price_per_unit": "600",
        "price_unit": "G"
      },
      {
        "state": "NT",
        "price": "6000",
        "price_per_unit": "600",
        "price_unit": "G"
      },
      {
        "state": "NSW",
        "price": "6000",
        "price_per_unit": "600",
        "price_unit": "G"
      },
      {
        "state": "VIC",
        "price": "6000",
        "price_per_unit": "600",
        "price_unit": "G"
      },
      {
        "state": "QLD",
        "price": "6000",
        "price_per_unit": "600",
        "price_unit": "G"
      },
      {
        "state": "WA",
        "price": "6000",
        "price_per_unit": "600",
        "price_unit": "G"
      },
      {
        "state": "SA",
        "price": "6000",
        "price_per_unit": "600",
        "price_unit": "G"
      },
      {
        "state": "TAS",
        "price": "6000",
        "price_per_unit": "600",
        "price_unit": "G"
      },
      {
        "state": "ACT",
        "price": "6000",
        "price_per_unit": "600",
        "price_unit": "G"
      },
      {
        "state": "NT",
        "price": "6000",
        "price_per_unit": "600",
        "price_unit": "G"
      }
    ]
  },
  {
    "source_url": "https://www.woolworths.com.au/shop/productdetails/1074052553/stitch-coffee-higgs-field-blend-250g-premium-specialty-coffee",
    "name": "Stitch Coffee Higgs Field Blend 250g - Premium Specialty Coffee",
    "image_url": "https://cdn1.woolworths.media/content/wowproductimages/large/1074052553.jpg",
    "source_id": "Woolworths - 1074052553",
    "barcode": "",
    "shop": "Woolworths",
    "weight": "100G",
    "prices": [
      {
        "state": "NSW",
        "price": "2000",
        "price_per_unit": "800",
        "price_unit": "G"
      },
      {
        "state": "VIC",
        "price": "2000",
        "price_per_unit": "800",
        "price_unit": "G"
      },
      {
        "state": "QLD",
        "price": "2000",
        "price_per_unit": "800",
        "price_unit": "G"
      },
      {
        "state": "WA",
        "price": "2000",
        "price_per_unit": "800",
        "price_unit": "G"
      },
      {
        "state": "SA",
        "price": "2000",
        "price_per_unit": "800",
        "price_unit": "G"
      },
      {
        "state": "TAS",
        "price": "2000",
        "price_per_unit": "800",
        "price_unit": "G"
      },
      {
        "state": "ACT",
        "price": "2000",
        "price_per_unit": "800",
        "price_unit": "G"
      },
      {
        "state": "NT",
        "price": "2000",
        "price_per_unit": "800",
        "price_unit": "G"
      },
      {
        "state": "NSW",
        "price": "2000",
        "price_per_unit": "800",
        "price_unit": "G"
      },
      {
        "state": "VIC",
        "price": "2000",
        "price_per_unit": "800",
        "price_unit": "G"
      },
      {
        "state": "QLD",
        "price": "2000",
        "price_per_unit": "800",
        "price_unit": "G"
      },
      {
        "state": "WA",
        "price": "2000",
        "price_per_unit": "800",
        "price_unit": "G"
      },
      {
        "state": "SA",
        "price": "2000",
        "price_per_unit": "800",
        "price_unit": "G"
      },
      {
        "state": "TAS",
        "price": "2000",
        "price_per_unit": "800",
        "price_unit": "G"
      },
      {
        "state": "ACT",
        "price": "2000",
        "price_per_unit": "800",
        "price_unit": "G"
      },
      {
        "state": "NT",
        "price": "2000",
        "price_per_unit": "800",
        "price_unit": "G"
      }
    ]
  },
  {
    "source_url": "https://www.woolworths.com.au/shop/productdetails/1074052555/stitch-coffee-hobnob-blend-1k-premium-specialty-coffee",
    "name": "Stitch Coffee Hobnob Blend 1k - Premium Specialty Coffee",
    "image_url": "https://cdn1.woolworths.media/content/wowproductimages/large/1074052555.jpg",
    "source_id": "Woolworths - 1074052555",
    "barcode": "",
    "shop": "Woolworths",
    "weight": "100G",
    "prices": [
      {
        "state": "NSW",
        "price": "6000",
        "price_per_unit": "600",
        "price_unit": "G"
      },
      {
        "state": "VIC",
        "price": "6000",
        "price_per_unit": "600",
        "price_unit": "G"
      },
      {
        "state": "QLD",
        "price": "6000",
        "price_per_unit": "600",
        "price_unit": "G"
      },
      {
        "state": "WA",
        "price": "6000",
        "price_per_unit": "600",
        "price_unit": "G"
      },
      {
        "state": "SA",
        "price": "6000",
        "price_per_unit": "600",
        "price_unit": "G"
      },
      {
        "state": "TAS",
        "price": "6000",
        "price_per_unit": "600",
        "price_unit": "G"
      },
      {
        "state": "ACT",
        "price": "6000",
        "price_per_unit": "600",
        "price_unit": "G"
      },
      {
        "state": "NT",
        "price": "6000",
        "price_per_unit": "600",
        "price_unit": "G"
      },
      {
        "state": "NSW",
        "price": "6000",
        "price_per_unit": "600",
        "price_unit": "G"
      },
      {
        "state": "VIC",
        "price": "6000",
        "price_per_unit": "600",
        "price_unit": "G"
      },
      {
        "state": "QLD",
        "price": "6000",
        "price_per_unit": "600",
        "price_unit": "G"
      },
      {
        "state": "WA",
        "price": "6000",
        "price_per_unit": "600",
        "price_unit": "G"
      },
      {
        "state": "SA",
        "price": "6000",
        "price_per_unit": "600",
        "price_unit": "G"
      },
      {
        "state": "TAS",
        "price": "6000",
        "price_per_unit": "600",
        "price_unit": "G"
      },
      {
        "state": "ACT",
        "price": "6000",
        "price_per_unit": "600",
        "price_unit": "G"
      },
      {
        "state": "NT",
        "price": "6000",
        "price_per_unit": "600",
        "price_unit": "G"
      }
    ]
  },
  {
    "source_url": "https://www.woolworths.com.au/shop/productdetails/1074052551/stitch-coffee-hobnob-blend-250g-premium-specialty-coffee",
    "name": "Stitch Coffee Hobnob Blend 250g - Premium Specialty Coffee",
    "image_url": "https://cdn1.woolworths.media/content/wowproductimages/large/1074052551.jpg",
    "source_id": "Woolworths - 1074052551",
    "barcode": "",
    "shop": "Woolworths",
    "weight": "100G",
    "prices": [
      {
        "state": "NSW",
        "price": "2000",
        "price_per_unit": "800",
        "price_unit": "G"
      },
      {
        "state": "VIC",
        "price": "2000",
        "price_per_unit": "800",
        "price_unit": "G"
      },
      {
        "state": "QLD",
        "price": "2000",
        "price_per_unit": "800",
        "price_unit": "G"
      },
      {
        "state": "WA",
        "price": "2000",
        "price_per_unit": "800",
        "price_unit": "G"
      },
      {
        "state": "SA",
        "price": "2000",
        "price_per_unit": "800",
        "price_unit": "G"
      },
      {
        "state": "TAS",
        "price": "2000",
        "price_per_unit": "800",
        "price_unit": "G"
      },
      {
        "state": "ACT",
        "price": "2000",
        "price_per_unit": "800",
        "price_unit": "G"
      },
      {
        "state": "NT",
        "price": "2000",
        "price_per_unit": "800",
        "price_unit": "G"
      },
      {
        "state": "NSW",
        "price": "2000",
        "price_per_unit": "800",
        "price_unit": "G"
      },
      {
        "state": "VIC",
        "price": "2000",
        "price_per_unit": "800",
        "price_unit": "G"
      },
      {
        "state": "QLD",
        "price": "2000",
        "price_per_unit": "800",
        "price_unit": "G"
      },
      {
        "state": "WA",
        "price": "2000",
        "price_per_unit": "800",
        "price_unit": "G"
      },
      {
        "state": "SA",
        "price": "2000",
        "price_per_unit": "800",
        "price_unit": "G"
      },
      {
        "state": "TAS",
        "price": "2000",
        "price_per_unit": "800",
        "price_unit": "G"
      },
      {
        "state": "ACT",
        "price": "2000",
        "price_per_unit": "800",
        "price_unit": "G"
      },
      {
        "state": "NT",
        "price": "2000",
        "price_per_unit": "800",
        "price_unit": "G"
      }
    ]
  },
  {
    "source_url": "https://www.woolworths.com.au/shop/productdetails/1074779730/vittoria-2-pack-coffee-espresso-gold-arabica-beans-1kg-bag",
    "name": "Vittoria 2 Pack Coffee Espresso Gold Arabica Beans 1kg Bag",
    "image_url": "https://cdn1.woolworths.media/content/wowproductimages/large/1074779730.jpg",
    "source_id": "Woolworths - 1074779730",
    "barcode": "",
    "shop": "Woolworths",
    "weight": "1EA",
    "prices": [
      {
        "state": "NSW",
        "price": "7495",
        "price_per_unit": "3748",
        "price_unit": "EA"
      },
      {
        "state": "VIC",
        "price": "7495",
        "price_per_unit": "3748",
        "price_unit": "EA"
      },
      {
        "state": "QLD",
        "price": "7495",
        "price_per_unit": "3748",
        "price_unit": "EA"
      },
      {
        "state": "WA",
        "price": "7495",
        "price_per_unit": "3748",
        "price_unit": "EA"
      },
      {
        "state": "TAS",
        "price": "7495",
        "price_per_unit": "3748",
        "price_unit": "EA"
      },
      {
        "state": "ACT",
        "price": "7495",
        "price_per_unit": "3748",
        "price_unit": "EA"
      },
      {
        "state": "NT",
        "price": "7495",
        "price_per_unit": "3748",
        "price_unit": "EA"
      },
      {
        "state": "NSW",
        "price": "7495",
        "price_per_unit": "3748",
        "price_unit": "EA"
      },
      {
        "state": "VIC",
        "price": "7495",
        "price_per_unit": "3748",
        "price_unit": "EA"
      },
      {
        "state": "QLD",
        "price": "7495",
        "price_per_unit": "3748",
        "price_unit": "EA"
      },
      {
        "state": "WA",
        "price": "7495",
        "price_per_unit": "3748",
        "price_unit": "EA"
      },
      {
        "state": "SA",
        "price": "7495",
        "price_per_unit": "3748",
        "price_unit": "EA"
      },
      {
        "state": "TAS",
        "price": "7495",
        "price_per_unit": "3748",
        "price_unit": "EA"
      },
      {
        "state": "ACT",
        "price": "7495",
        "price_per_unit": "3748",
        "price_unit": "EA"
      },
      {
        "state": "NT",
        "price": "7495",
        "price_per_unit": "3748",
        "price_unit": "EA"
      }
    ]
  },
  {
    "source_url": "https://www.woolworths.com.au/shop/productdetails/223415/vittoria-decaffeinated-coffee-beans",
    "name": "Vittoria Decaffeinated Coffee Beans 500g",
    "image_url": "https://cdn1.woolworths.media/content/wowproductimages/large/223415.jpg",
    "source_id": "Woolworths - 223415",
    "barcode": "9310631637003",
    "shop": "Woolworths",
    "weight": "100G",
    "prices": [
      {
        "state": "NSW",
        "price": "2750",
        "price_per_unit": "550",
        "price_unit": "G"
      },
      {
        "state": "VIC",
        "price": "2750",
        "price_per_unit": "550",
        "price_unit": "G"
      },
      {
        "state": "QLD",
        "price": "2750",
        "price_per_unit": "550",
        "price_unit": "G"
      },
      {
        "state": "WA",
        "price": "2750",
        "price_per_unit": "550",
        "price_unit": "G"
      },
      {
        "state": "TAS",
        "price": "2750",
        "price_per_unit": "550",
        "price_unit": "G"
      },
      {
        "state": "ACT",
        "price": "2750",
        "price_per_unit": "550",
        "price_unit": "G"
      },
      {
        "state": "NT",
        "price": "2750",
        "price_per_unit": "550",
        "price_unit": "G"
      },
      {
        "state": "NSW",
        "price": "2750",
        "price_per_unit": "550",
        "price_unit": "G"
      },
      {
        "state": "VIC",
        "price": "2750",
        "price_per_unit": "550",
        "price_unit": "G"
      },
      {
        "state": "QLD",
        "price": "2750",
        "price_per_unit": "550",
        "price_unit": "G"
      },
      {
        "state": "WA",
        "price": "2750",
        "price_per_unit": "550",
        "price_unit": "G"
      },
      {
        "state": "TAS",
        "price": "2750",
        "price_per_unit": "550",
        "price_unit": "G"
      },
      {
        "state": "ACT",
        "price": "2750",
        "price_per_unit": "550",
        "price_unit": "G"
      },
      {
        "state": "NT",
        "price": "2750",
        "price_per_unit": "550",
        "price_unit": "G"
      }
    ]
  },
  {
    "source_url": "https://www.woolworths.com.au/shop/productdetails/162140/vittoria-espresso-coffee-beans",
    "name": "Vittoria Espresso Coffee Beans 1kg",
    "image_url": "https://cdn1.woolworths.media/content/wowproductimages/large/162140.jpg",
    "source_id": "Woolworths - 162140",
    "barcode": "9310631000814",
    "shop": "Woolworths",
    "weight": "100G",
    "prices": [
      {
        "state": "NSW",
        "price": "4000",
        "price_per_unit": "400",
        "price_unit": "G"
      },
      {
        "state": "VIC",
        "price": "4000",
        "price_per_unit": "400",
        "price_unit": "G"
      },
      {
        "state": "QLD",
        "price": "4000",
        "price_per_unit": "400",
        "price_unit": "G"
      },
      {
        "state": "WA",
        "price": "4000",
        "price_per_unit": "400",
        "price_unit": "G"
      },
      {
        "state": "TAS",
        "price": "2800",
        "price_per_unit": "280",
        "price_unit": "G"
      },
      {
        "state": "ACT",
        "price": "2800",
        "price_per_unit": "280",
        "price_unit": "G"
      },
      {
        "state": "NT",
        "price": "2800",
        "price_per_unit": "280",
        "price_unit": "G"
      },
      {
        "state": "NSW",
        "price": "2800",
        "price_per_unit": "280",
        "price_unit": "G"
      },
      {
        "state": "VIC",
        "price": "2800",
        "price_per_unit": "280",
        "price_unit": "G"
      },
      {
        "state": "QLD",
        "price": "2800",
        "price_per_unit": "280",
        "price_unit": "G"
      },
      {
        "state": "WA",
        "price": "2800",
        "price_per_unit": "280",
        "price_unit": "G"
      },
      {
        "state": "SA",
        "price": "2800",
        "price_per_unit": "280",
        "price_unit": "G"
      },
      {
        "state": "TAS",
        "price": "2800",
        "price_per_unit": "280",
        "price_unit": "G"
      },
      {
        "state": "ACT",
        "price": "2800",
        "price_per_unit": "280",
        "price_unit": "G"
      },
      {
        "state": "NT",
        "price": "2800",
        "price_per_unit": "280",
        "price_unit": "G"
      }
    ]
  },
  {
    "source_url": "https://www.woolworths.com.au/shop/productdetails/78476/vittoria-italian-coffee-beans",
    "name": "Vittoria Italian Coffee Beans 1kg",
    "image_url": "https://cdn1.woolworths.media/content/wowproductimages/large/078476.jpg",
    "source_id": "Woolworths - 78476",
    "barcode": "9310631000753",
    "shop": "Woolworths",
    "weight": "100G",
    "prices": [
      {
        "state": "NSW",
        "price": "2400",
        "price_per_unit": "240",
        "price_unit": "G"
      },
      {
        "state": "VIC",
        "price": "2400",
        "price_per_unit": "240",
        "price_unit": "G"
      },
      {
        "state": "QLD",
        "price": "2400",
        "price_per_unit": "240",
        "price_unit": "G"
      },
      {
        "state": "WA",
        "price": "2400",
        "price_per_unit": "240",
        "price_unit": "G"
      },
      {
        "state": "TAS",
        "price": "2400",
        "price_per_unit": "240",
        "price_unit": "G"
      },
      {
        "state": "ACT",
        "price": "2400",
        "price_per_unit": "240",
        "price_unit": "G"
      },
      {
        "state": "NT",
        "price": "2400",
        "price_per_unit": "240",
        "price_unit": "G"
      },
      {
        "state": "NSW",
        "price": "2400",
        "price_per_unit": "240",
        "price_unit": "G"
      },
      {
        "state": "VIC",
        "price": "2400",
        "price_per_unit": "240",
        "price_unit": "G"
      },
      {
        "state": "QLD",
        "price": "2400",
        "price_per_unit": "240",
        "price_unit": "G"
      },
      {
        "state": "WA",
        "price": "2400",
        "price_per_unit": "240",
        "price_unit": "G"
      },
      {
        "state": "SA",
        "price": "2400",
        "price_per_unit": "240",
        "price_unit": "G"
      },
      {
        "state": "TAS",
        "price": "2400",
        "price_per_unit": "240",
        "price_unit": "G"
      },
      {
        "state": "ACT",
        "price": "2400",
        "price_per_unit": "240",
        "price_unit": "G"
      },
      {
        "state": "NT",
        "price": "2400",
        "price_per_unit": "240",
        "price_unit": "G"
      }
    ]
  },
  {
    "source_url": "https://www.woolworths.com.au/shop/productdetails/284455/vittoria-mountain-grown-coffee-beans",
    "name": "Vittoria Mountain Grown Coffee Beans 1kg",
    "image_url": "https://cdn1.woolworths.media/content/wowproductimages/large/284455.jpg",
    "source_id": "Woolworths - 284455",
    "barcode": "9310631622764",
    "shop": "Woolworths",
    "weight": "100G",
    "prices": [
      {
        "state": "VIC",
        "price": "4900",
        "price_per_unit": "490",
        "price_unit": "G"
      },
      {
        "state": "QLD",
        "price": "4900",
        "price_per_unit": "490",
        "price_unit": "G"
      }
    ]
  },
  {
    "source_url": "https://www.woolworths.com.au/shop/productdetails/781407/vittoria-organic-coffee-beans",
    "name": "Vittoria Organic Coffee Beans 1kg",
    "image_url": "https://cdn1.woolworths.media/content/wowproductimages/large/781407.jpg",
    "source_id": "Woolworths - 781407",
    "barcode": "9310631627691",
    "shop": "Woolworths",
    "weight": "100G",
    "prices": [
      {
        "state": "NSW",
        "price": "5000",
        "price_per_unit": "500",
        "price_unit": "G"
      },
      {
        "state": "VIC",
        "price": "5000",
        "price_per_unit": "500",
        "price_unit": "G"
      },
      {
        "state": "QLD",
        "price": "5000",
        "price_per_unit": "500",
        "price_unit": "G"
      },
      {
        "state": "WA",
        "price": "5000",
        "price_per_unit": "500",
        "price_unit": "G"
      },
      {
        "state": "TAS",
        "price": "5000",
        "price_per_unit": "500",
        "price_unit": "G"
      },
      {
        "state": "ACT",
        "price": "3000",
        "price_per_unit": "300",
        "price_unit": "G"
      },
      {
        "state": "NT",
        "price": "3000",
        "price_per_unit": "300",
        "price_unit": "G"
      },
      {
        "state": "NSW",
        "price": "3000",
        "price_per_unit": "300",
        "price_unit": "G"
      },
      {
        "state": "VIC",
        "price": "3000",
        "price_per_unit": "300",
        "price_unit": "G"
      },
      {
        "state": "QLD",
        "price": "3000",
        "price_per_unit": "300",
        "price_unit": "G"
      },
      {
        "state": "WA",
        "price": "3000",
        "price_per_unit": "300",
        "price_unit": "G"
      },
      {
        "state": "SA",
        "price": "3000",
        "price_per_unit": "300",
        "price_unit": "G"
      },
      {
        "state": "TAS",
        "price": "3000",
        "price_per_unit": "300",
        "price_unit": "G"
      },
      {
        "state": "ACT",
        "price": "3000",
        "price_per_unit": "300",
        "price_unit": "G"
      },
      {
        "state": "NT",
        "price": "3000",
        "price_per_unit": "300",
        "price_unit": "G"
      }
    ]
  },
  {
    "source_url": "https://www.woolworths.com.au/shop/productdetails/157348/will-co-coffee-beans-goofy",
    "name": "Will & Co Coffee Beans Goofy 500g",
    "image_url": "https://cdn1.woolworths.media/content/wowproductimages/large/157348.jpg",
    "source_id": "Woolworths - 157348",
    "barcode": "9310631635955",
    "shop": "Woolworths",
    "weight": "100G",
    "prices": [
      {
        "state": "NSW",
        "price": "2700",
        "price_per_unit": "540",
        "price_unit": "G"
      },
      {
        "state": "VIC",
        "price": "2700",
        "price_per_unit": "540",
        "price_unit": "G"
      },
      {
        "state": "QLD",
        "price": "2700",
        "price_per_unit": "540",
        "price_unit": "G"
      },
      {
        "state": "WA",
        "price": "2700",
        "price_per_unit": "540",
        "price_unit": "G"
      },
      {
        "state": "TAS",
        "price": "2700",
        "price_per_unit": "540",
        "price_unit": "G"
      },
      {
        "state": "ACT",
        "price": "1890",
        "price_per_unit": "378",
        "price_unit": "G"
      },
      {
        "state": "NSW",
        "price": "1890",
        "price_per_unit": "378",
        "price_unit": "G"
      },
      {
        "state": "VIC",
        "price": "1890",
        "price_per_unit": "378",
        "price_unit": "G"
      },
      {
        "state": "QLD",
        "price": "1890",
        "price_per_unit": "378",
        "price_unit": "G"
      },
      {
        "state": "WA",
        "price": "1890",
        "price_per_unit": "378",
        "price_unit": "G"
      },
      {
        "state": "SA",
        "price": "1890",
        "price_per_unit": "378",
        "price_unit": "G"
      },
      {
        "state": "TAS",
        "price": "1890",
        "price_per_unit": "378",
        "price_unit": "G"
      },
      {
        "state": "ACT",
        "price": "1890",
        "price_per_unit": "378",
        "price_unit": "G"
      }
    ]
  },
  {
    "source_url": "https://www.woolworths.com.au/shop/productdetails/157503/will-co-coffee-beans-natural",
    "name": "Will & Co Coffee Beans Natural 500g",
    "image_url": "https://cdn1.woolworths.media/content/wowproductimages/large/157503.jpg",
    "source_id": "Woolworths - 157503",
    "barcode": "9310631636013",
    "shop": "Woolworths",
    "weight": "100G",
    "prices": [
      {
        "state": "NSW",
        "price": "2700",
        "price_per_unit": "540",
        "price_unit": "G"
      },
      {
        "state": "VIC",
        "price": "2700",
        "price_per_unit": "540",
        "price_unit": "G"
      },
      {
        "state": "QLD",
        "price": "2700",
        "price_per_unit": "540",
        "price_unit": "G"
      },
      {
        "state": "WA",
        "price": "2700",
        "price_per_unit": "540",
        "price_unit": "G"
      },
      {
        "state": "TAS",
        "price": "2700",
        "price_per_unit": "540",
        "price_unit": "G"
      },
      {
        "state": "ACT",
        "price": "1890",
        "price_per_unit": "378",
        "price_unit": "G"
      },
      {
        "state": "NSW",
        "price": "1890",
        "price_per_unit": "378",
        "price_unit": "G"
      },
      {
        "state": "VIC",
        "price": "1890",
        "price_per_unit": "378",
        "price_unit": "G"
      },
      {
        "state": "QLD",
        "price": "1890",
        "price_per_unit": "378",
        "price_unit": "G"
      },
      {
        "state": "WA",
        "price": "1890",
        "price_per_unit": "378",
        "price_unit": "G"
      },
      {
        "state": "SA",
        "price": "1890",
        "price_per_unit": "378",
        "price_unit": "G"
      },
      {
        "state": "TAS",
        "price": "1890",
        "price_per_unit": "378",
        "price_unit": "G"
      },
      {
        "state": "ACT",
        "price": "1890",
        "price_per_unit": "378",
        "price_unit": "G"
      }
    ]
  },
  {
    "source_url": "https://www.woolworths.com.au/shop/productdetails/300452/woolworths-coffee-beans-espresso",
    "name": "Woolworths Coffee Beans Espresso 1kg",
    "image_url": "https://cdn1.woolworths.media/content/wowproductimages/large/300452.jpg",
    "source_id": "Woolworths - 300452",
    "barcode": "9300633969547",
    "shop": "Woolworths",
    "weight": "100G",
    "prices": [
      {
        "state": "VIC",
        "price": "1200",
        "price_per_unit": "120",
        "price_unit": "G"
      },
      {
        "state": "QLD",
        "price": "1200",
        "price_per_unit": "120",
        "price_unit": "G"
      },
      {
        "state": "WA",
        "price": "1200",
        "price_per_unit": "120",
        "price_unit": "G"
      },
      {
        "state": "TAS",
        "price": "1200",
        "price_per_unit": "120",
        "price_unit": "G"
      },
      {
        "state": "ACT",
        "price": "1200",
        "price_per_unit": "120",
        "price_unit": "G"
      },
      {
        "state": "VIC",
        "price": "1200",
        "price_per_unit": "120",
        "price_unit": "G"
      },
      {
        "state": "QLD",
        "price": "1200",
        "price_per_unit": "120",
        "price_unit": "G"
      },
      {
        "state": "WA",
        "price": "1200",
        "price_per_unit": "120",
        "price_unit": "G"
      },
      {
        "state": "SA",
        "price": "1200",
        "price_per_unit": "120",
        "price_unit": "G"
      },
      {
        "state": "TAS",
        "price": "1200",
        "price_per_unit": "120",
        "price_unit": "G"
      },
      {
        "state": "ACT",
        "price": "1200",
        "price_per_unit": "120",
        "price_unit": "G"
      }
    ]
  },
  {
    "source_url": "https://www.woolworths.com.au/shop/productdetails/158984/caffe-aurora-espresso-blend-coffee-beans",
    "name": "Caffe Aurora Espresso Blend Coffee Beans 1kg",
    "image_url": "https://cdn1.woolworths.media/content/wowproductimages/large/158984.jpg",
    "source_id": "Woolworths - 158984",
    "barcode": "9310631635771",
    "shop": "Woolworths",
    "weight": "100G",
    "prices": [
      {
        "state": "VIC",
        "price": "3100",
        "price_per_unit": "310",
        "price_unit": "G"
      },
      {
        "state": "NT",
        "price": "3100",
        "price_per_unit": "310",
        "price_unit": "G"
      },
      {
        "state": "VIC",
        "price": "3100",
        "price_per_unit": "310",
        "price_unit": "G"
      },
      {
        "state": "QLD",
        "price": "3100",
        "price_per_unit": "310",
        "price_unit": "G"
      },
      {
        "state": "WA",
        "price": "3100",
        "price_per_unit": "310",
        "price_unit": "G"
      },
      {
        "state": "NT",
        "price": "3100",
        "price_per_unit": "310",
        "price_unit": "G"
      }
    ]
  },
  {
    "source_url": "https://www.woolworths.com.au/shop/productdetails/158974/caffe-aurora-italian-blend-coffee-beans",
    "name": "Caffe Aurora Italian Blend Coffee Beans 1kg",
    "image_url": "https://cdn1.woolworths.media/content/wowproductimages/large/158974.jpg",
    "source_id": "Woolworths - 158974",
    "barcode": "9310631635719",
    "shop": "Woolworths",
    "weight": "100G",
    "prices": [
      {
        "state": "VIC",
        "price": "3100",
        "price_per_unit": "310",
        "price_unit": "G"
      },
      {
        "state": "NT",
        "price": "3100",
        "price_per_unit": "310",
        "price_unit": "G"
      },
      {
        "state": "VIC",
        "price": "3100",
        "price_per_unit": "310",
        "price_unit": "G"
      },
      {
        "state": "NT",
        "price": "3100",
        "price_per_unit": "310",
        "price_unit": "G"
      }
    ]
  },
  {
    "source_url": "https://www.woolworths.com.au/shop/productdetails/159012/caffe-aurora-prima-qualita-coffee-beans",
    "name": "Caffe Aurora Prima Qualita Coffee Beans 1kg",
    "image_url": "https://cdn1.woolworths.media/content/wowproductimages/large/159012.jpg",
    "source_id": "Woolworths - 159012",
    "barcode": "9310631635733",
    "shop": "Woolworths",
    "weight": "100G",
    "prices": [
      {
        "state": "VIC",
        "price": "3100",
        "price_per_unit": "310",
        "price_unit": "G"
      },
      {
        "state": "QLD",
        "price": "3100",
        "price_per_unit": "310",
        "price_unit": "G"
      },
      {
        "state": "WA",
        "price": "3100",
        "price_per_unit": "310",
        "price_unit": "G"
      },
      {
        "state": "NT",
        "price": "3100",
        "price_per_unit": "310",
        "price_unit": "G"
      },
      {
        "state": "VIC",
        "price": "3100",
        "price_per_unit": "310",
        "price_unit": "G"
      },
      {
        "state": "QLD",
        "price": "3100",
        "price_per_unit": "310",
        "price_unit": "G"
      },
      {
        "state": "WA",
        "price": "3100",
        "price_per_unit": "310",
        "price_unit": "G"
      },
      {
        "state": "NT",
        "price": "3100",
        "price_per_unit": "310",
        "price_unit": "G"
      }
    ]
  },
  {
    "source_url": "https://www.woolworths.com.au/shop/productdetails/129065/campos-colombia-coffee-beans",
    "name": "Campos Colombia Coffee Beans 500g",
    "image_url": "https://cdn1.woolworths.media/content/wowproductimages/large/129065.jpg",
    "source_id": "Woolworths - 129065",
    "barcode": "9331437000839",
    "shop": "Woolworths",
    "weight": "100G",
    "prices": [
      {
        "state": "VIC",
        "price": "3350",
        "price_per_unit": "670",
        "price_unit": "G"
      },
      {
        "state": "QLD",
        "price": "3350",
        "price_per_unit": "670",
        "price_unit": "G"
      },
      {
        "state": "WA",
        "price": "3350",
        "price_per_unit": "670",
        "price_unit": "G"
      },
      {
        "state": "SA",
        "price": "3350",
        "price_per_unit": "670",
        "price_unit": "G"
      },
      {
        "state": "TAS",
        "price": "3350",
        "price_per_unit": "670",
        "price_unit": "G"
      },
      {
        "state": "ACT",
        "price": "3350",
        "price_per_unit": "670",
        "price_unit": "G"
      },
      {
        "state": "NT",
        "price": "3350",
        "price_per_unit": "670",
        "price_unit": "G"
      },
      {
        "state": "QLD",
        "price": "3350",
        "price_per_unit": "670",
        "price_unit": "G"
      },
      {
        "state": "WA",
        "price": "3350",
        "price_per_unit": "670",
        "price_unit": "G"
      },
      {
        "state": "SA",
        "price": "3350",
        "price_per_unit": "670",
        "price_unit": "G"
      },
      {
        "state": "TAS",
        "price": "3350",
        "price_per_unit": "670",
        "price_unit": "G"
      },
      {
        "state": "ACT",
        "price": "3350",
        "price_per_unit": "670",
        "price_unit": "G"
      },
      {
        "state": "NT",
        "price": "3350",
        "price_per_unit": "670",
        "price_unit": "G"
      }
    ]
  },
  {
    "source_url": "https://www.woolworths.com.au/shop/productdetails/307504/campos-dark-city-coffee-beans-balanced-hearty-blend",
    "name": "Campos Dark City Coffee Beans Balanced & Hearty Blend 500g",
    "image_url": "https://cdn1.woolworths.media/content/wowproductimages/large/307504.jpg",
    "source_id": "Woolworths - 307504",
    "barcode": "9331437001379",
    "shop": "Woolworths",
    "weight": "100G",
    "prices": [
      {
        "state": "VIC",
        "price": "3200",
        "price_per_unit": "640",
        "price_unit": "G"
      },
      {
        "state": "QLD",
        "price": "3200",
        "price_per_unit": "640",
        "price_unit": "G"
      },
      {
        "state": "WA",
        "price": "3200",
        "price_per_unit": "640",
        "price_unit": "G"
      },
      {
        "state": "SA",
        "price": "3200",
        "price_per_unit": "640",
        "price_unit": "G"
      },
      {
        "state": "TAS",
        "price": "3200",
        "price_per_unit": "640",
        "price_unit": "G"
      },
      {
        "state": "ACT",
        "price": "3200",
        "price_per_unit": "640",
        "price_unit": "G"
      },
      {
        "state": "NT",
        "price": "3200",
        "price_per_unit": "640",
        "price_unit": "G"
      },
      {
        "state": "QLD",
        "price": "3200",
        "price_per_unit": "640",
        "price_unit": "G"
      },
      {
        "state": "SA",
        "price": "3200",
        "price_per_unit": "640",
        "price_unit": "G"
      },
      {
        "state": "TAS",
        "price": "3200",
        "price_per_unit": "640",
        "price_unit": "G"
      },
      {
        "state": "ACT",
        "price": "3200",
        "price_per_unit": "640",
        "price_unit": "G"
      },
      {
        "state": "NT",
        "price": "3200",
        "price_per_unit": "640",
        "price_unit": "G"
      }
    ]
  },
  {
    "source_url": "https://www.woolworths.com.au/shop/productdetails/307525/campos-king-st-coffee-beans-creamy-balanced-blend",
    "name": "Campos King St Coffee Beans Creamy & Balanced Blend 500g",
    "image_url": "https://cdn1.woolworths.media/content/wowproductimages/large/307525.jpg",
    "source_id": "Woolworths - 307525",
    "barcode": "9331437001669",
    "shop": "Woolworths",
    "weight": "100G",
    "prices": [
      {
        "state": "VIC",
        "price": "3200",
        "price_per_unit": "640",
        "price_unit": "G"
      },
      {
        "state": "QLD",
        "price": "3200",
        "price_per_unit": "640",
        "price_unit": "G"
      },
      {
        "state": "WA",
        "price": "3200",
        "price_per_unit": "640",
        "price_unit": "G"
      },
      {
        "state": "SA",
        "price": "3200",
        "price_per_unit": "640",
        "price_unit": "G"
      },
      {
        "state": "TAS",
        "price": "3200",
        "price_per_unit": "640",
        "price_unit": "G"
      },
      {
        "state": "NT",
        "price": "3200",
        "price_per_unit": "640",
        "price_unit": "G"
      },
      {
        "state": "VIC",
        "price": "3200",
        "price_per_unit": "640",
        "price_unit": "G"
      },
      {
        "state": "QLD",
        "price": "3200",
        "price_per_unit": "640",
        "price_unit": "G"
      },
      {
        "state": "WA",
        "price": "3200",
        "price_per_unit": "640",
        "price_unit": "G"
      },
      {
        "state": "SA",
        "price": "3200",
        "price_per_unit": "640",
        "price_unit": "G"
      },
      {
        "state": "TAS",
        "price": "3200",
        "price_per_unit": "640",
        "price_unit": "G"
      },
      {
        "state": "NT",
        "price": "3200",
        "price_per_unit": "640",
        "price_unit": "G"
      }
    ]
  },
  {
    "source_url": "https://www.woolworths.com.au/shop/productdetails/128386/campos-roma-coffee-beans",
    "name": "Campos Roma Coffee Beans 500g",
    "image_url": "https://cdn1.woolworths.media/content/wowproductimages/large/128386.jpg",
    "source_id": "Woolworths - 128386",
    "barcode": "9331437000747",
    "shop": "Woolworths",
    "weight": "100G",
    "prices": [
      {
        "state": "VIC",
        "price": "3200",
        "price_per_unit": "640",
        "price_unit": "G"
      },
      {
        "state": "QLD",
        "price": "3200",
        "price_per_unit": "640",
        "price_unit": "G"
      },
      {
        "state": "WA",
        "price": "3200",
        "price_per_unit": "640",
        "price_unit": "G"
      },
      {
        "state": "SA",
        "price": "3200",
        "price_per_unit": "640",
        "price_unit": "G"
      },
      {
        "state": "TAS",
        "price": "3200",
        "price_per_unit": "640",
        "price_unit": "G"
      },
      {
        "state": "ACT",
        "price": "3200",
        "price_per_unit": "640",
        "price_unit": "G"
      },
      {
        "state": "NT",
        "price": "3200",
        "price_per_unit": "640",
        "price_unit": "G"
      },
      {
        "state": "QLD",
        "price": "3200",
        "price_per_unit": "640",
        "price_unit": "G"
      },
      {
        "state": "WA",
        "price": "3200",
        "price_per_unit": "640",
        "price_unit": "G"
      },
      {
        "state": "SA",
        "price": "3200",
        "price_per_unit": "640",
        "price_unit": "G"
      },
      {
        "state": "TAS",
        "price": "3200",
        "price_per_unit": "640",
        "price_unit": "G"
      },
      {
        "state": "ACT",
        "price": "3200",
        "price_per_unit": "640",
        "price_unit": "G"
      },
      {
        "state": "NT",
        "price": "3200",
        "price_per_unit": "640",
        "price_unit": "G"
      }
    ]
  },
  {
    "source_url": "https://www.woolworths.com.au/shop/productdetails/936138/grinders-espresso-coffee-beans-coffee-beans",
    "name": "Grinders Espresso Coffee Beans 1kg",
    "image_url": "https://cdn1.woolworths.media/content/wowproductimages/large/936138.jpg",
    "source_id": "Woolworths - 936138",
    "barcode": "9329214001049",
    "shop": "Woolworths",
    "weight": "100G",
    "prices": [
      {
        "state": "VIC",
        "price": "2450",
        "price_per_unit": "245",
        "price_unit": "G"
      },
      {
        "state": "QLD",
        "price": "2450",
        "price_per_unit": "245",
        "price_unit": "G"
      },
      {
        "state": "WA",
        "price": "2450",
        "price_per_unit": "245",
        "price_unit": "G"
      },
      {
        "state": "SA",
        "price": "2450",
        "price_per_unit": "245",
        "price_unit": "G"
      },
      {
        "state": "TAS",
        "price": "2450",
        "price_per_unit": "245",
        "price_unit": "G"
      },
      {
        "state": "NT",
        "price": "3500",
        "price_per_unit": "350",
        "price_unit": "G"
      },
      {
        "state": "VIC",
        "price": "3500",
        "price_per_unit": "350",
        "price_unit": "G"
      },
      {
        "state": "QLD",
        "price": "3500",
        "price_per_unit": "350",
        "price_unit": "G"
      },
      {
        "state": "WA",
        "price": "3500",
        "price_per_unit": "350",
        "price_unit": "G"
      },
      {
        "state": "SA",
        "price": "3500",
        "price_per_unit": "350",
        "price_unit": "G"
      },
      {
        "state": "TAS",
        "price": "3500",
        "price_per_unit": "350",
        "price_unit": "G"
      },
      {
        "state": "ACT",
        "price": "3500",
        "price_per_unit": "350",
        "price_unit": "G"
      },
      {
        "state": "NT",
        "price": "3500",
        "price_per_unit": "350",
        "price_unit": "G"
      }
    ]
  },
  {
    "source_url": "https://www.woolworths.com.au/shop/productdetails/160720/grinders-organic-coffee-beans-coffee-beans",
    "name": "Grinders Organic Coffee Beans 1kg",
    "image_url": "https://cdn1.woolworths.media/content/wowproductimages/large/160720.jpg",
    "source_id": "Woolworths - 160720",
    "barcode": "9329214005818",
    "shop": "Woolworths",
    "weight": "100G",
    "prices": [
      {
        "state": "SA",
        "price": "2590",
        "price_per_unit": "259",
        "price_unit": "G"
      },
      {
        "state": "TAS",
        "price": "2590",
        "price_per_unit": "259",
        "price_unit": "G"
      },
      {
        "state": "ACT",
        "price": "3700",
        "price_per_unit": "370",
        "price_unit": "G"
      },
      {
        "state": "VIC",
        "price": "3700",
        "price_per_unit": "370",
        "price_unit": "G"
      },
      {
        "state": "QLD",
        "price": "3700",
        "price_per_unit": "370",
        "price_unit": "G"
      },
      {
        "state": "WA",
        "price": "3700",
        "price_per_unit": "370",
        "price_unit": "G"
      },
      {
        "state": "SA",
        "price": "3700",
        "price_per_unit": "370",
        "price_unit": "G"
      },
      {
        "state": "TAS",
        "price": "3700",
        "price_per_unit": "370",
        "price_unit": "G"
      },
      {
        "state": "ACT",
        "price": "3700",
        "price_per_unit": "370",
        "price_unit": "G"
      }
    ]
  },
  {
    "source_url": "https://www.woolworths.com.au/shop/productdetails/161742/grinders-rich-espresso-coffee-beans-coffee-beans",
    "name": "Grinders Rich Espresso Coffee Beans 1kg",
    "image_url": "https://cdn1.woolworths.media/content/wowproductimages/large/161742.jpg",
    "source_id": "Woolworths - 161742",
    "barcode": "9329214006068",
    "shop": "Woolworths",
    "weight": "100G",
    "prices": [
      {
        "state": "VIC",
        "price": "2450",
        "price_per_unit": "245",
        "price_unit": "G"
      },
      {
        "state": "QLD",
        "price": "2450",
        "price_per_unit": "245",
        "price_unit": "G"
      },
      {
        "state": "WA",
        "price": "2450",
        "price_per_unit": "245",
        "price_unit": "G"
      },
      {
        "state": "SA",
        "price": "2450",
        "price_per_unit": "245",
        "price_unit": "G"
      },
      {
        "state": "ACT",
        "price": "3500",
        "price_per_unit": "350",
        "price_unit": "G"
      },
      {
        "state": "NT",
        "price": "3500",
        "price_per_unit": "350",
        "price_unit": "G"
      },
      {
        "state": "VIC",
        "price": "3500",
        "price_per_unit": "350",
        "price_unit": "G"
      },
      {
        "state": "QLD",
        "price": "3500",
        "price_per_unit": "350",
        "price_unit": "G"
      },
      {
        "state": "WA",
        "price": "3500",
        "price_per_unit": "350",
        "price_unit": "G"
      },
      {
        "state": "SA",
        "price": "3500",
        "price_per_unit": "350",
        "price_unit": "G"
      },
      {
        "state": "ACT",
        "price": "3500",
        "price_per_unit": "350",
        "price_unit": "G"
      },
      {
        "state": "NT",
        "price": "3500",
        "price_per_unit": "350",
        "price_unit": "G"
      }
    ]
  },
  {
    "source_url": "https://www.woolworths.com.au/shop/productdetails/309532/lavazza-espresso-barista-gran-crema-coffee-beans",
    "name": "Lavazza Espresso Barista Gran Crema Coffee Beans 500g",
    "image_url": "https://cdn1.woolworths.media/content/wowproductimages/large/309532.jpg",
    "source_id": "Woolworths - 309532",
    "barcode": "8000070067417",
    "shop": "Woolworths",
    "weight": "100G",
    "prices": [
      {
        "state": "SA",
        "price": "1300",
        "price_per_unit": "260",
        "price_unit": "G"
      },
      {
        "state": "TAS",
        "price": "2600",
        "price_per_unit": "520",
        "price_unit": "G"
      },
      {
        "state": "ACT",
        "price": "2600",
        "price_per_unit": "520",
        "price_unit": "G"
      },
      {
        "state": "VIC",
        "price": "2600",
        "price_per_unit": "520",
        "price_unit": "G"
      },
      {
        "state": "WA",
        "price": "2600",
        "price_per_unit": "520",
        "price_unit": "G"
      },
      {
        "state": "SA",
        "price": "2600",
        "price_per_unit": "520",
        "price_unit": "G"
      },
      {
        "state": "TAS",
        "price": "2600",
        "price_per_unit": "520",
        "price_unit": "G"
      },
      {
        "state": "ACT",
        "price": "2600",
        "price_per_unit": "520",
        "price_unit": "G"
      }
    ]
  },
  {
    "source_url": "https://www.woolworths.com.au/shop/productdetails/94146/lavazza-espresso-barista-intenso-coffee-beans",
    "name": "Lavazza Espresso Barista Intenso Coffee Beans 1kg",
    "image_url": "https://cdn1.woolworths.media/content/wowproductimages/large/094146.jpg",
    "source_id": "Woolworths - 94146",
    "barcode": "8000070038370",
    "shop": "Woolworths",
    "weight": "100G",
    "prices": [
      {
        "state": "VIC",
        "price": "5000",
        "price_per_unit": "500",
        "price_unit": "G"
      },
      {
        "state": "QLD",
        "price": "5000",
        "price_per_unit": "500",
        "price_unit": "G"
      },
      {
        "state": "WA",
        "price": "5000",
        "price_per_unit": "500",
        "price_unit": "G"
      },
      {
        "state": "SA",
        "price": "5000",
        "price_per_unit": "500",
        "price_unit": "G"
      },
      {
        "state": "TAS",
        "price": "5000",
        "price_per_unit": "500",
        "price_unit": "G"
      },
      {
        "state": "ACT",
        "price": "5000",
        "price_per_unit": "500",
        "price_unit": "G"
      },
      {
        "state": "NT",
        "price": "5000",
        "price_per_unit": "500",
        "price_unit": "G"
      },
      {
        "state": "VIC",
        "price": "5000",
        "price_per_unit": "500",
        "price_unit": "G"
      },
      {
        "state": "QLD",
        "price": "5000",
        "price_per_unit": "500",
        "price_unit": "G"
      },
      {
        "state": "WA",
        "price": "5000",
        "price_per_unit": "500",
        "price_unit": "G"
      },
      {
        "state": "SA",
        "price": "5000",
        "price_per_unit": "500",
        "price_unit": "G"
      },
      {
        "state": "TAS",
        "price": "5000",
        "price_per_unit": "500",
        "price_unit": "G"
      },
      {
        "state": "ACT",
        "price": "5000",
        "price_per_unit": "500",
        "price_unit": "G"
      },
      {
        "state": "NT",
        "price": "5000",
        "price_per_unit": "500",
        "price_unit": "G"
      }
    ]
  },
  {
    "source_url": "https://www.woolworths.com.au/shop/productdetails/220985/lavazza-espresso-barista-intenso-coffee-beans",
    "name": "Lavazza Espresso Barista Intenso Coffee Beans 500g",
    "image_url": "https://cdn1.woolworths.media/content/wowproductimages/large/220985.jpg",
    "source_id": "Woolworths - 220985",
    "barcode": "8000070050983",
    "shop": "Woolworths",
    "weight": "100G",
    "prices": [
      {
        "state": "VIC",
        "price": "1300",
        "price_per_unit": "260",
        "price_unit": "G"
      },
      {
        "state": "QLD",
        "price": "1300",
        "price_per_unit": "260",
        "price_unit": "G"
      },
      {
        "state": "WA",
        "price": "1300",
        "price_per_unit": "260",
        "price_unit": "G"
      },
      {
        "state": "SA",
        "price": "1300",
        "price_per_unit": "260",
        "price_unit": "G"
      },
      {
        "state": "ACT",
        "price": "2600",
        "price_per_unit": "520",
        "price_unit": "G"
      },
      {
        "state": "NT",
        "price": "2600",
        "price_per_unit": "520",
        "price_unit": "G"
      },
      {
        "state": "VIC",
        "price": "2600",
        "price_per_unit": "520",
        "price_unit": "G"
      },
      {
        "state": "QLD",
        "price": "2600",
        "price_per_unit": "520",
        "price_unit": "G"
      },
      {
        "state": "WA",
        "price": "2600",
        "price_per_unit": "520",
        "price_unit": "G"
      },
      {
        "state": "SA",
        "price": "2600",
        "price_per_unit": "520",
        "price_unit": "G"
      },
      {
        "state": "ACT",
        "price": "2600",
        "price_per_unit": "520",
        "price_unit": "G"
      },
      {
        "state": "NT",
        "price": "2600",
        "price_per_unit": "520",
        "price_unit": "G"
      }
    ]
  },
  {
    "source_url": "https://www.woolworths.com.au/shop/productdetails/309672/lavazza-espresso-barista-organic-coffee-beans",
    "name": "Lavazza Espresso Barista Organic Coffee Beans 1kg",
    "image_url": "https://cdn1.woolworths.media/content/wowproductimages/large/309672.jpg",
    "source_id": "Woolworths - 309672",
    "barcode": "8000070067028",
    "shop": "Woolworths",
    "weight": "100G",
    "prices": [
      {
        "state": "VIC",
        "price": "5400",
        "price_per_unit": "540",
        "price_unit": "G"
      },
      {
        "state": "QLD",
        "price": "5400",
        "price_per_unit": "540",
        "price_unit": "G"
      },
      {
        "state": "WA",
        "price": "5400",
        "price_per_unit": "540",
        "price_unit": "G"
      },
      {
        "state": "SA",
        "price": "5400",
        "price_per_unit": "540",
        "price_unit": "G"
      },
      {
        "state": "TAS",
        "price": "5400",
        "price_per_unit": "540",
        "price_unit": "G"
      },
      {
        "state": "ACT",
        "price": "5400",
        "price_per_unit": "540",
        "price_unit": "G"
      },
      {
        "state": "NT",
        "price": "5400",
        "price_per_unit": "540",
        "price_unit": "G"
      },
      {
        "state": "VIC",
        "price": "5400",
        "price_per_unit": "540",
        "price_unit": "G"
      },
      {
        "state": "QLD",
        "price": "5400",
        "price_per_unit": "540",
        "price_unit": "G"
      },
      {
        "state": "WA",
        "price": "5400",
        "price_per_unit": "540",
        "price_unit": "G"
      },
      {
        "state": "SA",
        "price": "5400",
        "price_per_unit": "540",
        "price_unit": "G"
      },
      {
        "state": "TAS",
        "price": "5400",
        "price_per_unit": "540",
        "price_unit": "G"
      },
      {
        "state": "ACT",
        "price": "5400",
        "price_per_unit": "540",
        "price_unit": "G"
      },
      {
        "state": "NT",
        "price": "5400",
        "price_per_unit": "540",
        "price_unit": "G"
      }
    ]
  },
  {
    "source_url": "https://www.woolworths.com.au/shop/productdetails/95564/lavazza-espresso-barista-perfetto-coffee-beans",
    "name": "Lavazza Espresso Barista Perfetto Coffee Beans 1kg",
    "image_url": "https://cdn1.woolworths.media/content/wowproductimages/large/095564.jpg",
    "source_id": "Woolworths - 95564",
    "barcode": "8000070025035",
    "shop": "Woolworths",
    "weight": "100G",
    "prices": [
      {
        "state": "VIC",
        "price": "5000",
        "price_per_unit": "500",
        "price_unit": "G"
      },
      {
        "state": "QLD",
        "price": "5000",
        "price_per_unit": "500",
        "price_unit": "G"
      },
      {
        "state": "WA",
        "price": "5000",
        "price_per_unit": "500",
        "price_unit": "G"
      },
      {
        "state": "SA",
        "price": "5000",
        "price_per_unit": "500",
        "price_unit": "G"
      },
      {
        "state": "TAS",
        "price": "5000",
        "price_per_unit": "500",
        "price_unit": "G"
      },
      {
        "state": "ACT",
        "price": "5000",
        "price_per_unit": "500",
        "price_unit": "G"
      },
      {
        "state": "NT",
        "price": "5000",
        "price_per_unit": "500",
        "price_unit": "G"
      },
      {
        "state": "VIC",
        "price": "5000",
        "price_per_unit": "500",
        "price_unit": "G"
      },
      {
        "state": "QLD",
        "price": "5000",
        "price_per_unit": "500",
        "price_unit": "G"
      },
      {
        "state": "WA",
        "price": "5000",
        "price_per_unit": "500",
        "price_unit": "G"
      },
      {
        "state": "SA",
        "price": "5000",
        "price_per_unit": "500",
        "price_unit": "G"
      },
      {
        "state": "TAS",
        "price": "5000",
        "price_per_unit": "500",
        "price_unit": "G"
      },
      {
        "state": "ACT",
        "price": "5000",
        "price_per_unit": "500",
        "price_unit": "G"
      }
    ]
  },
  {
    "source_url": "https://www.woolworths.com.au/shop/productdetails/27509/lavazza-qualita-oro-coffee-beans",
    "name": "Lavazza Qualita Oro Coffee Beans 500g",
    "image_url": "https://cdn1.woolworths.media/content/wowproductimages/large/027509.jpg",
    "source_id": "Woolworths - 27509",
    "barcode": "8000070019362",
    "shop": "Woolworths",
    "weight": "100G",
    "prices": [
      {
        "state": "VIC",
        "price": "1500",
        "price_per_unit": "300",
        "price_unit": "G"
      },
      {
        "state": "QLD",
        "price": "1500",
        "price_per_unit": "300",
        "price_unit": "G"
      },
      {
        "state": "WA",
        "price": "1500",
        "price_per_unit": "300",
        "price_unit": "G"
      },
      {
        "state": "SA",
        "price": "1500",
        "price_per_unit": "300",
        "price_unit": "G"
      },
      {
        "state": "ACT",
        "price": "2500",
        "price_per_unit": "500",
        "price_unit": "G"
      },
      {
        "state": "NT",
        "price": "2500",
        "price_per_unit": "500",
        "price_unit": "G"
      },
      {
        "state": "VIC",
        "price": "2500",
        "price_per_unit": "500",
        "price_unit": "G"
      },
      {
        "state": "WA",
        "price": "2500",
        "price_per_unit": "500",
        "price_unit": "G"
      },
      {
        "state": "SA",
        "price": "2500",
        "price_per_unit": "500",
        "price_unit": "G"
      },
      {
        "state": "ACT",
        "price": "2500",
        "price_per_unit": "500",
        "price_unit": "G"
      }
    ]
  },
  {
    "source_url": "https://www.woolworths.com.au/shop/productdetails/659091/lavazza-qualita-oro-ground-coffee",
    "name": "Lavazza Qualita Oro Ground Coffee 500g",
    "image_url": "https://cdn1.woolworths.media/content/wowproductimages/large/659091.jpg",
    "source_id": "Woolworths - 659091",
    "barcode": "8000070020627",
    "shop": "Woolworths",
    "weight": "100G",
    "prices": [
      {
        "state": "VIC",
        "price": "1500",
        "price_per_unit": "300",
        "price_unit": "G"
      },
      {
        "state": "QLD",
        "price": "1500",
        "price_per_unit": "300",
        "price_unit": "G"
      },
      {
        "state": "WA",
        "price": "1500",
        "price_per_unit": "300",
        "price_unit": "G"
      },
      {
        "state": "SA",
        "price": "1500",
        "price_per_unit": "300",
        "price_unit": "G"
      },
      {
        "state": "ACT",
        "price": "2500",
        "price_per_unit": "500",
        "price_unit": "G"
      },
      {
        "state": "NT",
        "price": "2500",
        "price_per_unit": "500",
        "price_unit": "G"
      },
      {
        "state": "VIC",
        "price": "2500",
        "price_per_unit": "500",
        "price_unit": "G"
      },
      {
        "state": "SA",
        "price": "2500",
        "price_per_unit": "500",
        "price_unit": "G"
      },
      {
        "state": "ACT",
        "price": "2500",
        "price_per_unit": "500",
        "price_unit": "G"
      }
    ]
  },
  {
    "source_url": "https://www.woolworths.com.au/shop/productdetails/882228/lone-crow-barista-roast-coffee-beans",
    "name": "Lone Crow Barista Roast Coffee Beans 1kg",
    "image_url": "https://cdn1.woolworths.media/content/wowproductimages/large/882228.jpg",
    "source_id": "Woolworths - 882228",
    "barcode": "9309001769000",
    "shop": "Woolworths",
    "weight": "100G",
    "prices": [
      {
        "state": "ACT",
        "price": "2500",
        "price_per_unit": "250",
        "price_unit": "G"
      },
      {
        "state": "VIC",
        "price": "2500",
        "price_per_unit": "250",
        "price_unit": "G"
      },
      {
        "state": "ACT",
        "price": "2500",
        "price_per_unit": "250",
        "price_unit": "G"
      }
    ]
  },
  {
    "source_url": "https://www.woolworths.com.au/shop/productdetails/881254/lone-crow-coffee-espresso-roast-beans",
    "name": "Lone Crow Coffee Espresso Roast Beans 1kg",
    "image_url": "https://cdn1.woolworths.media/content/wowproductimages/large/881254.jpg",
    "source_id": "Woolworths - 881254",
    "barcode": "9309001769017",
    "shop": "Woolworths",
    "weight": "100G",
    "prices": [
      {
        "state": "ACT",
        "price": "2500",
        "price_per_unit": "250",
        "price_unit": "G"
      },
      {
        "state": "VIC",
        "price": "2500",
        "price_per_unit": "250",
        "price_unit": "G"
      },
      {
        "state": "QLD",
        "price": "2500",
        "price_per_unit": "250",
        "price_unit": "G"
      },
      {
        "state": "ACT",
        "price": "2500",
        "price_per_unit": "250",
        "price_unit": "G"
      }
    ]
  },
  {
    "source_url": "https://www.woolworths.com.au/shop/productdetails/424700/macro-coffee-beans-peruvian-dark",
    "name": "Macro Coffee Beans Peruvian Dark 1kg",
    "image_url": "https://cdn1.woolworths.media/content/wowproductimages/large/424700.jpg",
    "source_id": "Woolworths - 424700",
    "barcode": "9300633532918",
    "shop": "Woolworths",
    "weight": "100G",
    "prices": [
      {
        "state": "VIC",
        "price": "2900",
        "price_per_unit": "290",
        "price_unit": "G"
      },
      {
        "state": "QLD",
        "price": "2900",
        "price_per_unit": "290",
        "price_unit": "G"
      },
      {
        "state": "WA",
        "price": "2900",
        "price_per_unit": "290",
        "price_unit": "G"
      },
      {
        "state": "NT",
        "price": "2900",
        "price_per_unit": "290",
        "price_unit": "G"
      },
      {
        "state": "NT",
        "price": "2900",
        "price_per_unit": "290",
        "price_unit": "G"
      }
    ]
  },
  {
    "source_url": "https://www.woolworths.com.au/shop/productdetails/690361/macro-organic-fairtrade-coffee-beans-medium",
    "name": "Macro Organic Fairtrade Coffee Beans Medium 200g",
    "image_url": "https://cdn1.woolworths.media/content/wowproductimages/large/690361.jpg",
    "source_id": "Woolworths - 690361",
    "barcode": "9300633248246",
    "shop": "Woolworths",
    "weight": "100G",
    "prices": [
      {
        "state": "VIC",
        "price": "660",
        "price_per_unit": "330",
        "price_unit": "G"
      },
      {
        "state": "QLD",
        "price": "660",
        "price_per_unit": "330",
        "price_unit": "G"
      },
      {
        "state": "WA",
        "price": "660",
        "price_per_unit": "330",
        "price_unit": "G"
      },
      {
        "state": "SA",
        "price": "660",
        "price_per_unit": "330",
        "price_unit": "G"
      },
      {
        "state": "TAS",
        "price": "660",
        "price_per_unit": "330",
        "price_unit": "G"
      },
      {
        "state": "ACT",
        "price": "660",
        "price_per_unit": "330",
        "price_unit": "G"
      },
      {
        "state": "NT",
        "price": "660",
        "price_per_unit": "330",
        "price_unit": "G"
      },
      {
        "state": "VIC",
        "price": "660",
        "price_per_unit": "330",
        "price_unit": "G"
      },
      {
        "state": "SA",
        "price": "660",
        "price_per_unit": "330",
        "price_unit": "G"
      },
      {
        "state": "TAS",
        "price": "660",
        "price_per_unit": "330",
        "price_unit": "G"
      },
      {
        "state": "ACT",
        "price": "660",
        "price_per_unit": "330",
        "price_unit": "G"
      }
    ]
  },
  {
    "source_url": "https://www.woolworths.com.au/shop/productdetails/785137/sacred-grounds-breezy-blend-coffee-beans",
    "name": "Sacred Grounds Breezy Blend Coffee Beans 1kg",
    "image_url": "https://cdn1.woolworths.media/content/wowproductimages/large/785137.jpg",
    "source_id": "Woolworths - 785137",
    "barcode": "9310200013023",
    "shop": "Woolworths",
    "weight": "100G",
    "prices": [
      {
        "state": "VIC",
        "price": "4400",
        "price_per_unit": "440",
        "price_unit": "G"
      },
      {
        "state": "QLD",
        "price": "4400",
        "price_per_unit": "440",
        "price_unit": "G"
      },
      {
        "state": "WA",
        "price": "4400",
        "price_per_unit": "440",
        "price_unit": "G"
      },
      {
        "state": "SA",
        "price": "4400",
        "price_per_unit": "440",
        "price_unit": "G"
      },
      {
        "state": "TAS",
        "price": "4400",
        "price_per_unit": "440",
        "price_unit": "G"
      },
      {
        "state": "ACT",
        "price": "3050",
        "price_per_unit": "305",
        "price_unit": "G"
      },
      {
        "state": "VIC",
        "price": "3050",
        "price_per_unit": "305",
        "price_unit": "G"
      },
      {
        "state": "QLD",
        "price": "3050",
        "price_per_unit": "305",
        "price_unit": "G"
      },
      {
        "state": "WA",
        "price": "3050",
        "price_per_unit": "305",
        "price_unit": "G"
      },
      {
        "state": "SA",
        "price": "3050",
        "price_per_unit": "305",
        "price_unit": "G"
      },
      {
        "state": "TAS",
        "price": "3050",
        "price_per_unit": "305",
        "price_unit": "G"
      },
      {
        "state": "ACT",
        "price": "3050",
        "price_per_unit": "305",
        "price_unit": "G"
      }
    ]
  },
  {
    "source_url": "https://www.woolworths.com.au/shop/productdetails/785433/sacred-grounds-breezy-blend-coffee-beans",
    "name": "Sacred Grounds Breezy Blend Coffee Beans 500g",
    "image_url": "https://cdn1.woolworths.media/content/wowproductimages/large/785433.jpg",
    "source_id": "Woolworths - 785433",
    "barcode": "9310200013207",
    "shop": "Woolworths",
    "weight": "100G",
    "prices": [
      {
        "state": "SA",
        "price": "2300",
        "price_per_unit": "460",
        "price_unit": "G"
      },
      {
        "state": "ACT",
        "price": "2300",
        "price_per_unit": "460",
        "price_unit": "G"
      },
      {
        "state": "NT",
        "price": "2300",
        "price_per_unit": "460",
        "price_unit": "G"
      },
      {
        "state": "VIC",
        "price": "2300",
        "price_per_unit": "460",
        "price_unit": "G"
      },
      {
        "state": "WA",
        "price": "2300",
        "price_per_unit": "460",
        "price_unit": "G"
      },
      {
        "state": "SA",
        "price": "2300",
        "price_per_unit": "460",
        "price_unit": "G"
      },
      {
        "state": "TAS",
        "price": "2300",
        "price_per_unit": "460",
        "price_unit": "G"
      },
      {
        "state": "ACT",
        "price": "2300",
        "price_per_unit": "460",
        "price_unit": "G"
      },
      {
        "state": "NT",
        "price": "2300",
        "price_per_unit": "460",
        "price_unit": "G"
      }
    ]
  },
  {
    "source_url": "https://www.woolworths.com.au/shop/productdetails/757849/sacred-grounds-groover-blend-coffee-beans",
    "name": "Sacred Grounds Groover Blend Coffee Beans 1kg",
    "image_url": "https://cdn1.woolworths.media/content/wowproductimages/large/757849.jpg",
    "source_id": "Woolworths - 757849",
    "barcode": "9310200013061",
    "shop": "Woolworths",
    "weight": "100G",
    "prices": [
      {
        "state": "VIC",
        "price": "4400",
        "price_per_unit": "440",
        "price_unit": "G"
      },
      {
        "state": "QLD",
        "price": "4400",
        "price_per_unit": "440",
        "price_unit": "G"
      },
      {
        "state": "WA",
        "price": "4400",
        "price_per_unit": "440",
        "price_unit": "G"
      },
      {
        "state": "SA",
        "price": "4400",
        "price_per_unit": "440",
        "price_unit": "G"
      },
      {
        "state": "TAS",
        "price": "4400",
        "price_per_unit": "440",
        "price_unit": "G"
      },
      {
        "state": "ACT",
        "price": "3050",
        "price_per_unit": "305",
        "price_unit": "G"
      },
      {
        "state": "VIC",
        "price": "3050",
        "price_per_unit": "305",
        "price_unit": "G"
      },
      {
        "state": "QLD",
        "price": "3050",
        "price_per_unit": "305",
        "price_unit": "G"
      },
      {
        "state": "WA",
        "price": "3050",
        "price_per_unit": "305",
        "price_unit": "G"
      },
      {
        "state": "SA",
        "price": "3050",
        "price_per_unit": "305",
        "price_unit": "G"
      },
      {
        "state": "TAS",
        "price": "3050",
        "price_per_unit": "305",
        "price_unit": "G"
      },
      {
        "state": "ACT",
        "price": "3050",
        "price_per_unit": "305",
        "price_unit": "G"
      }
    ]
  },
  {
    "source_url": "https://www.woolworths.com.au/shop/productdetails/785089/sacred-grounds-groover-blend-coffee-beans",
    "name": "Sacred Grounds Groover Blend Coffee Beans 500g",
    "image_url": "https://cdn1.woolworths.media/content/wowproductimages/large/785089.jpg",
    "source_id": "Woolworths - 785089",
    "barcode": "9310200013269",
    "shop": "Woolworths",
    "weight": "100G",
    "prices": [
      {
        "state": "SA",
        "price": "2300",
        "price_per_unit": "460",
        "price_unit": "G"
      },
      {
        "state": "ACT",
        "price": "2300",
        "price_per_unit": "460",
        "price_unit": "G"
      },
      {
        "state": "NT",
        "price": "2300",
        "price_per_unit": "460",
        "price_unit": "G"
      },
      {
        "state": "VIC",
        "price": "2300",
        "price_per_unit": "460",
        "price_unit": "G"
      },
      {
        "state": "QLD",
        "price": "2300",
        "price_per_unit": "460",
        "price_unit": "G"
      },
      {
        "state": "WA",
        "price": "2300",
        "price_per_unit": "460",
        "price_unit": "G"
      },
      {
        "state": "SA",
        "price": "2300",
        "price_per_unit": "460",
        "price_unit": "G"
      },
      {
        "state": "TAS",
        "price": "2300",
        "price_per_unit": "460",
        "price_unit": "G"
      },
      {
        "state": "ACT",
        "price": "2300",
        "price_per_unit": "460",
        "price_unit": "G"
      },
      {
        "state": "NT",
        "price": "2300",
        "price_per_unit": "460",
        "price_unit": "G"
      }
    ]
  },
  {
    "source_url": "https://www.woolworths.com.au/shop/productdetails/754329/sacred-grounds-ola-brazil-coffee-beans",
    "name": "Sacred Grounds Ola Brazil Coffee Beans 1kg",
    "image_url": "https://cdn1.woolworths.media/content/wowproductimages/large/754329.jpg",
    "source_id": "Woolworths - 754329",
    "barcode": "9310200013122",
    "shop": "Woolworths",
    "weight": "100G",
    "prices": [
      {
        "state": "VIC",
        "price": "4400",
        "price_per_unit": "440",
        "price_unit": "G"
      },
      {
        "state": "QLD",
        "price": "4400",
        "price_per_unit": "440",
        "price_unit": "G"
      },
      {
        "state": "WA",
        "price": "4400",
        "price_per_unit": "440",
        "price_unit": "G"
      },
      {
        "state": "SA",
        "price": "4400",
        "price_per_unit": "440",
        "price_unit": "G"
      },
      {
        "state": "TAS",
        "price": "4400",
        "price_per_unit": "440",
        "price_unit": "G"
      },
      {
        "state": "ACT",
        "price": "3050",
        "price_per_unit": "305",
        "price_unit": "G"
      },
      {
        "state": "VIC",
        "price": "3050",
        "price_per_unit": "305",
        "price_unit": "G"
      },
      {
        "state": "QLD",
        "price": "3050",
        "price_per_unit": "305",
        "price_unit": "G"
      },
      {
        "state": "WA",
        "price": "3050",
        "price_per_unit": "305",
        "price_unit": "G"
      },
      {
        "state": "SA",
        "price": "3050",
        "price_per_unit": "305",
        "price_unit": "G"
      },
      {
        "state": "TAS",
        "price": "3050",
        "price_per_unit": "305",
        "price_unit": "G"
      },
      {
        "state": "ACT",
        "price": "3050",
        "price_per_unit": "305",
        "price_unit": "G"
      }
    ]
  },
  {
    "source_url": "https://www.woolworths.com.au/shop/productdetails/804544/sacred-grounds-seeker-blend-coffee-beans",
    "name": "Sacred Grounds Seeker Blend Coffee Beans 500g",
    "image_url": "https://cdn1.woolworths.media/content/wowproductimages/large/804544.jpg",
    "source_id": "Woolworths - 804544",
    "barcode": "9310200013290",
    "shop": "Woolworths",
    "weight": "100G",
    "prices": [
      {
        "state": "SA",
        "price": "2300",
        "price_per_unit": "460",
        "price_unit": "G"
      },
      {
        "state": "ACT",
        "price": "2300",
        "price_per_unit": "460",
        "price_unit": "G"
      },
      {
        "state": "NT",
        "price": "2300",
        "price_per_unit": "460",
        "price_unit": "G"
      },
      {
        "state": "VIC",
        "price": "2300",
        "price_per_unit": "460",
        "price_unit": "G"
      },
      {
        "state": "WA",
        "price": "2300",
        "price_per_unit": "460",
        "price_unit": "G"
      },
      {
        "state": "SA",
        "price": "2300",
        "price_per_unit": "460",
        "price_unit": "G"
      },
      {
        "state": "NT",
        "price": "2300",
        "price_per_unit": "460",
        "price_unit": "G"
      }
    ]
  },
  {
    "source_url": "https://www.woolworths.com.au/shop/productdetails/167556/vittoria-espresso-beans",
    "name": "Vittoria Espresso Beans 500g",
    "image_url": "https://cdn1.woolworths.media/content/wowproductimages/large/167556.jpg",
    "source_id": "Woolworths - 167556",
    "barcode": "9310631615100",
    "shop": "Woolworths",
    "weight": "100G",
    "prices": [
      {
        "state": "VIC",
        "price": "2200",
        "price_per_unit": "440",
        "price_unit": "G"
      },
      {
        "state": "QLD",
        "price": "2200",
        "price_per_unit": "440",
        "price_unit": "G"
      },
      {
        "state": "WA",
        "price": "2200",
        "price_per_unit": "440",
        "price_unit": "G"
      },
      {
        "state": "TAS",
        "price": "2200",
        "price_per_unit": "440",
        "price_unit": "G"
      },
      {
        "state": "ACT",
        "price": "2200",
        "price_per_unit": "440",
        "price_unit": "G"
      },
      {
        "state": "NT",
        "price": "2200",
        "price_per_unit": "440",
        "price_unit": "G"
      },
      {
        "state": "VIC",
        "price": "2200",
        "price_per_unit": "440",
        "price_unit": "G"
      },
      {
        "state": "QLD",
        "price": "2200",
        "price_per_unit": "440",
        "price_unit": "G"
      },
      {
        "state": "WA",
        "price": "2200",
        "price_per_unit": "440",
        "price_unit": "G"
      },
      {
        "state": "TAS",
        "price": "2200",
        "price_per_unit": "440",
        "price_unit": "G"
      },
      {
        "state": "ACT",
        "price": "2200",
        "price_per_unit": "440",
        "price_unit": "G"
      },
      {
        "state": "NT",
        "price": "2200",
        "price_per_unit": "440",
        "price_unit": "G"
      }
    ]
  },
  {
    "source_url": "https://www.woolworths.com.au/shop/productdetails/158983/vittoria-latte-coffee-beans",
    "name": "Vittoria Latte Coffee Beans 1kg",
    "image_url": "https://cdn1.woolworths.media/content/wowproductimages/large/158983.jpg",
    "source_id": "Woolworths - 158983",
    "barcode": "9310631635917",
    "shop": "Woolworths",
    "weight": "100G",
    "prices": [
      {
        "state": "VIC",
        "price": "2400",
        "price_per_unit": "240",
        "price_unit": "G"
      },
      {
        "state": "QLD",
        "price": "2400",
        "price_per_unit": "240",
        "price_unit": "G"
      },
      {
        "state": "WA",
        "price": "2400",
        "price_per_unit": "240",
        "price_unit": "G"
      },
      {
        "state": "TAS",
        "price": "4000",
        "price_per_unit": "400",
        "price_unit": "G"
      },
      {
        "state": "ACT",
        "price": "4000",
        "price_per_unit": "400",
        "price_unit": "G"
      },
      {
        "state": "NT",
        "price": "4000",
        "price_per_unit": "400",
        "price_unit": "G"
      },
      {
        "state": "QLD",
        "price": "4000",
        "price_per_unit": "400",
        "price_unit": "G"
      },
      {
        "state": "WA",
        "price": "4000",
        "price_per_unit": "400",
        "price_unit": "G"
      },
      {
        "state": "SA",
        "price": "4000",
        "price_per_unit": "400",
        "price_unit": "G"
      },
      {
        "state": "TAS",
        "price": "4000",
        "price_per_unit": "400",
        "price_unit": "G"
      },
      {
        "state": "ACT",
        "price": "4000",
        "price_per_unit": "400",
        "price_unit": "G"
      },
      {
        "state": "NT",
        "price": "4000",
        "price_per_unit": "400",
        "price_unit": "G"
      }
    ]
  },
  {
    "source_url": "https://www.woolworths.com.au/shop/productdetails/804555/vittoria-organic-ground-coffee",
    "name": "Vittoria Organic Ground Coffee 1kg",
    "image_url": "https://cdn1.woolworths.media/content/wowproductimages/large/804555.jpg",
    "source_id": "Woolworths - 804555",
    "barcode": "9310631638413",
    "shop": "Woolworths",
    "weight": "100G",
    "prices": [
      {
        "state": "VIC",
        "price": "5000",
        "price_per_unit": "500",
        "price_unit": "G"
      },
      {
        "state": "QLD",
        "price": "5000",
        "price_per_unit": "500",
        "price_unit": "G"
      },
      {
        "state": "WA",
        "price": "5000",
        "price_per_unit": "500",
        "price_unit": "G"
      },
      {
        "state": "TAS",
        "price": "5000",
        "price_per_unit": "500",
        "price_unit": "G"
      },
      {
        "state": "ACT",
        "price": "3000",
        "price_per_unit": "300",
        "price_unit": "G"
      },
      {
        "state": "VIC",
        "price": "3000",
        "price_per_unit": "300",
        "price_unit": "G"
      },
      {
        "state": "QLD",
        "price": "3000",
        "price_per_unit": "300",
        "price_unit": "G"
      },
      {
        "state": "WA",
        "price": "3000",
        "price_per_unit": "300",
        "price_unit": "G"
      },
      {
        "state": "SA",
        "price": "3000",
        "price_per_unit": "300",
        "price_unit": "G"
      },
      {
        "state": "TAS",
        "price": "3000",
        "price_per_unit": "300",
        "price_unit": "G"
      },
      {
        "state": "ACT",
        "price": "3000",
        "price_per_unit": "300",
        "price_unit": "G"
      }
    ]
  },
  {
    "source_url": "https://www.woolworths.com.au/shop/productdetails/157494/will-co-coffee-beans-goofy",
    "name": "Will & Co Coffee Beans Goofy 1kg",
    "image_url": "https://cdn1.woolworths.media/content/wowproductimages/large/157494.jpg",
    "source_id": "Woolworths - 157494",
    "barcode": "9310631635931",
    "shop": "Woolworths",
    "weight": "100G",
    "prices": [
      {
        "state": "VIC",
        "price": "3400",
        "price_per_unit": "340",
        "price_unit": "G"
      },
      {
        "state": "QLD",
        "price": "3400",
        "price_per_unit": "340",
        "price_unit": "G"
      },
      {
        "state": "WA",
        "price": "3400",
        "price_per_unit": "340",
        "price_unit": "G"
      },
      {
        "state": "TAS",
        "price": "4900",
        "price_per_unit": "490",
        "price_unit": "G"
      },
      {
        "state": "ACT",
        "price": "4900",
        "price_per_unit": "490",
        "price_unit": "G"
      },
      {
        "state": "VIC",
        "price": "4900",
        "price_per_unit": "490",
        "price_unit": "G"
      },
      {
        "state": "QLD",
        "price": "4900",
        "price_per_unit": "490",
        "price_unit": "G"
      },
      {
        "state": "WA",
        "price": "4900",
        "price_per_unit": "490",
        "price_unit": "G"
      },
      {
        "state": "SA",
        "price": "4900",
        "price_per_unit": "490",
        "price_unit": "G"
      },
      {
        "state": "TAS",
        "price": "4900",
        "price_per_unit": "490",
        "price_unit": "G"
      },
      {
        "state": "ACT",
        "price": "4900",
        "price_per_unit": "490",
        "price_unit": "G"
      }
    ]
  },
  {
    "source_url": "https://www.woolworths.com.au/shop/productdetails/157344/will-co-coffee-beans-natural",
    "name": "Will & Co Coffee Beans Natural 1kg",
    "image_url": "https://cdn1.woolworths.media/content/wowproductimages/large/157344.jpg",
    "source_id": "Woolworths - 157344",
    "barcode": "9310631635993",
    "shop": "Woolworths",
    "weight": "100G",
    "prices": [
      {
        "state": "VIC",
        "price": "3400",
        "price_per_unit": "340",
        "price_unit": "G"
      },
      {
        "state": "QLD",
        "price": "3400",
        "price_per_unit": "340",
        "price_unit": "G"
      },
      {
        "state": "WA",
        "price": "3400",
        "price_per_unit": "340",
        "price_unit": "G"
      },
      {
        "state": "TAS",
        "price": "4900",
        "price_per_unit": "490",
        "price_unit": "G"
      },
      {
        "state": "ACT",
        "price": "4900",
        "price_per_unit": "490",
        "price_unit": "G"
      },
      {
        "state": "VIC",
        "price": "4900",
        "price_per_unit": "490",
        "price_unit": "G"
      },
      {
        "state": "QLD",
        "price": "4900",
        "price_per_unit": "490",
        "price_unit": "G"
      },
      {
        "state": "WA",
        "price": "4900",
        "price_per_unit": "490",
        "price_unit": "G"
      },
      {
        "state": "SA",
        "price": "4900",
        "price_per_unit": "490",
        "price_unit": "G"
      },
      {
        "state": "TAS",
        "price": "4900",
        "price_per_unit": "490",
        "price_unit": "G"
      },
      {
        "state": "ACT",
        "price": "4900",
        "price_per_unit": "490",
        "price_unit": "G"
      }
    ]
  },
  {
    "source_url": "https://www.woolworths.com.au/shop/productdetails/139527/wood-fired-coffee-beans-coffee-beans",
    "name": "Wood Fired Coffee Beans 500G",
    "image_url": "https://cdn1.woolworths.media/content/wowproductimages/large/139527.jpg",
    "source_id": "Woolworths - 139527",
    "barcode": "737452898595",
    "shop": "Woolworths",
    "weight": "100G",
    "prices": [
      {
        "state": "VIC",
        "price": "1900",
        "price_per_unit": "380",
        "price_unit": "G"
      },
      {
        "state": "QLD",
        "price": "1900",
        "price_per_unit": "380",
        "price_unit": "G"
      },
      {
        "state": "WA",
        "price": "1900",
        "price_per_unit": "380",
        "price_unit": "G"
      },
      {
        "state": "TAS",
        "price": "1520",
        "price_per_unit": "304",
        "price_unit": "G"
      },
      {
        "state": "ACT",
        "price": "1520",
        "price_per_unit": "304",
        "price_unit": "G"
      },
      {
        "state": "NT",
        "price": "1520",
        "price_per_unit": "304",
        "price_unit": "G"
      },
      {
        "state": "VIC",
        "price": "1520",
        "price_per_unit": "304",
        "price_unit": "G"
      },
      {
        "state": "QLD",
        "price": "1520",
        "price_per_unit": "304",
        "price_unit": "G"
      },
      {
        "state": "WA",
        "price": "1520",
        "price_per_unit": "304",
        "price_unit": "G"
      },
      {
        "state": "SA",
        "price": "1520",
        "price_per_unit": "304",
        "price_unit": "G"
      },
      {
        "state": "TAS",
        "price": "1520",
        "price_per_unit": "304",
        "price_unit": "G"
      },
      {
        "state": "ACT",
        "price": "1520",
        "price_per_unit": "304",
        "price_unit": "G"
      },
      {
        "state": "NT",
        "price": "1520",
        "price_per_unit": "304",
        "price_unit": "G"
      }
    ]
  },
  {
    "source_url": "https://www.woolworths.com.au/shop/productdetails/221797/wood-fired-coffee-decaf-beans-wood-fired-decaf-beans",
    "name": "Wood Fired Coffee Decaf Beans 500g",
    "image_url": "https://cdn1.woolworths.media/content/wowproductimages/large/221797.jpg",
    "source_id": "Woolworths - 221797",
    "barcode": "737452898755",
    "shop": "Woolworths",
    "weight": "100G",
    "prices": [
      {
        "state": "VIC",
        "price": "2400",
        "price_per_unit": "480",
        "price_unit": "G"
      },
      {
        "state": "QLD",
        "price": "2400",
        "price_per_unit": "480",
        "price_unit": "G"
      },
      {
        "state": "WA",
        "price": "2400",
        "price_per_unit": "480",
        "price_unit": "G"
      },
      {
        "state": "TAS",
        "price": "1920",
        "price_per_unit": "384",
        "price_unit": "G"
      },
      {
        "state": "ACT",
        "price": "1920",
        "price_per_unit": "384",
        "price_unit": "G"
      },
      {
        "state": "VIC",
        "price": "1920",
        "price_per_unit": "384",
        "price_unit": "G"
      },
      {
        "state": "QLD",
        "price": "1920",
        "price_per_unit": "384",
        "price_unit": "G"
      },
      {
        "state": "SA",
        "price": "1920",
        "price_per_unit": "384",
        "price_unit": "G"
      },
      {
        "state": "TAS",
        "price": "1920",
        "price_per_unit": "384",
        "price_unit": "G"
      },
      {
        "state": "ACT",
        "price": "1920",
        "price_per_unit": "384",
        "price_unit": "G"
      }
    ]
  },
  {
    "source_url": "https://www.woolworths.com.au/shop/productdetails/220979/wood-fired-coffee-organic-beans-coffee-organic-beans",
    "name": "Wood Fired Coffee Organic Beans 500g",
    "image_url": "https://cdn1.woolworths.media/content/wowproductimages/large/220979.jpg",
    "source_id": "Woolworths - 220979",
    "barcode": "737452898571",
    "shop": "Woolworths",
    "weight": "100G",
    "prices": [
      {
        "state": "VIC",
        "price": "2400",
        "price_per_unit": "480",
        "price_unit": "G"
      },
      {
        "state": "QLD",
        "price": "2400",
        "price_per_unit": "480",
        "price_unit": "G"
      },
      {
        "state": "WA",
        "price": "2400",
        "price_per_unit": "480",
        "price_unit": "G"
      },
      {
        "state": "TAS",
        "price": "1920",
        "price_per_unit": "384",
        "price_unit": "G"
      },
      {
        "state": "ACT",
        "price": "1920",
        "price_per_unit": "384",
        "price_unit": "G"
      },
      {
        "state": "NT",
        "price": "1920",
        "price_per_unit": "384",
        "price_unit": "G"
      },
      {
        "state": "VIC",
        "price": "1920",
        "price_per_unit": "384",
        "price_unit": "G"
      },
      {
        "state": "QLD",
        "price": "1920",
        "price_per_unit": "384",
        "price_unit": "G"
      },
      {
        "state": "SA",
        "price": "1920",
        "price_per_unit": "384",
        "price_unit": "G"
      },
      {
        "state": "TAS",
        "price": "1920",
        "price_per_unit": "384",
        "price_unit": "G"
      },
      {
        "state": "ACT",
        "price": "1920",
        "price_per_unit": "384",
        "price_unit": "G"
      },
      {
        "state": "NT",
        "price": "1920",
        "price_per_unit": "384",
        "price_unit": "G"
      }
    ]
  },
  {
    "source_url": "https://www.woolworths.com.au/shop/productdetails/222401/wood-fired-coffee-organic-ground-wood-fired-organic-ground",
    "name": "Wood Fired Coffee Organic Ground 500g",
    "image_url": "https://cdn1.woolworths.media/content/wowproductimages/large/222401.jpg",
    "source_id": "Woolworths - 222401",
    "barcode": "737452898564",
    "shop": "Woolworths",
    "weight": "100G",
    "prices": [
      {
        "state": "VIC",
        "price": "2400",
        "price_per_unit": "480",
        "price_unit": "G"
      },
      {
        "state": "QLD",
        "price": "2400",
        "price_per_unit": "480",
        "price_unit": "G"
      },
      {
        "state": "WA",
        "price": "2400",
        "price_per_unit": "480",
        "price_unit": "G"
      },
      {
        "state": "TAS",
        "price": "1920",
        "price_per_unit": "384",
        "price_unit": "G"
      },
      {
        "state": "ACT",
        "price": "1920",
        "price_per_unit": "384",
        "price_unit": "G"
      },
      {
        "state": "VIC",
        "price": "1920",
        "price_per_unit": "384",
        "price_unit": "G"
      },
      {
        "state": "QLD",
        "price": "1920",
        "price_per_unit": "384",
        "price_unit": "G"
      },
      {
        "state": "WA",
        "price": "1920",
        "price_per_unit": "384",
        "price_unit": "G"
      },
      {
        "state": "SA",
        "price": "1920",
        "price_per_unit": "384",
        "price_unit": "G"
      },
      {
        "state": "TAS",
        "price": "1920",
        "price_per_unit": "384",
        "price_unit": "G"
      },
      {
        "state": "ACT",
        "price": "1920",
        "price_per_unit": "384",
        "price_unit": "G"
      }
    ]
  },
  {
    "source_url": "https://www.woolworths.com.au/shop/productdetails/955399/cucina-classica-crema-coffee-beans",
    "name": "Cucina Classica Crema Coffee Beans 500g",
    "image_url": "https://cdn1.woolworths.media/content/wowproductimages/large/955399.jpg",
    "source_id": "Woolworths - 955399",
    "barcode": "9345682001664",
    "shop": "Woolworths",
    "weight": "100G",
    "prices": [
      {
        "state": "SA",
        "price": "1690",
        "price_per_unit": "338",
        "price_unit": "G"
      },
      {
        "state": "NT",
        "price": "1890",
        "price_per_unit": "378",
        "price_unit": "G"
      },
      {
        "state": "SA",
        "price": "1890",
        "price_per_unit": "378",
        "price_unit": "G"
      },
      {
        "state": "NT",
        "price": "1890",
        "price_per_unit": "378",
        "price_unit": "G"
      }
    ]
  },
  {
    "source_url": "https://www.woolworths.com.au/shop/productdetails/955397/cucina-classica-espresso-coffee-beans",
    "name": "Cucina Classica Espresso Coffee Beans 500g",
    "image_url": "https://cdn1.woolworths.media/content/wowproductimages/large/955397.jpg",
    "source_id": "Woolworths - 955397",
    "barcode": "9345682001497",
    "shop": "Woolworths",
    "weight": "100G",
    "prices": [
      {
        "state": "SA",
        "price": "1690",
        "price_per_unit": "338",
        "price_unit": "G"
      },
      {
        "state": "NT",
        "price": "1890",
        "price_per_unit": "378",
        "price_unit": "G"
      },
      {
        "state": "SA",
        "price": "1890",
        "price_per_unit": "378",
        "price_unit": "G"
      },
      {
        "state": "NT",
        "price": "1890",
        "price_per_unit": "378",
        "price_unit": "G"
      }
    ]
  },
  {
    "source_url": "https://www.woolworths.com.au/shop/productdetails/160442/illy-intenso-coffee-beans",
    "name": "Illy Intenso Coffee Beans 250g",
    "image_url": "https://cdn1.woolworths.media/content/wowproductimages/large/160442.jpg",
    "source_id": "Woolworths - 160442",
    "barcode": "8003753918198",
    "shop": "Woolworths",
    "weight": "100G",
    "prices": [
      {
        "state": "SA",
        "price": "1600",
        "price_per_unit": "640",
        "price_unit": "G"
      },
      {
        "state": "TAS",
        "price": "1400",
        "price_per_unit": "560",
        "price_unit": "G"
      },
      {
        "state": "ACT",
        "price": "1400",
        "price_per_unit": "560",
        "price_unit": "G"
      },
      {
        "state": "VIC",
        "price": "1400",
        "price_per_unit": "560",
        "price_unit": "G"
      },
      {
        "state": "QLD",
        "price": "1400",
        "price_per_unit": "560",
        "price_unit": "G"
      },
      {
        "state": "SA",
        "price": "1400",
        "price_per_unit": "560",
        "price_unit": "G"
      },
      {
        "state": "TAS",
        "price": "1400",
        "price_per_unit": "560",
        "price_unit": "G"
      },
      {
        "state": "ACT",
        "price": "1400",
        "price_per_unit": "560",
        "price_unit": "G"
      }
    ]
  },
  {
    "source_url": "https://www.woolworths.com.au/shop/productdetails/958004/tasmanian-coffee-roasters-coffee-beans-colombian-gold",
    "name": "Tasmanian Coffee Roasters Coffee Beans Colombian Gold 1kg",
    "image_url": "https://cdn1.woolworths.media/content/wowproductimages/large/958004.jpg",
    "source_id": "Woolworths - 958004",
    "barcode": "9323294000343",
    "shop": "Woolworths",
    "weight": "100G",
    "prices": [
      {
        "state": "TAS",
        "price": "4200",
        "price_per_unit": "420",
        "price_unit": "G"
      }
    ]
  },
  {
    "source_url": "https://www.woolworths.com.au/shop/productdetails/362272/tasmanian-coffee-roasters-coffee-beans-colombian-gold-columbian-gold",
    "name": "Tasmanian Coffee Roasters Coffee Beans Colombian Gold Columbian Gold 250g",
    "image_url": "https://cdn1.woolworths.media/content/wowproductimages/large/362272.jpg",
    "source_id": "Woolworths - 362272",
    "barcode": "9323294000220",
    "shop": "Woolworths",
    "weight": "100G",
    "prices": [
      {
        "state": "TAS",
        "price": "1050",
        "price_per_unit": "420",
        "price_unit": "G"
      }
    ]
  },
  {
    "source_url": "https://www.woolworths.com.au/shop/productdetails/362271/tasmanian-coffee-roasters-coffee-beans-rich-asmara-rich-asmara",
    "name": "Tasmanian Coffee Roasters Coffee Beans Rich Asmara Rich Asmara 250g",
    "image_url": "https://cdn1.woolworths.media/content/wowproductimages/large/362271.jpg",
    "source_id": "Woolworths - 362271",
    "barcode": "9323294000213",
    "shop": "Woolworths",
    "weight": "100G",
    "prices": [
      {
        "state": "TAS",
        "price": "1050",
        "price_per_unit": "420",
        "price_unit": "G"
      }
    ]
  },
  {
    "source_url": "https://www.woolworths.com.au/shop/productdetails/162660/st-ali-italo-disco-coffee-beans",
    "name": "St. Ali Italo Disco Coffee Beans 500g",
    "image_url": "https://cdn1.woolworths.media/content/wowproductimages/large/162660.jpg",
    "source_id": "Woolworths - 162660",
    "barcode": "9355572000585",
    "shop": "Woolworths",
    "weight": "100G",
    "prices": [
      {
        "state": "VIC",
        "price": "3500",
        "price_per_unit": "700",
        "price_unit": "G"
      }
    ]
  },
  {
    "source_url": "https://www.woolworths.com.au/shop/productdetails/223759/fiori-coffee-the-holy-roller-sweet-toffee",
    "name": "Fiori Coffee The Holy Roller Sweet Toffee 250g",
    "image_url": "https://cdn1.woolworths.media/content/wowproductimages/large/223759.jpg",
    "source_id": "Woolworths - 223759",
    "barcode": "9329404009985",
    "shop": "Woolworths",
    "weight": "100G",
    "prices": [
      {
        "state": "WA",
        "price": "1300",
        "price_per_unit": "520",
        "price_unit": "G"
      }
    ]
  },
  {
    "source_url": "https://www.woolworths.com.au/shop/productdetails/224417/fiori-original-blend-coffee",
    "name": "Fiori Original Blend Coffee 1kg",
    "image_url": "https://cdn1.woolworths.media/content/wowproductimages/large/224417.jpg",
    "source_id": "Woolworths - 224417",
    "barcode": "9329404000845",
    "shop": "Woolworths",
    "weight": "100G",
    "prices": [
      {
        "state": "WA",
        "price": "4500",
        "price_per_unit": "450",
        "price_unit": "G"
      }
    ]
  },
  {
    "source_url": "https://www.woolworths.com.au/shop/productdetails/223958/fiori-original-blend-coffee",
    "name": "Fiori Original Blend Coffee 250g",
    "image_url": "https://cdn1.woolworths.media/content/wowproductimages/large/223958.jpg",
    "source_id": "Woolworths - 223958",
    "barcode": "9329404000777",
    "shop": "Woolworths",
    "weight": "100G",
    "prices": [
      {
        "state": "WA",
        "price": "1300",
        "price_per_unit": "520",
        "price_unit": "G"
      }
    ]
  },
  {
    "source_url": "https://www.woolworths.com.au/shop/productdetails/223894/fiori-the-excalibur-blend-coffee",
    "name": "Fiori The Excalibur Blend Coffee 250g",
    "image_url": "https://cdn1.woolworths.media/content/wowproductimages/large/223894.jpg",
    "source_id": "Woolworths - 223894",
    "barcode": "9329404009992",
    "shop": "Woolworths",
    "weight": "100G",
    "prices": [
      {
        "state": "WA",
        "price": "1300",
        "price_per_unit": "520",
        "price_unit": "G"
      }
    ]
  }
]