[
  {
    "source_url": "https://www.woolworths.com.au/shop/productdetails/577650/birds-eye-seasoned-potato-vegetables-tomatoes-onion-garlic-basil",
    "name": "Birds Eye Seasoned Potato Vegetables Tomatoes Onion Garlic Basil 600g",
    "image_url": "https://cdn1.woolworths.media/content/wowproductimages/large/577650.jpg",
    "source_id": "Woolworths - 577650",
    "barcode": "9310081104537",
    "shop": "Woolworths",
    "weight": "1KG",
    "prices": [
      {
        "state": "NSW",
        "price": "560",
        "price_per_unit": "933",
        "price_unit": "KG"
      },
      {
        "state": "VIC",
        "price": "560",
        "price_per_unit": "933",
        "price_unit": "KG"
      },
      {
        "state": "QLD",
        "price": "560",
        "price_per_unit": "933",
        "price_unit": "KG"
      },
      {
        "state": "WA",
        "price": "560",
        "price_per_unit": "933",
        "price_unit": "KG"
      },
      {
        "state": "SA",
        "price": "560",
        "price_per_unit": "933",
        "price_unit": "KG"
      },
      {
        "state": "TAS",
        "price": "700",
        "price_per_unit": "1167",
        "price_unit": "KG"
      },
      {
        "state": "ACT",
        "price": "700",
        "price_per_unit": "1167",
        "price_unit": "KG"
      },
      {
        "state": "NT",
        "price": "735",
        "price_per_unit": "1225",
        "price_unit": "KG"
      }
    ]
  },
  {
    "source_url": "https://www.woolworths.com.au/shop/productdetails/217969/birds-eye-snap-frozen-carrot-cauliflower-broccoli",
    "name": "Birds Eye Snap Frozen Carrot, Cauliflower & Broccoli 1kg",
    "image_url": "https://cdn1.woolworths.media/content/wowproductimages/large/217969.jpg",
    "source_id": "Woolworths - 217969",
    "barcode": "9300462417301",
    "shop": "Woolworths",
    "weight": "1KG",
    "prices": [
      {
        "state": "NSW",
        "price": "650",
        "price_per_unit": "650",
        "price_unit": "KG"
      },
      {
        "state": "VIC",
        "price": "650",
        "price_per_unit": "650",
        "price_unit": "KG"
      },
      {
        "state": "QLD",
        "price": "650",
        "price_per_unit": "650",
        "price_unit": "KG"
      },
      {
        "state": "WA",
        "price": "650",
        "price_per_unit": "650",
        "price_unit": "KG"
      },
      {
        "state": "SA",
        "price": "650",
        "price_per_unit": "650",
        "price_unit": "KG"
      },
      {
        "state": "TAS",
        "price": "650",
        "price_per_unit": "650",
        "price_unit": "KG"
      },
      {
        "state": "ACT",
        "price": "650",
        "price_per_unit": "650",
        "price_unit": "KG"
      },
      {
        "state": "NT",
        "price": "685",
        "price_per_unit": "685",
        "price_unit": "KG"
      }
    ]
  },
  {
    "source_url": "https://www.woolworths.com.au/shop/productdetails/768622/birds-eye-stir-fry-oriental",
    "name": "Birds Eye Stir Fry Oriental 850g",
    "image_url": "https://cdn1.woolworths.media/content/wowproductimages/large/768622.jpg",
    "source_id": "Woolworths - 768622",
    "barcode": "9310081431039",
    "shop": "Woolworths",
    "weight": "1KG",
    "prices": [
      {
        "state": "NSW",
        "price": "550",
        "price_per_unit": "647",
        "price_unit": "KG"
      },
      {
        "state": "VIC",
        "price": "550",
        "price_per_unit": "647",
        "price_unit": "KG"
      },
      {
        "state": "QLD",
        "price": "550",
        "price_per_unit": "647",
        "price_unit": "KG"
      },
      {
        "state": "WA",
        "price": "550",
        "price_per_unit": "647",
        "price_unit": "KG"
      },
      {
        "state": "SA",
        "price": "550",
        "price_per_unit": "647",
        "price_unit": "KG"
      },
      {
        "state": "TAS",
        "price": "550",
        "price_per_unit": "647",
        "price_unit": "KG"
      },
      {
        "state": "ACT",
        "price": "550",
        "price_per_unit": "647",
        "price_unit": "KG"
      },
      {
        "state": "NT",
        "price": "550",
        "price_per_unit": "647",
        "price_unit": "KG"
      }
    ]
  },
  {
    "source_url": "https://www.woolworths.com.au/shop/productdetails/95871/mccain-mixed-vegetables-peas-super-sweet-corn",
    "name": "McCain Mixed Vegetables Peas & Super Sweet Corn 1kg",
    "image_url": "https://cdn1.woolworths.media/content/wowproductimages/large/095871.jpg",
    "source_id": "Woolworths - 95871",
    "barcode": "9310174076147",
    "shop": "Woolworths",
    "weight": "1KG",
    "prices": [
      {
        "state": "NSW",
        "price": "700",
        "price_per_unit": "700",
        "price_unit": "KG"
      },
      {
        "state": "VIC",
        "price": "700",
        "price_per_unit": "700",
        "price_unit": "KG"
      },
      {
        "state": "QLD",
        "price": "700",
        "price_per_unit": "700",
        "price_unit": "KG"
      },
      {
        "state": "WA",
        "price": "700",
        "price_per_unit": "700",
        "price_unit": "KG"
      },
      {
        "state": "SA",
        "price": "700",
        "price_per_unit": "700",
        "price_unit": "KG"
      },
      {
        "state": "TAS",
        "price": "700",
        "price_per_unit": "700",
        "price_unit": "KG"
      },
      {
        "state": "ACT",
        "price": "700",
        "price_per_unit": "700",
        "price_unit": "KG"
      },
      {
        "state": "NT",
        "price": "700",
        "price_per_unit": "700",
        "price_unit": "KG"
      }
    ]
  },
  {
    "source_url": "https://www.woolworths.com.au/shop/productdetails/322789/mccain-mixed-vegetables-peas-corn-carrot",
    "name": "McCain Mixed Vegetables Peas Corn & Carrot 2kg",
    "image_url": "https://cdn1.woolworths.media/content/wowproductimages/large/322789.jpg",
    "source_id": "Woolworths - 322789",
    "barcode": "9416036870622",
    "shop": "Woolworths",
    "weight": "1KG",
    "prices": [
      {
        "state": "NSW",
        "price": "1200",
        "price_per_unit": "600",
        "price_unit": "KG"
      },
      {
        "state": "VIC",
        "price": "1200",
        "price_per_unit": "600",
        "price_unit": "KG"
      },
      {
        "state": "QLD",
        "price": "1200",
        "price_per_unit": "600",
        "price_unit": "KG"
      },
      {
        "state": "WA",
        "price": "1200",
        "price_per_unit": "600",
        "price_unit": "KG"
      },
      {
        "state": "SA",
        "price": "1200",
        "price_per_unit": "600",
        "price_unit": "KG"
      },
      {
        "state": "TAS",
        "price": "1200",
        "price_per_unit": "600",
        "price_unit": "KG"
      },
      {
        "state": "ACT",
        "price": "1200",
        "price_per_unit": "600",
        "price_unit": "KG"
      },
      {
        "state": "NT",
        "price": "1200",
        "price_per_unit": "600",
        "price_unit": "KG"
      }
    ]
  },
  {
    "source_url": "https://www.woolworths.com.au/shop/productdetails/768561/woolworths-broccoli-cauliflower",
    "name": "Woolworths Broccoli & Cauliflower 500g",
    "image_url": "https://cdn1.woolworths.media/content/wowproductimages/large/768561.jpg",
    "source_id": "Woolworths - 768561",
    "barcode": "9300633450342",
    "shop": "Woolworths",
    "weight": "1KG",
    "prices": [
      {
        "state": "NSW",
        "price": "400",
        "price_per_unit": "800",
        "price_unit": "KG"
      },
      {
        "state": "VIC",
        "price": "400",
        "price_per_unit": "800",
        "price_unit": "KG"
      },
      {
        "state": "QLD",
        "price": "400",
        "price_per_unit": "800",
        "price_unit": "KG"
      },
      {
        "state": "WA",
        "price": "400",
        "price_per_unit": "800",
        "price_unit": "KG"
      },
      {
        "state": "SA",
        "price": "400",
        "price_per_unit": "800",
        "price_unit": "KG"
      },
      {
        "state": "TAS",
        "price": "400",
        "price_per_unit": "800",
        "price_unit": "KG"
      },
      {
        "state": "ACT",
        "price": "400",
        "price_per_unit": "800",
        "price_unit": "KG"
      },
      {
        "state": "NT",
        "price": "400",
        "price_per_unit": "800",
        "price_unit": "KG"
      }
    ]
  },
  {
    "source_url": "https://www.woolworths.com.au/shop/productdetails/768569/woolworths-carrots-peas-corn",
    "name": "Woolworths Carrots Peas & Corn 1kg",
    "image_url": "https://cdn1.woolworths.media/content/wowproductimages/large/768569.jpg",
    "source_id": "Woolworths - 768569",
    "barcode": "9300633450427",
    "shop": "Woolworths",
    "weight": "1KG",
    "prices": [
      {
        "state": "NSW",
        "price": "500",
        "price_per_unit": "500",
        "price_unit": "KG"
      },
      {
        "state": "VIC",
        "price": "500",
        "price_per_unit": "500",
        "price_unit": "KG"
      },
      {
        "state": "QLD",
        "price": "500",
        "price_per_unit": "500",
        "price_unit": "KG"
      },
      {
        "state": "WA",
        "price": "500",
        "price_per_unit": "500",
        "price_unit": "KG"
      },
      {
        "state": "SA",
        "price": "500",
        "price_per_unit": "500",
        "price_unit": "KG"
      },
      null,
      {
        "state": "ACT",
        "price": "500",
        "price_per_unit": "500",
        "price_unit": "KG"
      },
      {
        "state": "NT",
        "price": "500",
        "price_per_unit": "500",
        "price_unit": "KG"
      }
    ]
  },
  {
    "source_url": "https://www.woolworths.com.au/shop/productdetails/61998/woolworths-prep-set-go-diced-frozen-onions",
    "name": "Woolworths Prep Set Go Diced Frozen Onions 500g",
    "image_url": "https://cdn1.woolworths.media/content/wowproductimages/large/061998.jpg",
    "source_id": "Woolworths - 61998",
    "barcode": "9339687133857",
    "shop": "Woolworths",
    "weight": "1KG",
    "prices": [
      {
        "state": "NSW",
        "price": "250",
        "price_per_unit": "500",
        "price_unit": "KG"
      },
      {
        "state": "SA",
        "price": "250",
        "price_per_unit": "500",
        "price_unit": "KG"
      },
      {
        "state": "ACT",
        "price": "250",
        "price_per_unit": "500",
        "price_unit": "KG"
      },
      {
        "state": "NT",
        "price": "250",
        "price_per_unit": "500",
        "price_unit": "KG"
      }
    ]
  },
  {
    "source_url": "https://www.woolworths.com.au/shop/productdetails/768567/woolworths-winter-veg-mix",
    "name": "Woolworths Winter Veg Mix 1kg",
    "image_url": "https://cdn1.woolworths.media/content/wowproductimages/large/768567.jpg",
    "source_id": "Woolworths - 768567",
    "barcode": "9300633450403",
    "shop": "Woolworths",
    "weight": "1KG",
    "prices": [
      {
        "state": "NSW",
        "price": "520",
        "price_per_unit": "520",
        "price_unit": "KG"
      },
      {
        "state": "SA",
        "price": "520",
        "price_per_unit": "520",
        "price_unit": "KG"
      },
      {
        "state": "TAS",
        "price": "520",
        "price_per_unit": "520",
        "price_unit": "KG"
      },
      {
        "state": "ACT",
        "price": "520",
        "price_per_unit": "520",
        "price_unit": "KG"
      },
      {
        "state": "NT",
        "price": "520",
        "price_per_unit": "520",
        "price_unit": "KG"
      }
    ]
  },
  {
    "source_url": "https://www.woolworths.com.au/shop/productdetails/705677/birds-eye-australian-snap-frozen-mixed-vegetables-peas-corn",
    "name": "Birds Eye Australian Snap Frozen Mixed Vegetables Peas & Corn 1kg",
    "image_url": "https://cdn1.woolworths.media/content/wowproductimages/large/705677.jpg",
    "source_id": "Woolworths - 705677",
    "barcode": "9310081426394",
    "shop": "Woolworths",
    "weight": "1KG",
    "prices": [
      {
        "state": "VIC",
        "price": "650",
        "price_per_unit": "650",
        "price_unit": "KG"
      },
      {
        "state": "QLD",
        "price": "650",
        "price_per_unit": "650",
        "price_unit": "KG"
      },
      {
        "state": "WA",
        "price": "650",
        "price_per_unit": "650",
        "price_unit": "KG"
      },
      {
        "state": "SA",
        "price": "650",
        "price_per_unit": "650",
        "price_unit": "KG"
      },
      {
        "state": "TAS",
        "price": "650",
        "price_per_unit": "650",
        "price_unit": "KG"
      },
      null,
      {
        "state": "NT",
        "price": "685",
        "price_per_unit": "685",
        "price_unit": "KG"
      }
    ]
  },
  {
    "source_url": "https://www.woolworths.com.au/shop/productdetails/705695/birds-eye-australian-spring-greens-mix-green-beans-peas-broccoli",
    "name": "Birds Eye Australian Spring Greens Mix Green Beans, Peas & Broccoli 1kg",
    "image_url": "https://cdn1.woolworths.media/content/wowproductimages/large/705695.jpg",
    "source_id": "Woolworths - 705695",
    "barcode": "9310081427070",
    "shop": "Woolworths",
    "weight": "1KG",
    "prices": [
      {
        "state": "VIC",
        "price": "650",
        "price_per_unit": "650",
        "price_unit": "KG"
      },
      {
        "state": "QLD",
        "price": "650",
        "price_per_unit": "650",
        "price_unit": "KG"
      },
      {
        "state": "WA",
        "price": "650",
        "price_per_unit": "650",
        "price_unit": "KG"
      },
      {
        "state": "SA",
        "price": "650",
        "price_per_unit": "650",
        "price_unit": "KG"
      },
      {
        "state": "TAS",
        "price": "650",
        "price_per_unit": "650",
        "price_unit": "KG"
      },
      null,
      {
        "state": "NT",
        "price": "685",
        "price_per_unit": "685",
        "price_unit": "KG"
      }
    ]
  },
  {
    "source_url": "https://www.woolworths.com.au/shop/productdetails/782979/birds-eye-snap-frozen-baby-beans-carrot-corn-broccoli-veg-mix",
    "name": "Birds Eye Snap Frozen Baby Beans Carrot Corn & Broccoli Veg Mix 1kg",
    "image_url": "https://cdn1.woolworths.media/content/wowproductimages/large/782979.jpg",
    "source_id": "Woolworths - 782979",
    "barcode": "9310081459989",
    "shop": "Woolworths",
    "weight": "1KG",
    "prices": [
      {
        "state": "VIC",
        "price": "650",
        "price_per_unit": "650",
        "price_unit": "KG"
      },
      {
        "state": "QLD",
        "price": "650",
        "price_per_unit": "650",
        "price_unit": "KG"
      },
      {
        "state": "WA",
        "price": "650",
        "price_per_unit": "650",
        "price_unit": "KG"
      },
      {
        "state": "SA",
        "price": "650",
        "price_per_unit": "650",
        "price_unit": "KG"
      },
      {
        "state": "TAS",
        "price": "650",
        "price_per_unit": "650",
        "price_unit": "KG"
      },
      {
        "state": "ACT",
        "price": "650",
        "price_per_unit": "650",
        "price_unit": "KG"
      },
      {
        "state": "NT",
        "price": "685",
        "price_per_unit": "685",
        "price_unit": "KG"
      }
    ]
  },
  {
    "source_url": "https://www.woolworths.com.au/shop/productdetails/682829/birds-eye-snap-frozen-carrot-cauliflower-beans-broccoli",
    "name": "Birds Eye Snap Frozen Carrot Cauliflower Beans & Broccoli 500g",
    "image_url": "https://cdn1.woolworths.media/content/wowproductimages/large/682829.jpg",
    "source_id": "Woolworths - 682829",
    "barcode": "9310081459972",
    "shop": "Woolworths",
    "weight": "1KG",
    "prices": [
      {
        "state": "VIC",
        "price": "400",
        "price_per_unit": "800",
        "price_unit": "KG"
      },
      {
        "state": "QLD",
        "price": "400",
        "price_per_unit": "800",
        "price_unit": "KG"
      },
      {
        "state": "WA",
        "price": "400",
        "price_per_unit": "800",
        "price_unit": "KG"
      },
      {
        "state": "SA",
        "price": "400",
        "price_per_unit": "800",
        "price_unit": "KG"
      },
      null,
      {
        "state": "ACT",
        "price": "400",
        "price_per_unit": "800",
        "price_unit": "KG"
      },
      {
        "state": "NT",
        "price": "400",
        "price_per_unit": "800",
        "price_unit": "KG"
      }
    ]
  },
  {
    "source_url": "https://www.woolworths.com.au/shop/productdetails/249382/birds-eye-snap-frozen-mix-carrot-beans-broccoli-cauliflower-capsicum",
    "name": "Birds Eye Snap Frozen Mix Carrot Beans Broccoli Cauliflower &Capsicum 1kg",
    "image_url": "https://cdn1.woolworths.media/content/wowproductimages/large/249382.jpg",
    "source_id": "Woolworths - 249382",
    "barcode": "9310081410102",
    "shop": "Woolworths",
    "weight": "1KG",
    "prices": [
      {
        "state": "VIC",
        "price": "650",
        "price_per_unit": "650",
        "price_unit": "KG"
      },
      {
        "state": "QLD",
        "price": "650",
        "price_per_unit": "650",
        "price_unit": "KG"
      },
      {
        "state": "WA",
        "price": "650",
        "price_per_unit": "650",
        "price_unit": "KG"
      },
      {
        "state": "SA",
        "price": "650",
        "price_per_unit": "650",
        "price_unit": "KG"
      },
      {
        "state": "TAS",
        "price": "650",
        "price_per_unit": "650",
        "price_unit": "KG"
      },
      null,
      {
        "state": "NT",
        "price": "685",
        "price_per_unit": "685",
        "price_unit": "KG"
      }
    ]
  },
  {
    "source_url": "https://www.woolworths.com.au/shop/productdetails/370801/birds-eye-snap-frozen-mixed-vegetables-peas-corn-capsicum",
    "name": "Birds Eye Snap Frozen Mixed Vegetables Peas, Corn & Capsicum 500g",
    "image_url": "https://cdn1.woolworths.media/content/wowproductimages/large/370801.jpg",
    "source_id": "Woolworths - 370801",
    "barcode": "9310081405764",
    "shop": "Woolworths",
    "weight": "1KG",
    "prices": [
      {
        "state": "VIC",
        "price": "400",
        "price_per_unit": "800",
        "price_unit": "KG"
      },
      {
        "state": "QLD",
        "price": "400",
        "price_per_unit": "800",
        "price_unit": "KG"
      },
      {
        "state": "WA",
        "price": "400",
        "price_per_unit": "800",
        "price_unit": "KG"
      },
      {
        "state": "SA",
        "price": "400",
        "price_per_unit": "800",
        "price_unit": "KG"
      },
      {
        "state": "ACT",
        "price": "400",
        "price_per_unit": "800",
        "price_unit": "KG"
      },
      {
        "state": "NT",
        "price": "400",
        "price_per_unit": "800",
        "price_unit": "KG"
      }
    ]
  },
  {
    "source_url": "https://www.woolworths.com.au/shop/productdetails/705694/birds-eye-stir-fry-mix-chinese",
    "name": "Birds Eye Stir Fry Mix Chinese 850g",
    "image_url": "https://cdn1.woolworths.media/content/wowproductimages/large/705694.jpg",
    "source_id": "Woolworths - 705694",
    "barcode": "9310081453338",
    "shop": "Woolworths",
    "weight": "1KG",
    "prices": [
      {
        "state": "VIC",
        "price": "550",
        "price_per_unit": "647",
        "price_unit": "KG"
      },
      {
        "state": "QLD",
        "price": "550",
        "price_per_unit": "647",
        "price_unit": "KG"
      },
      {
        "state": "WA",
        "price": "550",
        "price_per_unit": "647",
        "price_unit": "KG"
      },
      {
        "state": "SA",
        "price": "550",
        "price_per_unit": "647",
        "price_unit": "KG"
      },
      {
        "state": "TAS",
        "price": "550",
        "price_per_unit": "647",
        "price_unit": "KG"
      },
      {
        "state": "ACT",
        "price": "550",
        "price_per_unit": "647",
        "price_unit": "KG"
      },
      {
        "state": "NT",
        "price": "550",
        "price_per_unit": "647",
        "price_unit": "KG"
      }
    ]
  },
  {
    "source_url": "https://www.woolworths.com.au/shop/productdetails/93915/essentials-frozen-mixed-vegetables",
    "name": "Essentials Frozen Mixed Vegetables 1kg",
    "image_url": "https://cdn1.woolworths.media/content/wowproductimages/large/093915.jpg",
    "source_id": "Woolworths - 93915",
    "barcode": "9339687272723",
    "shop": "Woolworths",
    "weight": "1KG",
    "prices": [
      {
        "state": "VIC",
        "price": "280",
        "price_per_unit": "280",
        "price_unit": "KG"
      },
      {
        "state": "QLD",
        "price": "280",
        "price_per_unit": "280",
        "price_unit": "KG"
      },
      {
        "state": "WA",
        "price": "280",
        "price_per_unit": "280",
        "price_unit": "KG"
      },
      {
        "state": "SA",
        "price": "280",
        "price_per_unit": "280",
        "price_unit": "KG"
      },
      null,
      {
        "state": "ACT",
        "price": "280",
        "price_per_unit": "280",
        "price_unit": "KG"
      },
      {
        "state": "NT",
        "price": "280",
        "price_per_unit": "280",
        "price_unit": "KG"
      }
    ]
  },
  {
    "source_url": "https://www.woolworths.com.au/shop/productdetails/802648/mccain-mixed-vegetable-seasonal-mix-frozen",
    "name": "McCain Mixed Vegetable Seasonal Mix Frozen 1kg",
    "image_url": "https://cdn1.woolworths.media/content/wowproductimages/large/802648.jpg",
    "source_id": "Woolworths - 802648",
    "barcode": "9410174170095",
    "shop": "Woolworths",
    "weight": "1KG",
    "prices": [
      {
        "state": "VIC",
        "price": "680",
        "price_per_unit": "680",
        "price_unit": "KG"
      },
      {
        "state": "QLD",
        "price": "680",
        "price_per_unit": "680",
        "price_unit": "KG"
      },
      {
        "state": "WA",
        "price": "680",
        "price_per_unit": "680",
        "price_unit": "KG"
      },
      {
        "state": "SA",
        "price": "680",
        "price_per_unit": "680",
        "price_unit": "KG"
      },
      {
        "state": "TAS",
        "price": "680",
        "price_per_unit": "680",
        "price_unit": "KG"
      },
      {
        "state": "ACT",
        "price": "680",
        "price_per_unit": "680",
        "price_unit": "KG"
      },
      {
        "state": "NT",
        "price": "715",
        "price_per_unit": "715",
        "price_unit": "KG"
      }
    ]
  },
  {
    "source_url": "https://www.woolworths.com.au/shop/productdetails/54232/mccain-mixed-vegetables-peas-corn",
    "name": "McCain Mixed Vegetables Peas & Corn 500g",
    "image_url": "https://cdn1.woolworths.media/content/wowproductimages/large/054232.jpg",
    "source_id": "Woolworths - 54232",
    "barcode": "9416036006106",
    "shop": "Woolworths",
    "weight": "1KG",
    "prices": [
      {
        "state": "VIC",
        "price": "400",
        "price_per_unit": "800",
        "price_unit": "KG"
      },
      {
        "state": "QLD",
        "price": "400",
        "price_per_unit": "800",
        "price_unit": "KG"
      },
      {
        "state": "WA",
        "price": "400",
        "price_per_unit": "800",
        "price_unit": "KG"
      },
      {
        "state": "SA",
        "price": "400",
        "price_per_unit": "800",
        "price_unit": "KG"
      },
      {
        "state": "TAS",
        "price": "400",
        "price_per_unit": "800",
        "price_unit": "KG"
      },
      {
        "state": "ACT",
        "price": "400",
        "price_per_unit": "800",
        "price_unit": "KG"
      },
      {
        "state": "NT",
        "price": "400",
        "price_per_unit": "800",
        "price_unit": "KG"
      }
    ]
  },
  {
    "source_url": "https://www.woolworths.com.au/shop/productdetails/54233/mccain-mixed-vegetables-peas-corn-carrot",
    "name": "McCain Mixed Vegetables Peas Corn & Carrot 500g",
    "image_url": "https://cdn1.woolworths.media/content/wowproductimages/large/054233.jpg",
    "source_id": "Woolworths - 54233",
    "barcode": "9310174006236",
    "shop": "Woolworths",
    "weight": "1KG",
    "prices": [
      {
        "state": "VIC",
        "price": "360",
        "price_per_unit": "720",
        "price_unit": "KG"
      },
      {
        "state": "QLD",
        "price": "360",
        "price_per_unit": "720",
        "price_unit": "KG"
      },
      {
        "state": "WA",
        "price": "360",
        "price_per_unit": "720",
        "price_unit": "KG"
      },
      {
        "state": "SA",
        "price": "360",
        "price_per_unit": "720",
        "price_unit": "KG"
      },
      {
        "state": "TAS",
        "price": "360",
        "price_per_unit": "720",
        "price_unit": "KG"
      },
      {
        "state": "ACT",
        "price": "360",
        "price_per_unit": "720",
        "price_unit": "KG"
      },
      {
        "state": "NT",
        "price": "360",
        "price_per_unit": "720",
        "price_unit": "KG"
      }
    ]
  },
  {
    "source_url": "https://www.woolworths.com.au/shop/productdetails/289348/bell-farms-carrots-peas-corn-snap-frozen",
    "name": "Bell Farms Carrots Peas & Corn Snap Frozen 1kg",
    "image_url": "https://cdn1.woolworths.media/content/wowproductimages/large/289348.jpg",
    "source_id": "Woolworths - 289348",
    "barcode": "9339687345823",
    "shop": "Woolworths",
    "weight": "1KG",
    "prices": [
      {
        "state": "QLD",
        "price": "390",
        "price_per_unit": "390",
        "price_unit": "KG"
      },
      {
        "state": "WA",
        "price": "390",
        "price_per_unit": "390",
        "price_unit": "KG"
      },
      {
        "state": "ACT",
        "price": "390",
        "price_per_unit": "390",
        "price_unit": "KG"
      }
    ]
  },
  {
    "source_url": "https://www.woolworths.com.au/shop/productdetails/897195/birds-eye-seasoned-potato-broccoli-onion-carrots-rosemary-thyme-parsley",
    "name": "Birds Eye Seasoned Potato Broccoli Onion Carrots Rosemary Thyme Parsley 600g",
    "image_url": "https://cdn1.woolworths.media/content/wowproductimages/large/897195.jpg",
    "source_id": "Woolworths - 897195",
    "barcode": "9310081129776",
    "shop": "Woolworths",
    "weight": "1KG",
    "prices": [
      {
        "state": "QLD",
        "price": "560",
        "price_per_unit": "933",
        "price_unit": "KG"
      },
      {
        "state": "WA",
        "price": "560",
        "price_per_unit": "933",
        "price_unit": "KG"
      },
      {
        "state": "SA",
        "price": "560",
        "price_per_unit": "933",
        "price_unit": "KG"
      },
      {
        "state": "TAS",
        "price": "700",
        "price_per_unit": "1167",
        "price_unit": "KG"
      },
      {
        "state": "ACT",
        "price": "700",
        "price_per_unit": "1167",
        "price_unit": "KG"
      },
      {
        "state": "NT",
        "price": "735",
        "price_per_unit": "1225",
        "price_unit": "KG"
      }
    ]
  },
  {
    "source_url": "https://www.woolworths.com.au/shop/productdetails/839432/birds-eye-seasoned-sweet-potato-capsicum-green-beans-onion-parsley",
    "name": "Birds Eye Seasoned Sweet Potato Capsicum Green Beans Onion Parsley 600g",
    "image_url": "https://cdn1.woolworths.media/content/wowproductimages/large/839432.jpg",
    "source_id": "Woolworths - 839432",
    "barcode": "9310081104551",
    "shop": "Woolworths",
    "weight": "1KG",
    "prices": [
      {
        "state": "SA",
        "price": "560",
        "price_per_unit": "933",
        "price_unit": "KG"
      },
      {
        "state": "TAS",
        "price": "700",
        "price_per_unit": "1167",
        "price_unit": "KG"
      },
      null,
      {
        "state": "NT",
        "price": "735",
        "price_per_unit": "1225",
        "price_unit": "KG"
      }
    ]
  },
  {
    "source_url": "https://www.woolworths.com.au/shop/productdetails/255445/birds-eye-snap-frozen-mixed-vegetables-carrot-peas-corn",
    "name": "Birds Eye Snap Frozen Mixed Vegetables Carrot, Peas & Corn 1kg",
    "image_url": "https://cdn1.woolworths.media/content/wowproductimages/large/255445.jpg",
    "source_id": "Woolworths - 255445",
    "barcode": "9310081410096",
    "shop": "Woolworths",
    "weight": "1KG",
    "prices": [
      {
        "state": "QLD",
        "price": "650",
        "price_per_unit": "650",
        "price_unit": "KG"
      },
      {
        "state": "WA",
        "price": "650",
        "price_per_unit": "650",
        "price_unit": "KG"
      },
      {
        "state": "SA",
        "price": "650",
        "price_per_unit": "650",
        "price_unit": "KG"
      },
      {
        "state": "TAS",
        "price": "650",
        "price_per_unit": "650",
        "price_unit": "KG"
      },
      {
        "state": "ACT",
        "price": "650",
        "price_per_unit": "650",
        "price_unit": "KG"
      },
      {
        "state": "NT",
        "price": "685",
        "price_per_unit": "685",
        "price_unit": "KG"
      }
    ]
  },
  {
    "source_url": "https://www.woolworths.com.au/shop/productdetails/802646/mccain-mixed-vegetables-country-greens",
    "name": "McCain Mixed Vegetables Country Greens 1kg",
    "image_url": "https://cdn1.woolworths.media/content/wowproductimages/large/802646.jpg",
    "source_id": "Woolworths - 802646",
    "barcode": "9410174170088",
    "shop": "Woolworths",
    "weight": "1KG",
    "prices": [
      {
        "state": "QLD",
        "price": "680",
        "price_per_unit": "680",
        "price_unit": "KG"
      },
      {
        "state": "WA",
        "price": "680",
        "price_per_unit": "680",
        "price_unit": "KG"
      },
      {
        "state": "SA",
        "price": "680",
        "price_per_unit": "680",
        "price_unit": "KG"
      },
      null,
      {
        "state": "ACT",
        "price": "680",
        "price_per_unit": "680",
        "price_unit": "KG"
      },
      {
        "state": "NT",
        "price": "715",
        "price_per_unit": "715",
        "price_unit": "KG"
      }
    ]
  },
  {
    "source_url": "https://www.woolworths.com.au/shop/productdetails/120138/bell-farms-snap-frozen-winter-veggies",
    "name": "Bell Farms Snap Frozen Winter Veggies 1kg",
    "image_url": "https://cdn1.woolworths.media/content/wowproductimages/large/120138.jpg",
    "source_id": "Woolworths - 120138",
    "barcode": "9339687212255",
    "shop": "Woolworths",
    "weight": "1KG",
    "prices": [
      {
        "state": "TAS",
        "price": "400",
        "price_per_unit": "400",
        "price_unit": "KG"
      },
      null,
      null
    ]
  },
  {
    "source_url": "https://www.woolworths.com.au/shop/productdetails/768564/woolworths-peas-corn",
    "name": "Woolworths Peas & Corn 500g",
    "image_url": "https://cdn1.woolworths.media/content/wowproductimages/large/768564.jpg",
    "source_id": "Woolworths - 768564",
    "barcode": "9300633450373",
    "shop": "Woolworths",
    "weight": "1KG",
    "prices": [
      {
        "state": "SA",
        "price": "340",
        "price_per_unit": "680",
        "price_unit": "KG"
      },
      {
        "state": "TAS",
        "price": "340",
        "price_per_unit": "680",
        "price_unit": "KG"
      },
      {
        "state": "ACT",
        "price": "340",
        "price_per_unit": "680",
        "price_unit": "KG"
      },
      {
        "state": "NT",
        "price": "340",
        "price_per_unit": "680",
        "price_unit": "KG"
      }
    ]
  },
  {
    "source_url": "https://www.woolworths.com.au/shop/productdetails/61999/woolworths-prep-set-go-frozen-stir-fry-mixed-vegetables",
    "name": "Woolworths Prep Set Go Frozen Stir Fry Mixed Vegetables 500g",
    "image_url": "https://cdn1.woolworths.media/content/wowproductimages/large/061999.jpg",
    "source_id": "Woolworths - 61999",
    "barcode": "9339687133864",
    "shop": "Woolworths",
    "weight": "1KG",
    "prices": [
      {
        "state": "ACT",
        "price": "275",
        "price_per_unit": "550",
        "price_unit": "KG"
      }
    ]
  },
  {
    "source_url": "https://www.woolworths.com.au/shop/productdetails/817508/woolworths-prep-set-go-slice-tri-colour-capsicum",
    "name": "Woolworths Prep Set Go Slice Tri Colour Capsicum 500g",
    "image_url": "https://cdn1.woolworths.media/content/wowproductimages/large/817508.jpg",
    "source_id": "Woolworths - 817508",
    "barcode": "9339687075393",
    "shop": "Woolworths",
    "weight": "1KG",
    "prices": [
      null
    ]
  }
]