[
  {
    "source_url": "https://www.woolworths.com.au/shop/productdetails/263636/sara-lee-french-cream-cheesecake",
    "name": "Sara Lee French Cream Cheesecake 360g",
    "image_url": "https://cdn1.woolworths.media/content/wowproductimages/large/263636.jpg",
    "source_id": "Woolworths - 263636",
    "barcode": "9310135020387",
    "shop": "Woolworths",
    "weight": "100G",
    "prices": [
      {
        "state": "NSW",
        "price": "850",
        "price_per_unit": "236",
        "price_unit": "G"
      },
      {
        "state": "VIC",
        "price": "850",
        "price_per_unit": "236",
        "price_unit": "G"
      },
      {
        "state": "QLD",
        "price": "850",
        "price_per_unit": "236",
        "price_unit": "G"
      },
      {
        "state": "WA",
        "price": "850",
        "price_per_unit": "236",
        "price_unit": "G"
      },
      {
        "state": "SA",
        "price": "850",
        "price_per_unit": "236",
        "price_unit": "G"
      },
      {
        "state": "TAS",
        "price": "850",
        "price_per_unit": "236",
        "price_unit": "G"
      },
      {
        "state": "ACT",
        "price": "850",
        "price_per_unit": "236",
        "price_unit": "G"
      },
      {
        "state": "NT",
        "price": "850",
        "price_per_unit": "236",
        "price_unit": "G"
      }
    ]
  },
  {
    "source_url": "https://www.woolworths.com.au/shop/productdetails/394810/the-dream-factory-original-cheesecake",
    "name": "The Dream Factory Original Cheesecake 680g",
    "image_url": "https://cdn1.woolworths.media/content/wowproductimages/large/394810.jpg",
    "source_id": "Woolworths - 394810",
    "barcode": "785397004274",
    "shop": "Woolworths",
    "weight": "100G",
    "prices": [
      {
        "state": "NSW",
        "price": "3000",
        "price_per_unit": "441",
        "price_unit": "G"
      },
      {
        "state": "VIC",
        "price": "3000",
        "price_per_unit": "441",
        "price_unit": "G"
      },
      {
        "state": "QLD",
        "price": "3000",
        "price_per_unit": "441",
        "price_unit": "G"
      },
      {
        "state": "WA",
        "price": "3000",
        "price_per_unit": "441",
        "price_unit": "G"
      },
      {
        "state": "SA",
        "price": "3000",
        "price_per_unit": "441",
        "price_unit": "G"
      },
      {
        "state": "TAS",
        "price": "1500",
        "price_per_unit": "221",
        "price_unit": "G"
      },
      {
        "state": "ACT",
        "price": "1500",
        "price_per_unit": "221",
        "price_unit": "G"
      },
      {
        "state": "NT",
        "price": "1500",
        "price_per_unit": "221",
        "price_unit": "G"
      }
    ]
  },
  {
    "source_url": "https://www.woolworths.com.au/shop/productdetails/40950/peters-ice-cream-cake-party",
    "name": "Peters Ice Cream Cake Party 1.5l",
    "image_url": "https://cdn1.woolworths.media/content/wowproductimages/large/040950.jpg",
    "source_id": "Woolworths - 40950",
    "barcode": "9310080035085",
    "shop": "Woolworths",
    "weight": "100ML",
    "prices": [
      {
        "state": "VIC",
        "price": "1400",
        "price_per_unit": "93",
        "price_unit": "ML"
      },
      {
        "state": "QLD",
        "price": "1400",
        "price_per_unit": "93",
        "price_unit": "ML"
      },
      {
        "state": "WA",
        "price": "1400",
        "price_per_unit": "93",
        "price_unit": "ML"
      },
      {
        "state": "SA",
        "price": "1400",
        "price_per_unit": "93",
        "price_unit": "ML"
      },
      {
        "state": "TAS",
        "price": "1400",
        "price_per_unit": "93",
        "price_unit": "ML"
      },
      {
        "state": "ACT",
        "price": "1400",
        "price_per_unit": "93",
        "price_unit": "ML"
      },
      {
        "state": "NT",
        "price": "1470",
        "price_per_unit": "98",
        "price_unit": "ML"
      }
    ]
  },
  {
    "source_url": "https://www.woolworths.com.au/shop/productdetails/96530/sara-lee-butter-chocolate-cake",
    "name": "Sara Lee Butter Chocolate Cake 350g",
    "image_url": "https://cdn1.woolworths.media/content/wowproductimages/large/096530.jpg",
    "source_id": "Woolworths - 96530",
    "barcode": "9310135026655",
    "shop": "Woolworths",
    "weight": "100G",
    "prices": [
      {
        "state": "VIC",
        "price": "680",
        "price_per_unit": "194",
        "price_unit": "G"
      },
      {
        "state": "QLD",
        "price": "680",
        "price_per_unit": "194",
        "price_unit": "G"
      },
      {
        "state": "WA",
        "price": "680",
        "price_per_unit": "194",
        "price_unit": "G"
      },
      {
        "state": "SA",
        "price": "680",
        "price_per_unit": "194",
        "price_unit": "G"
      },
      {
        "state": "TAS",
        "price": "680",
        "price_per_unit": "194",
        "price_unit": "G"
      },
      {
        "state": "ACT",
        "price": "680",
        "price_per_unit": "194",
        "price_unit": "G"
      }
    ]
  },
  {
    "source_url": "https://www.woolworths.com.au/shop/productdetails/263648/sara-lee-chocolate-swirl-bavarian",
    "name": "Sara Lee Chocolate Swirl Bavarian 375g",
    "image_url": "https://cdn1.woolworths.media/content/wowproductimages/large/263648.jpg",
    "source_id": "Woolworths - 263648",
    "barcode": "9310135020424",
    "shop": "Woolworths",
    "weight": "100G",
    "prices": [
      {
        "state": "VIC",
        "price": "425",
        "price_per_unit": "113",
        "price_unit": "G"
      },
      {
        "state": "QLD",
        "price": "425",
        "price_per_unit": "113",
        "price_unit": "G"
      },
      {
        "state": "WA",
        "price": "425",
        "price_per_unit": "113",
        "price_unit": "G"
      },
      {
        "state": "SA",
        "price": "425",
        "price_per_unit": "113",
        "price_unit": "G"
      },
      {
        "state": "TAS",
        "price": "425",
        "price_per_unit": "113",
        "price_unit": "G"
      },
      {
        "state": "ACT",
        "price": "425",
        "price_per_unit": "113",
        "price_unit": "G"
      },
      {
        "state": "NT",
        "price": "425",
        "price_per_unit": "113",
        "price_unit": "G"
      }
    ]
  },
  {
    "source_url": "https://www.woolworths.com.au/shop/productdetails/528204/sara-lee-deluxe-sticky-date-pudding",
    "name": "Sara Lee Deluxe Sticky Date Pudding 2 pack",
    "image_url": "https://cdn1.woolworths.media/content/wowproductimages/large/528204.jpg",
    "source_id": "Woolworths - 528204",
    "barcode": "9310135101024",
    "shop": "Woolworths",
    "weight": "100G",
    "prices": [
      {
        "state": "VIC",
        "price": "560",
        "price_per_unit": "311",
        "price_unit": "G"
      },
      {
        "state": "QLD",
        "price": "560",
        "price_per_unit": "311",
        "price_unit": "G"
      },
      {
        "state": "WA",
        "price": "560",
        "price_per_unit": "311",
        "price_unit": "G"
      },
      {
        "state": "SA",
        "price": "560",
        "price_per_unit": "311",
        "price_unit": "G"
      },
      {
        "state": "TAS",
        "price": "560",
        "price_per_unit": "311",
        "price_unit": "G"
      },
      {
        "state": "ACT",
        "price": "560",
        "price_per_unit": "311",
        "price_unit": "G"
      },
      {
        "state": "NT",
        "price": "735",
        "price_per_unit": "408",
        "price_unit": "G"
      }
    ]
  },
  {
    "source_url": "https://www.woolworths.com.au/shop/productdetails/263645/sara-lee-strawberry-cheesecake",
    "name": "Sara Lee Strawberry Cheesecake 410g",
    "image_url": "https://cdn1.woolworths.media/content/wowproductimages/large/263645.jpg",
    "source_id": "Woolworths - 263645",
    "barcode": "9310135020400",
    "shop": "Woolworths",
    "weight": "100G",
    "prices": [
      {
        "state": "VIC",
        "price": "850",
        "price_per_unit": "207",
        "price_unit": "G"
      },
      {
        "state": "QLD",
        "price": "850",
        "price_per_unit": "207",
        "price_unit": "G"
      },
      {
        "state": "WA",
        "price": "850",
        "price_per_unit": "207",
        "price_unit": "G"
      },
      {
        "state": "SA",
        "price": "850",
        "price_per_unit": "207",
        "price_unit": "G"
      },
      {
        "state": "TAS",
        "price": "850",
        "price_per_unit": "207",
        "price_unit": "G"
      },
      {
        "state": "ACT",
        "price": "850",
        "price_per_unit": "207",
        "price_unit": "G"
      },
      {
        "state": "NT",
        "price": "850",
        "price_per_unit": "207",
        "price_unit": "G"
      }
    ]
  },
  {
    "source_url": "https://www.woolworths.com.au/shop/productdetails/739139/sara-lee-tiramisu",
    "name": "Sara Lee Tiramisu 415g",
    "image_url": "https://cdn1.woolworths.media/content/wowproductimages/large/739139.jpg",
    "source_id": "Woolworths - 739139",
    "barcode": "9310135020530",
    "shop": "Woolworths",
    "weight": "100G",
    "prices": [
      {
        "state": "VIC",
        "price": "720",
        "price_per_unit": "173",
        "price_unit": "G"
      },
      {
        "state": "QLD",
        "price": "720",
        "price_per_unit": "173",
        "price_unit": "G"
      },
      {
        "state": "WA",
        "price": "720",
        "price_per_unit": "173",
        "price_unit": "G"
      },
      {
        "state": "SA",
        "price": "720",
        "price_per_unit": "173",
        "price_unit": "G"
      },
      {
        "state": "TAS",
        "price": "720",
        "price_per_unit": "173",
        "price_unit": "G"
      },
      {
        "state": "ACT",
        "price": "720",
        "price_per_unit": "173",
        "price_unit": "G"
      },
      {
        "state": "NT",
        "price": "720",
        "price_per_unit": "173",
        "price_unit": "G"
      }
    ]
  },
  {
    "source_url": "https://www.woolworths.com.au/shop/productdetails/394724/the-dream-factory-chocolate-mousse-cheesecake-chocolate-mousse-cheesecake",
    "name": "The Dream Factory Chocolate Mousse Cheesecake 736g",
    "image_url": "https://cdn1.woolworths.media/content/wowproductimages/large/394724.jpg",
    "source_id": "Woolworths - 394724",
    "barcode": "785397004311",
    "shop": "Woolworths",
    "weight": "100G",
    "prices": [
      {
        "state": "VIC",
        "price": "3000",
        "price_per_unit": "407",
        "price_unit": "G"
      },
      {
        "state": "QLD",
        "price": "3000",
        "price_per_unit": "407",
        "price_unit": "G"
      },
      {
        "state": "WA",
        "price": "3000",
        "price_per_unit": "407",
        "price_unit": "G"
      },
      {
        "state": "SA",
        "price": "3000",
        "price_per_unit": "407",
        "price_unit": "G"
      },
      {
        "state": "TAS",
        "price": "1500",
        "price_per_unit": "204",
        "price_unit": "G"
      },
      {
        "state": "ACT",
        "price": "1500",
        "price_per_unit": "204",
        "price_unit": "G"
      },
      {
        "state": "NT",
        "price": "1500",
        "price_per_unit": "204",
        "price_unit": "G"
      }
    ]
  },
  {
    "source_url": "https://www.woolworths.com.au/shop/productdetails/394822/the-dream-factory-white-choc-raspberry-truffle-cheesecake",
    "name": "The Dream Factory White Choc Raspberry Truffle Cheesecake 680g",
    "image_url": "https://cdn1.woolworths.media/content/wowproductimages/large/394822.jpg",
    "source_id": "Woolworths - 394822",
    "barcode": "785397004335",
    "shop": "Woolworths",
    "weight": "100G",
    "prices": [
      {
        "state": "VIC",
        "price": "3000",
        "price_per_unit": "441",
        "price_unit": "G"
      },
      {
        "state": "QLD",
        "price": "3000",
        "price_per_unit": "441",
        "price_unit": "G"
      },
      {
        "state": "WA",
        "price": "3000",
        "price_per_unit": "441",
        "price_unit": "G"
      },
      {
        "state": "SA",
        "price": "3000",
        "price_per_unit": "441",
        "price_unit": "G"
      },
      {
        "state": "TAS",
        "price": "1500",
        "price_per_unit": "221",
        "price_unit": "G"
      },
      {
        "state": "ACT",
        "price": "1500",
        "price_per_unit": "221",
        "price_unit": "G"
      },
      {
        "state": "NT",
        "price": "1500",
        "price_per_unit": "221",
        "price_unit": "G"
      }
    ]
  },
  {
    "source_url": "https://www.woolworths.com.au/shop/productdetails/950976/woolworths-chocolate-bavarian",
    "name": "Woolworths Chocolate Bavarian 450g",
    "image_url": "https://cdn1.woolworths.media/content/wowproductimages/large/950976.jpg",
    "source_id": "Woolworths - 950976",
    "barcode": "9339687171194",
    "shop": "Woolworths",
    "weight": "100G",
    "prices": [
      {
        "state": "VIC",
        "price": "480",
        "price_per_unit": "107",
        "price_unit": "G"
      },
      {
        "state": "QLD",
        "price": "480",
        "price_per_unit": "107",
        "price_unit": "G"
      },
      {
        "state": "WA",
        "price": "480",
        "price_per_unit": "107",
        "price_unit": "G"
      },
      {
        "state": "SA",
        "price": "480",
        "price_per_unit": "107",
        "price_unit": "G"
      },
      {
        "state": "TAS",
        "price": "480",
        "price_per_unit": "107",
        "price_unit": "G"
      },
      {
        "state": "ACT",
        "price": "480",
        "price_per_unit": "107",
        "price_unit": "G"
      }
    ]
  },
  {
    "source_url": "https://www.woolworths.com.au/shop/productdetails/96708/sara-lee-carrot-cake",
    "name": "Sara Lee Carrot Cake 400g",
    "image_url": "https://cdn1.woolworths.media/content/wowproductimages/large/096708.jpg",
    "source_id": "Woolworths - 96708",
    "barcode": "9310135026693",
    "shop": "Woolworths",
    "weight": "100G",
    "prices": [
      {
        "state": "QLD",
        "price": "680",
        "price_per_unit": "170",
        "price_unit": "G"
      },
      {
        "state": "WA",
        "price": "680",
        "price_per_unit": "170",
        "price_unit": "G"
      },
      {
        "state": "TAS",
        "price": "680",
        "price_per_unit": "170",
        "price_unit": "G"
      },
      {
        "state": "NT",
        "price": "680",
        "price_per_unit": "170",
        "price_unit": "G"
      }
    ]
  },
  {
    "source_url": "https://www.woolworths.com.au/shop/productdetails/950975/woolworths-french-style-cheesecake",
    "name": "Woolworths French Style Cheesecake 450g",
    "image_url": "https://cdn1.woolworths.media/content/wowproductimages/large/950975.jpg",
    "source_id": "Woolworths - 950975",
    "barcode": "9339687171170",
    "shop": "Woolworths",
    "weight": "100G",
    "prices": [
      {
        "state": "SA",
        "price": "480",
        "price_per_unit": "107",
        "price_unit": "G"
      },
      {
        "state": "TAS",
        "price": "480",
        "price_per_unit": "107",
        "price_unit": "G"
      },
      {
        "state": "ACT",
        "price": "480",
        "price_per_unit": "107",
        "price_unit": "G"
      }
    ]
  },
  {
    "source_url": "https://www.woolworths.com.au/shop/productdetails/71785/messina-choc-malt-bavarian-dessert",
    "name": "Messina Choc Malt Bavarian Dessert 600g",
    "image_url": "https://cdn1.woolworths.media/content/wowproductimages/large/071785.jpg",
    "source_id": "Woolworths - 71785",
    "barcode": "9357128001329",
    "shop": "Woolworths",
    "weight": "100G",
    "prices": [
      {
        "state": "TAS",
        "price": "2400",
        "price_per_unit": "400",
        "price_unit": "G"
      }
    ]
  },
  {
    "source_url": "https://www.woolworths.com.au/shop/productdetails/72190/messina-iced-coco-bavarian-dessert",
    "name": "Messina Iced Coco Bavarian Dessert 1kg",
    "image_url": "https://cdn1.woolworths.media/content/wowproductimages/large/072190.jpg",
    "source_id": "Woolworths - 72190",
    "barcode": "9357128001312",
    "shop": "Woolworths",
    "weight": "100G",
    "prices": [
      {
        "state": "TAS",
        "price": "2400",
        "price_per_unit": "240",
        "price_unit": "G"
      },
      {
        "state": "NT",
        "price": "2400",
        "price_per_unit": "240",
        "price_unit": "G"
      }
    ]
  }
]