[
  {
    "source_url": "https://www.woolworths.com.au/shop/productdetails/706577/amazonia-acai-energy-guarana-blend",
    "name": "Amazonia Acai Energy Guarana Blend 100G x4 Pack",
    "image_url": "https://cdn1.woolworths.media/content/wowproductimages/large/706577.jpg",
    "source_id": "Woolworths - 706577",
    "barcode": "9344060000046",
    "shop": "Woolworths",
    "weight": "1KG",
    "prices": [
      {
        "state": "NSW",
        "price": "675",
        "price_per_unit": "1688",
        "price_unit": "KG"
      },
      {
        "state": "VIC",
        "price": "675",
        "price_per_unit": "1688",
        "price_unit": "KG"
      },
      {
        "state": "QLD",
        "price": "675",
        "price_per_unit": "1688",
        "price_unit": "KG"
      },
      {
        "state": "WA",
        "price": "675",
        "price_per_unit": "1688",
        "price_unit": "KG"
      },
      {
        "state": "SA",
        "price": "675",
        "price_per_unit": "1688",
        "price_unit": "KG"
      },
      {
        "state": "TAS",
        "price": "900",
        "price_per_unit": "2250",
        "price_unit": "KG"
      },
      {
        "state": "ACT",
        "price": "900",
        "price_per_unit": "2250",
        "price_unit": "KG"
      },
      {
        "state": "NT",
        "price": "945",
        "price_per_unit": "2363",
        "price_unit": "KG"
      }
    ]
  },
  {
    "source_url": "https://www.woolworths.com.au/shop/productdetails/532199/creative-gourmet-frozen-banana-chunks",
    "name": "Creative Gourmet Frozen Banana Chunks 500g",
    "image_url": "https://cdn1.woolworths.media/content/wowproductimages/large/532199.jpg",
    "source_id": "Woolworths - 532199",
    "barcode": "9344372003179",
    "shop": "Woolworths",
    "weight": "1KG",
    "prices": [
      {
        "state": "NSW",
        "price": "450",
        "price_per_unit": "900",
        "price_unit": "KG"
      },
      {
        "state": "VIC",
        "price": "450",
        "price_per_unit": "900",
        "price_unit": "KG"
      },
      {
        "state": "QLD",
        "price": "450",
        "price_per_unit": "900",
        "price_unit": "KG"
      },
      {
        "state": "WA",
        "price": "450",
        "price_per_unit": "900",
        "price_unit": "KG"
      },
      {
        "state": "SA",
        "price": "450",
        "price_per_unit": "900",
        "price_unit": "KG"
      },
      {
        "state": "TAS",
        "price": "450",
        "price_per_unit": "900",
        "price_unit": "KG"
      },
      {
        "state": "ACT",
        "price": "500",
        "price_per_unit": "1000",
        "price_unit": "KG"
      },
      {
        "state": "NT",
        "price": "540",
        "price_per_unit": "1080",
        "price_unit": "KG"
      }
    ]
  },
  {
    "source_url": "https://www.woolworths.com.au/shop/productdetails/949/creative-gourmet-frozen-mango-chunks",
    "name": "Creative Gourmet Frozen Mango Chunks 500g",
    "image_url": "https://cdn1.woolworths.media/content/wowproductimages/large/000949.jpg",
    "source_id": "Woolworths - 949",
    "barcode": "9344372004596",
    "shop": "Woolworths",
    "weight": "1KG",
    "prices": [
      {
        "state": "NSW",
        "price": "535",
        "price_per_unit": "1070",
        "price_unit": "KG"
      },
      {
        "state": "VIC",
        "price": "535",
        "price_per_unit": "1070",
        "price_unit": "KG"
      },
      {
        "state": "QLD",
        "price": "535",
        "price_per_unit": "1070",
        "price_unit": "KG"
      },
      {
        "state": "WA",
        "price": "535",
        "price_per_unit": "1070",
        "price_unit": "KG"
      },
      {
        "state": "SA",
        "price": "535",
        "price_per_unit": "1070",
        "price_unit": "KG"
      },
      {
        "state": "TAS",
        "price": "535",
        "price_per_unit": "1070",
        "price_unit": "KG"
      },
      null,
      {
        "state": "NT",
        "price": "535",
        "price_per_unit": "1070",
        "price_unit": "KG"
      }
    ]
  },
  {
    "source_url": "https://www.woolworths.com.au/shop/productdetails/680368/creative-gourmet-frozen-passion-fruit-pulp",
    "name": "Creative Gourmet Frozen Passion Fruit Pulp 400g",
    "image_url": "https://cdn1.woolworths.media/content/wowproductimages/large/680368.jpg",
    "source_id": "Woolworths - 680368",
    "barcode": "9344372004114",
    "shop": "Woolworths",
    "weight": "1KG",
    "prices": [
      {
        "state": "NSW",
        "price": "450",
        "price_per_unit": "1125",
        "price_unit": "KG"
      },
      {
        "state": "VIC",
        "price": "450",
        "price_per_unit": "1125",
        "price_unit": "KG"
      },
      {
        "state": "QLD",
        "price": "450",
        "price_per_unit": "1125",
        "price_unit": "KG"
      },
      {
        "state": "WA",
        "price": "450",
        "price_per_unit": "1125",
        "price_unit": "KG"
      },
      {
        "state": "SA",
        "price": "450",
        "price_per_unit": "1125",
        "price_unit": "KG"
      },
      {
        "state": "TAS",
        "price": "450",
        "price_per_unit": "1125",
        "price_unit": "KG"
      },
      {
        "state": "ACT",
        "price": "600",
        "price_per_unit": "1500",
        "price_unit": "KG"
      },
      {
        "state": "NT",
        "price": "630",
        "price_per_unit": "1575",
        "price_unit": "KG"
      }
    ]
  },
  {
    "source_url": "https://www.woolworths.com.au/shop/productdetails/532343/creative-gourmet-frozen-pineapple-pieces",
    "name": "Creative Gourmet Frozen Pineapple Pieces 500g",
    "image_url": "https://cdn1.woolworths.media/content/wowproductimages/large/532343.jpg",
    "source_id": "Woolworths - 532343",
    "barcode": "9344372003162",
    "shop": "Woolworths",
    "weight": "1KG",
    "prices": [
      {
        "state": "NSW",
        "price": "450",
        "price_per_unit": "900",
        "price_unit": "KG"
      },
      {
        "state": "QLD",
        "price": "450",
        "price_per_unit": "900",
        "price_unit": "KG"
      },
      {
        "state": "WA",
        "price": "450",
        "price_per_unit": "900",
        "price_unit": "KG"
      },
      {
        "state": "TAS",
        "price": "450",
        "price_per_unit": "900",
        "price_unit": "KG"
      },
      {
        "state": "ACT",
        "price": "600",
        "price_per_unit": "1200",
        "price_unit": "KG"
      },
      {
        "state": "NT",
        "price": "630",
        "price_per_unit": "1260",
        "price_unit": "KG"
      }
    ]
  },
  {
    "source_url": "https://www.woolworths.com.au/shop/productdetails/187432/hanabi-seedless-jack-fruit",
    "name": "Hanabi Seedless Jack Fruit 400g",
    "image_url": "https://cdn1.woolworths.media/content/wowproductimages/large/187432.jpg",
    "source_id": "Woolworths - 187432",
    "barcode": "9310432005049",
    "shop": "Woolworths",
    "weight": "100G",
    "prices": [
      {
        "state": "NSW",
        "price": "450",
        "price_per_unit": "113",
        "price_unit": "G"
      },
      {
        "state": "VIC",
        "price": "450",
        "price_per_unit": "113",
        "price_unit": "G"
      },
      {
        "state": "SA",
        "price": "450",
        "price_per_unit": "113",
        "price_unit": "G"
      },
      {
        "state": "ACT",
        "price": "450",
        "price_per_unit": "113",
        "price_unit": "G"
      },
      {
        "state": "NT",
        "price": "450",
        "price_per_unit": "113",
        "price_unit": "G"
      }
    ]
  },
  {
    "source_url": "https://www.woolworths.com.au/shop/productdetails/815126/macro-organic-frozen-blueberries",
    "name": "Macro Organic Frozen Blueberries 450g",
    "image_url": "https://cdn1.woolworths.media/content/wowproductimages/large/815126.jpg",
    "source_id": "Woolworths - 815126",
    "barcode": "9339687072804",
    "shop": "Woolworths",
    "weight": "1KG",
    "prices": [
      {
        "state": "NSW",
        "price": "900",
        "price_per_unit": "2000",
        "price_unit": "KG"
      },
      {
        "state": "VIC",
        "price": "900",
        "price_per_unit": "2000",
        "price_unit": "KG"
      },
      {
        "state": "QLD",
        "price": "900",
        "price_per_unit": "2000",
        "price_unit": "KG"
      },
      {
        "state": "WA",
        "price": "900",
        "price_per_unit": "2000",
        "price_unit": "KG"
      },
      {
        "state": "SA",
        "price": "900",
        "price_per_unit": "2000",
        "price_unit": "KG"
      },
      null,
      {
        "state": "ACT",
        "price": "900",
        "price_per_unit": "2000",
        "price_unit": "KG"
      },
      {
        "state": "NT",
        "price": "900",
        "price_per_unit": "2000",
        "price_unit": "KG"
      }
    ]
  },
  {
    "source_url": "https://www.woolworths.com.au/shop/productdetails/815130/macro-organic-frozen-mango",
    "name": "Macro Organic Frozen Mango 450g",
    "image_url": "https://cdn1.woolworths.media/content/wowproductimages/large/815130.jpg",
    "source_id": "Woolworths - 815130",
    "barcode": "9339687072842",
    "shop": "Woolworths",
    "weight": "1KG",
    "prices": [
      {
        "state": "NSW",
        "price": "900",
        "price_per_unit": "2000",
        "price_unit": "KG"
      },
      {
        "state": "SA",
        "price": "900",
        "price_per_unit": "2000",
        "price_unit": "KG"
      },
      null,
      {
        "state": "ACT",
        "price": "900",
        "price_per_unit": "2000",
        "price_unit": "KG"
      },
      {
        "state": "NT",
        "price": "900",
        "price_per_unit": "2000",
        "price_unit": "KG"
      }
    ]
  },
  {
    "source_url": "https://www.woolworths.com.au/shop/productdetails/815129/macro-organic-frozen-mixed-berries",
    "name": "Macro Organic Frozen Mixed Berries 450g",
    "image_url": "https://cdn1.woolworths.media/content/wowproductimages/large/815129.jpg",
    "source_id": "Woolworths - 815129",
    "barcode": "9339687072835",
    "shop": "Woolworths",
    "weight": "1KG",
    "prices": [
      {
        "state": "NSW",
        "price": "900",
        "price_per_unit": "2000",
        "price_unit": "KG"
      },
      {
        "state": "VIC",
        "price": "900",
        "price_per_unit": "2000",
        "price_unit": "KG"
      },
      {
        "state": "QLD",
        "price": "900",
        "price_per_unit": "2000",
        "price_unit": "KG"
      },
      {
        "state": "WA",
        "price": "900",
        "price_per_unit": "2000",
        "price_unit": "KG"
      },
      {
        "state": "SA",
        "price": "900",
        "price_per_unit": "2000",
        "price_unit": "KG"
      },
      null,
      {
        "state": "ACT",
        "price": "900",
        "price_per_unit": "2000",
        "price_unit": "KG"
      },
      {
        "state": "NT",
        "price": "900",
        "price_per_unit": "2000",
        "price_unit": "KG"
      }
    ]
  },
  {
    "source_url": "https://www.woolworths.com.au/shop/productdetails/815127/macro-organic-frozen-raspberries",
    "name": "Macro Organic Frozen Raspberries 450g",
    "image_url": "https://cdn1.woolworths.media/content/wowproductimages/large/815127.jpg",
    "source_id": "Woolworths - 815127",
    "barcode": "9339687211487",
    "shop": "Woolworths",
    "weight": "1KG",
    "prices": [
      {
        "state": "NSW",
        "price": "900",
        "price_per_unit": "2000",
        "price_unit": "KG"
      },
      {
        "state": "VIC",
        "price": "900",
        "price_per_unit": "2000",
        "price_unit": "KG"
      },
      {
        "state": "QLD",
        "price": "900",
        "price_per_unit": "2000",
        "price_unit": "KG"
      },
      {
        "state": "WA",
        "price": "900",
        "price_per_unit": "2000",
        "price_unit": "KG"
      },
      {
        "state": "SA",
        "price": "900",
        "price_per_unit": "2000",
        "price_unit": "KG"
      },
      null,
      {
        "state": "ACT",
        "price": "900",
        "price_per_unit": "2000",
        "price_unit": "KG"
      },
      {
        "state": "NT",
        "price": "900",
        "price_per_unit": "2000",
        "price_unit": "KG"
      }
    ]
  },
  {
    "source_url": "https://www.woolworths.com.au/shop/productdetails/103541/macro-organic-frozen-strawberries",
    "name": "Macro Organic Frozen Strawberries 450g",
    "image_url": "https://cdn1.woolworths.media/content/wowproductimages/large/103541.jpg",
    "source_id": "Woolworths - 103541",
    "barcode": "9339687211494",
    "shop": "Woolworths",
    "weight": "1KG",
    "prices": [
      {
        "state": "NSW",
        "price": "900",
        "price_per_unit": "2000",
        "price_unit": "KG"
      },
      {
        "state": "VIC",
        "price": "900",
        "price_per_unit": "2000",
        "price_unit": "KG"
      },
      {
        "state": "QLD",
        "price": "900",
        "price_per_unit": "2000",
        "price_unit": "KG"
      },
      {
        "state": "WA",
        "price": "900",
        "price_per_unit": "2000",
        "price_unit": "KG"
      },
      {
        "state": "SA",
        "price": "900",
        "price_per_unit": "2000",
        "price_unit": "KG"
      },
      null,
      {
        "state": "ACT",
        "price": "900",
        "price_per_unit": "2000",
        "price_unit": "KG"
      },
      {
        "state": "NT",
        "price": "900",
        "price_per_unit": "2000",
        "price_unit": "KG"
      }
    ]
  },
  {
    "source_url": "https://www.woolworths.com.au/shop/productdetails/465202/naked-rivals-100-lemon-juice-frozen",
    "name": "Naked Rivals 100% Lemon Juice Frozen 12 pack",
    "image_url": "https://cdn1.woolworths.media/content/wowproductimages/large/465202.jpg",
    "source_id": "Woolworths - 465202",
    "barcode": "9369998506477",
    "shop": "Woolworths",
    "weight": "100G",
    "prices": [
      {
        "state": "NSW",
        "price": "650",
        "price_per_unit": "271",
        "price_unit": "G"
      },
      {
        "state": "VIC",
        "price": "650",
        "price_per_unit": "271",
        "price_unit": "G"
      },
      {
        "state": "QLD",
        "price": "650",
        "price_per_unit": "271",
        "price_unit": "G"
      },
      {
        "state": "WA",
        "price": "650",
        "price_per_unit": "271",
        "price_unit": "G"
      },
      {
        "state": "ACT",
        "price": "600",
        "price_per_unit": "250",
        "price_unit": "G"
      }
    ]
  },
  {
    "source_url": "https://www.woolworths.com.au/shop/productdetails/483531/naked-rivals-100-lime-juice-frozen",
    "name": "Naked Rivals 100% Lime Juice Frozen 12 pack",
    "image_url": "https://cdn1.woolworths.media/content/wowproductimages/large/483531.jpg",
    "source_id": "Woolworths - 483531",
    "barcode": "9369900023665",
    "shop": "Woolworths",
    "weight": "100G",
    "prices": [
      {
        "state": "NSW",
        "price": "650",
        "price_per_unit": "387",
        "price_unit": "G"
      },
      {
        "state": "VIC",
        "price": "650",
        "price_per_unit": "387",
        "price_unit": "G"
      },
      {
        "state": "QLD",
        "price": "650",
        "price_per_unit": "387",
        "price_unit": "G"
      },
      {
        "state": "WA",
        "price": "650",
        "price_per_unit": "387",
        "price_unit": "G"
      },
      {
        "state": "ACT",
        "price": "600",
        "price_per_unit": "357",
        "price_unit": "G"
      }
    ]
  },
  {
    "source_url": "https://www.woolworths.com.au/shop/productdetails/931859/oob-organic-frozen-blueberries",
    "name": "Oob Organic Frozen Blueberries 450G",
    "image_url": "https://cdn1.woolworths.media/content/wowproductimages/large/931859.jpg",
    "source_id": "Woolworths - 931859",
    "barcode": "9421017391362",
    "shop": "Woolworths",
    "weight": "1KG",
    "prices": [
      {
        "state": "NSW",
        "price": "1050",
        "price_per_unit": "2333",
        "price_unit": "KG"
      },
      {
        "state": "VIC",
        "price": "1050",
        "price_per_unit": "2333",
        "price_unit": "KG"
      },
      {
        "state": "QLD",
        "price": "1050",
        "price_per_unit": "2333",
        "price_unit": "KG"
      },
      {
        "state": "WA",
        "price": "1050",
        "price_per_unit": "2333",
        "price_unit": "KG"
      },
      {
        "state": "SA",
        "price": "1050",
        "price_per_unit": "2333",
        "price_unit": "KG"
      },
      null,
      {
        "state": "ACT",
        "price": "1050",
        "price_per_unit": "2333",
        "price_unit": "KG"
      },
      {
        "state": "NT",
        "price": "1050",
        "price_per_unit": "2333",
        "price_unit": "KG"
      }
    ]
  },
  {
    "source_url": "https://www.woolworths.com.au/shop/productdetails/931860/oob-organic-frozen-mixed-berries",
    "name": "Oob Organic Frozen Mixed Berries 500G",
    "image_url": "https://cdn1.woolworths.media/content/wowproductimages/large/931860.jpg",
    "source_id": "Woolworths - 931860",
    "barcode": "9421017391379",
    "shop": "Woolworths",
    "weight": "1KG",
    "prices": [
      {
        "state": "NSW",
        "price": "1050",
        "price_per_unit": "2100",
        "price_unit": "KG"
      },
      {
        "state": "VIC",
        "price": "1050",
        "price_per_unit": "2100",
        "price_unit": "KG"
      },
      {
        "state": "QLD",
        "price": "1050",
        "price_per_unit": "2100",
        "price_unit": "KG"
      },
      {
        "state": "WA",
        "price": "1050",
        "price_per_unit": "2100",
        "price_unit": "KG"
      },
      {
        "state": "SA",
        "price": "1050",
        "price_per_unit": "2100",
        "price_unit": "KG"
      },
      null,
      {
        "state": "ACT",
        "price": "1050",
        "price_per_unit": "2100",
        "price_unit": "KG"
      },
      {
        "state": "NT",
        "price": "1050",
        "price_per_unit": "2100",
        "price_unit": "KG"
      }
    ]
  },
  {
    "source_url": "https://www.woolworths.com.au/shop/productdetails/440298/sambazon-acai-bowl-mango-passionfruit-with-coconut",
    "name": "Sambazon Acai Bowl Mango Passionfruit with Coconut 166g",
    "image_url": "https://cdn1.woolworths.media/content/wowproductimages/large/440298.jpg",
    "source_id": "Woolworths - 440298",
    "barcode": "818411001086",
    "shop": "Woolworths",
    "weight": "100G",
    "prices": [
      null
    ]
  },
  {
    "source_url": "https://www.woolworths.com.au/shop/productdetails/586516/woolworths-frozen-blueberries",
    "name": "Woolworths Frozen Blueberries 1kg",
    "image_url": "https://cdn1.woolworths.media/content/wowproductimages/large/586516.jpg",
    "source_id": "Woolworths - 586516",
    "barcode": "9400597021531",
    "shop": "Woolworths",
    "weight": "1KG",
    "prices": [
      {
        "state": "NSW",
        "price": "1200",
        "price_per_unit": "1200",
        "price_unit": "KG"
      },
      null,
      {
        "state": "ACT",
        "price": "1200",
        "price_per_unit": "1200",
        "price_unit": "KG"
      },
      {
        "state": "NT",
        "price": "1200",
        "price_per_unit": "1200",
        "price_unit": "KG"
      }
    ]
  },
  {
    "source_url": "https://www.woolworths.com.au/shop/productdetails/260007/woolworths-frozen-blueberries",
    "name": "Woolworths Frozen Blueberries 500g",
    "image_url": "https://cdn1.woolworths.media/content/wowproductimages/large/260007.jpg",
    "source_id": "Woolworths - 260007",
    "barcode": "9300633952372",
    "shop": "Woolworths",
    "weight": "1KG",
    "prices": [
      {
        "state": "NSW",
        "price": "650",
        "price_per_unit": "1300",
        "price_unit": "KG"
      },
      null,
      {
        "state": "ACT",
        "price": "650",
        "price_per_unit": "1300",
        "price_unit": "KG"
      },
      {
        "state": "NT",
        "price": "650",
        "price_per_unit": "1300",
        "price_unit": "KG"
      }
    ]
  },
  {
    "source_url": "https://www.woolworths.com.au/shop/productdetails/820796/woolworths-frozen-mango",
    "name": "Woolworths Frozen Mango 1kg",
    "image_url": "https://cdn1.woolworths.media/content/wowproductimages/large/820796.jpg",
    "source_id": "Woolworths - 820796",
    "barcode": "9339687080380",
    "shop": "Woolworths",
    "weight": "1KG",
    "prices": [
      {
        "state": "NSW",
        "price": "990",
        "price_per_unit": "990",
        "price_unit": "KG"
      },
      null,
      {
        "state": "ACT",
        "price": "990",
        "price_per_unit": "990",
        "price_unit": "KG"
      },
      {
        "state": "NT",
        "price": "990",
        "price_per_unit": "990",
        "price_unit": "KG"
      }
    ]
  },
  {
    "source_url": "https://www.woolworths.com.au/shop/productdetails/777911/woolworths-frozen-mango",
    "name": "Woolworths Frozen Mango 500g",
    "image_url": "https://cdn1.woolworths.media/content/wowproductimages/large/777911.jpg",
    "source_id": "Woolworths - 777911",
    "barcode": "9300633469023",
    "shop": "Woolworths",
    "weight": "1KG",
    "prices": [
      {
        "state": "NSW",
        "price": "620",
        "price_per_unit": "1240",
        "price_unit": "KG"
      },
      {
        "state": "SA",
        "price": "620",
        "price_per_unit": "1240",
        "price_unit": "KG"
      },
      null,
      {
        "state": "ACT",
        "price": "620",
        "price_per_unit": "1240",
        "price_unit": "KG"
      },
      {
        "state": "NT",
        "price": "620",
        "price_per_unit": "1240",
        "price_unit": "KG"
      }
    ]
  },
  {
    "source_url": "https://www.woolworths.com.au/shop/productdetails/586517/woolworths-frozen-mixed-berries",
    "name": "Woolworths Frozen Mixed Berries 1kg",
    "image_url": "https://cdn1.woolworths.media/content/wowproductimages/large/586517.jpg",
    "source_id": "Woolworths - 586517",
    "barcode": "9400597021548",
    "shop": "Woolworths",
    "weight": "1KG",
    "prices": [
      {
        "state": "NSW",
        "price": "1200",
        "price_per_unit": "1200",
        "price_unit": "KG"
      },
      {
        "state": "SA",
        "price": "1200",
        "price_per_unit": "1200",
        "price_unit": "KG"
      },
      null,
      {
        "state": "ACT",
        "price": "1200",
        "price_per_unit": "1200",
        "price_unit": "KG"
      },
      {
        "state": "NT",
        "price": "1200",
        "price_per_unit": "1200",
        "price_unit": "KG"
      }
    ]
  },
  {
    "source_url": "https://www.woolworths.com.au/shop/productdetails/260010/woolworths-frozen-mixed-berries",
    "name": "Woolworths Frozen Mixed Berries 500g",
    "image_url": "https://cdn1.woolworths.media/content/wowproductimages/large/260010.jpg",
    "source_id": "Woolworths - 260010",
    "barcode": "9300633952389",
    "shop": "Woolworths",
    "weight": "1KG",
    "prices": [
      {
        "state": "NSW",
        "price": "650",
        "price_per_unit": "1300",
        "price_unit": "KG"
      },
      {
        "state": "SA",
        "price": "650",
        "price_per_unit": "1300",
        "price_unit": "KG"
      },
      null,
      {
        "state": "ACT",
        "price": "650",
        "price_per_unit": "1300",
        "price_unit": "KG"
      },
      {
        "state": "NT",
        "price": "650",
        "price_per_unit": "1300",
        "price_unit": "KG"
      }
    ]
  },
  {
    "source_url": "https://www.woolworths.com.au/shop/productdetails/777912/woolworths-frozen-pitted-cherries",
    "name": "Woolworths Frozen Pitted Cherries 500g",
    "image_url": "https://cdn1.woolworths.media/content/wowproductimages/large/777912.jpg",
    "source_id": "Woolworths - 777912",
    "barcode": "9300633469030",
    "shop": "Woolworths",
    "weight": "1KG",
    "prices": [
      {
        "state": "NSW",
        "price": "650",
        "price_per_unit": "1300",
        "price_unit": "KG"
      },
      {
        "state": "SA",
        "price": "650",
        "price_per_unit": "1300",
        "price_unit": "KG"
      },
      null,
      {
        "state": "ACT",
        "price": "650",
        "price_per_unit": "1300",
        "price_unit": "KG"
      },
      {
        "state": "NT",
        "price": "650",
        "price_per_unit": "1300",
        "price_unit": "KG"
      }
    ]
  },
  {
    "source_url": "https://www.woolworths.com.au/shop/productdetails/260004/woolworths-frozen-raspberries",
    "name": "Woolworths Frozen Raspberries 500g",
    "image_url": "https://cdn1.woolworths.media/content/wowproductimages/large/260004.jpg",
    "source_id": "Woolworths - 260004",
    "barcode": "9339687211456",
    "shop": "Woolworths",
    "weight": "1KG",
    "prices": [
      {
        "state": "NSW",
        "price": "700",
        "price_per_unit": "1400",
        "price_unit": "KG"
      },
      {
        "state": "SA",
        "price": "700",
        "price_per_unit": "1400",
        "price_unit": "KG"
      },
      null,
      {
        "state": "ACT",
        "price": "700",
        "price_per_unit": "1400",
        "price_unit": "KG"
      },
      {
        "state": "NT",
        "price": "700",
        "price_per_unit": "1400",
        "price_unit": "KG"
      }
    ]
  },
  {
    "source_url": "https://www.woolworths.com.au/shop/productdetails/777899/woolworths-frozen-strawberries",
    "name": "Woolworths Frozen Strawberries 500g",
    "image_url": "https://cdn1.woolworths.media/content/wowproductimages/large/777899.jpg",
    "source_id": "Woolworths - 777899",
    "barcode": "9339687211470",
    "shop": "Woolworths",
    "weight": "1KG",
    "prices": [
      {
        "state": "NSW",
        "price": "650",
        "price_per_unit": "1300",
        "price_unit": "KG"
      },
      {
        "state": "SA",
        "price": "650",
        "price_per_unit": "1300",
        "price_unit": "KG"
      },
      null,
      {
        "state": "ACT",
        "price": "650",
        "price_per_unit": "1300",
        "price_unit": "KG"
      },
      {
        "state": "NT",
        "price": "650",
        "price_per_unit": "1300",
        "price_unit": "KG"
      }
    ]
  },
  {
    "source_url": "https://www.woolworths.com.au/shop/productdetails/680369/creative-gourmet-frozen-dragon-fruit-chunks",
    "name": "Creative Gourmet Frozen Dragon Fruit Chunks 400g",
    "image_url": "https://cdn1.woolworths.media/content/wowproductimages/large/680369.jpg",
    "source_id": "Woolworths - 680369",
    "barcode": "9344372004121",
    "shop": "Woolworths",
    "weight": "1KG",
    "prices": [
      {
        "state": "VIC",
        "price": "450",
        "price_per_unit": "1125",
        "price_unit": "KG"
      },
      {
        "state": "QLD",
        "price": "450",
        "price_per_unit": "1125",
        "price_unit": "KG"
      },
      {
        "state": "WA",
        "price": "450",
        "price_per_unit": "1125",
        "price_unit": "KG"
      },
      {
        "state": "SA",
        "price": "450",
        "price_per_unit": "1125",
        "price_unit": "KG"
      },
      {
        "state": "TAS",
        "price": "450",
        "price_per_unit": "1125",
        "price_unit": "KG"
      },
      {
        "state": "ACT",
        "price": "450",
        "price_per_unit": "1125",
        "price_unit": "KG"
      },
      {
        "state": "NT",
        "price": "630",
        "price_per_unit": "1575",
        "price_unit": "KG"
      }
    ]
  },
  {
    "source_url": "https://www.woolworths.com.au/shop/productdetails/780056/oob-organic-frozen-diced-mango",
    "name": "Oob Organic Frozen Diced Mango 500G",
    "image_url": "https://cdn1.woolworths.media/content/wowproductimages/large/780056.jpg",
    "source_id": "Woolworths - 780056",
    "barcode": "9421017391881",
    "shop": "Woolworths",
    "weight": "1KG",
    "prices": [
      {
        "state": "SA",
        "price": "1050",
        "price_per_unit": "2100",
        "price_unit": "KG"
      },
      {
        "state": "TAS",
        "price": "1050",
        "price_per_unit": "2100",
        "price_unit": "KG"
      },
      null
    ]
  },
  {
    "source_url": "https://www.woolworths.com.au/shop/productdetails/533682/oob-organic-frozen-sliced-banana",
    "name": "Oob Organic Frozen Sliced Banana 450g",
    "image_url": "https://cdn1.woolworths.media/content/wowproductimages/large/533682.jpg",
    "source_id": "Woolworths - 533682",
    "barcode": "9421017391447",
    "shop": "Woolworths",
    "weight": "1KG",
    "prices": [
      {
        "state": "VIC",
        "price": "750",
        "price_per_unit": "1667",
        "price_unit": "KG"
      },
      {
        "state": "QLD",
        "price": "750",
        "price_per_unit": "1667",
        "price_unit": "KG"
      },
      {
        "state": "WA",
        "price": "750",
        "price_per_unit": "1667",
        "price_unit": "KG"
      },
      {
        "state": "SA",
        "price": "750",
        "price_per_unit": "1667",
        "price_unit": "KG"
      },
      {
        "state": "TAS",
        "price": "750",
        "price_per_unit": "1667",
        "price_unit": "KG"
      },
      null,
      {
        "state": "NT",
        "price": "750",
        "price_per_unit": "1667",
        "price_unit": "KG"
      }
    ]
  },
  {
    "source_url": "https://www.woolworths.com.au/shop/productdetails/780094/oob-organic-frozen-strawberries",
    "name": "Oob Organic Frozen Strawberries 500G",
    "image_url": "https://cdn1.woolworths.media/content/wowproductimages/large/780094.jpg",
    "source_id": "Woolworths - 780094",
    "barcode": "9421017392284",
    "shop": "Woolworths",
    "weight": "1KG",
    "prices": [
      {
        "state": "VIC",
        "price": "1050",
        "price_per_unit": "2100",
        "price_unit": "KG"
      },
      {
        "state": "QLD",
        "price": "1050",
        "price_per_unit": "2100",
        "price_unit": "KG"
      },
      {
        "state": "WA",
        "price": "1050",
        "price_per_unit": "2100",
        "price_unit": "KG"
      },
      {
        "state": "SA",
        "price": "1050",
        "price_per_unit": "2100",
        "price_unit": "KG"
      },
      {
        "state": "TAS",
        "price": "1050",
        "price_per_unit": "2100",
        "price_unit": "KG"
      },
      {
        "state": "ACT",
        "price": "1050",
        "price_per_unit": "2100",
        "price_unit": "KG"
      }
    ]
  },
  {
    "source_url": "https://www.woolworths.com.au/shop/productdetails/63700/sambazon-acai-fruit-puree-packs-original-blend",
    "name": "Sambazon Acai Fruit Puree Packs Original Blend 100g x 4 pack",
    "image_url": "https://cdn1.woolworths.media/content/wowproductimages/large/063700.jpg",
    "source_id": "Woolworths - 63700",
    "barcode": "818411001130",
    "shop": "Woolworths",
    "weight": "100G",
    "prices": [
      {
        "state": "ACT",
        "price": "900",
        "price_per_unit": "225",
        "price_unit": "G"
      }
    ]
  },
  {
    "source_url": "https://www.woolworths.com.au/shop/productdetails/210665/sambazon-amazon-superberry-acai-bowl",
    "name": "Sambazon Amazon Superberry Acai Bowl 173g",
    "image_url": "https://cdn1.woolworths.media/content/wowproductimages/large/210665.jpg",
    "source_id": "Woolworths - 210665",
    "barcode": "818411001499",
    "shop": "Woolworths",
    "weight": "1KG",
    "prices": [
      {
        "state": "TAS",
        "price": "500",
        "price_per_unit": "2890",
        "price_unit": "KG"
      },
      null,
      null
    ]
  },
  {
    "source_url": "https://www.woolworths.com.au/shop/productdetails/210776/sambazon-berry-bliss-acai-bowl",
    "name": "Sambazon Berry Bliss Acai Bowl 173g",
    "image_url": "https://cdn1.woolworths.media/content/wowproductimages/large/210776.jpg",
    "source_id": "Woolworths - 210776",
    "barcode": "818411000478",
    "shop": "Woolworths",
    "weight": "1KG",
    "prices": [
      {
        "state": "TAS",
        "price": "500",
        "price_per_unit": "2890",
        "price_unit": "KG"
      },
      null,
      null
    ]
  },
  {
    "source_url": "https://www.woolworths.com.au/shop/productdetails/777900/woolworths-frozen-blackberries",
    "name": "Woolworths Frozen Blackberries 500g",
    "image_url": "https://cdn1.woolworths.media/content/wowproductimages/large/777900.jpg",
    "source_id": "Woolworths - 777900",
    "barcode": "9300633469016",
    "shop": "Woolworths",
    "weight": "1KG",
    "prices": [
      null
    ]
  },
  {
    "source_url": "https://www.woolworths.com.au/shop/productdetails/137624/woolworths-ruby-frozen-fruit-blend",
    "name": "Woolworths Ruby Frozen Fruit Blend 500g",
    "image_url": "https://cdn1.woolworths.media/content/wowproductimages/large/137624.jpg",
    "source_id": "Woolworths - 137624",
    "barcode": "9339687226634",
    "shop": "Woolworths",
    "weight": "1KG",
    "prices": [
      {
        "state": "ACT",
        "price": "650",
        "price_per_unit": "1300",
        "price_unit": "KG"
      }
    ]
  }
]