[
  {
    "source_url": "https://www.woolworths.com.au/shop/productdetails/767778/birds-eye-australian-baby-peas-snap-frozen",
    "name": "Birds Eye Australian Baby Peas Snap Frozen 1kg",
    "image_url": "https://cdn1.woolworths.media/content/wowproductimages/large/767778.jpg",
    "source_id": "Woolworths - 767778",
    "barcode": "9300462485218",
    "shop": "Woolworths",
    "weight": "1KG",
    "prices": [
      {
        "state": "NSW",
        "price": "600",
        "price_per_unit": "600",
        "price_unit": "KG"
      },
      {
        "state": "VIC",
        "price": "600",
        "price_per_unit": "600",
        "price_unit": "KG"
      },
      {
        "state": "QLD",
        "price": "600",
        "price_per_unit": "600",
        "price_unit": "KG"
      },
      {
        "state": "WA",
        "price": "600",
        "price_per_unit": "600",
        "price_unit": "KG"
      },
      {
        "state": "SA",
        "price": "600",
        "price_per_unit": "600",
        "price_unit": "KG"
      },
      {
        "state": "TAS",
        "price": "600",
        "price_per_unit": "600",
        "price_unit": "KG"
      },
      {
        "state": "ACT",
        "price": "600",
        "price_per_unit": "600",
        "price_unit": "KG"
      },
      {
        "state": "NT",
        "price": "600",
        "price_per_unit": "600",
        "price_unit": "KG"
      }
    ]
  },
  {
    "source_url": "https://www.woolworths.com.au/shop/productdetails/822862/birds-eye-baby-beans",
    "name": "Birds Eye Baby Beans 1kg",
    "image_url": "https://cdn1.woolworths.media/content/wowproductimages/large/822862.jpg",
    "source_id": "Woolworths - 822862",
    "barcode": "9310081122234",
    "shop": "Woolworths",
    "weight": "1KG",
    "prices": [
      {
        "state": "NSW",
        "price": "600",
        "price_per_unit": "600",
        "price_unit": "KG"
      },
      {
        "state": "VIC",
        "price": "600",
        "price_per_unit": "600",
        "price_unit": "KG"
      },
      {
        "state": "QLD",
        "price": "600",
        "price_per_unit": "600",
        "price_unit": "KG"
      },
      {
        "state": "WA",
        "price": "600",
        "price_per_unit": "600",
        "price_unit": "KG"
      },
      {
        "state": "SA",
        "price": "600",
        "price_per_unit": "600",
        "price_unit": "KG"
      },
      {
        "state": "TAS",
        "price": "600",
        "price_per_unit": "600",
        "price_unit": "KG"
      },
      {
        "state": "ACT",
        "price": "600",
        "price_per_unit": "600",
        "price_unit": "KG"
      },
      {
        "state": "NT",
        "price": "600",
        "price_per_unit": "600",
        "price_unit": "KG"
      }
    ]
  },
  {
    "source_url": "https://www.woolworths.com.au/shop/productdetails/96215/mccain-peas",
    "name": "McCain Peas 1kg",
    "image_url": "https://cdn1.woolworths.media/content/wowproductimages/large/096215.jpg",
    "source_id": "Woolworths - 96215",
    "barcode": "9310174006021",
    "shop": "Woolworths",
    "weight": "1KG",
    "prices": [
      {
        "state": "VIC",
        "price": "600",
        "price_per_unit": "600",
        "price_unit": "KG"
      },
      {
        "state": "QLD",
        "price": "600",
        "price_per_unit": "600",
        "price_unit": "KG"
      },
      {
        "state": "WA",
        "price": "600",
        "price_per_unit": "600",
        "price_unit": "KG"
      },
      {
        "state": "SA",
        "price": "600",
        "price_per_unit": "600",
        "price_unit": "KG"
      },
      {
        "state": "TAS",
        "price": "600",
        "price_per_unit": "600",
        "price_unit": "KG"
      },
      {
        "state": "ACT",
        "price": "600",
        "price_per_unit": "600",
        "price_unit": "KG"
      },
      {
        "state": "NT",
        "price": "600",
        "price_per_unit": "600",
        "price_unit": "KG"
      }
    ]
  },
  {
    "source_url": "https://www.woolworths.com.au/shop/productdetails/93371/mccain-peas-baby",
    "name": "McCain Peas Baby 1kg",
    "image_url": "https://cdn1.woolworths.media/content/wowproductimages/large/093371.jpg",
    "source_id": "Woolworths - 93371",
    "barcode": "9416036876013",
    "shop": "Woolworths",
    "weight": "1KG",
    "prices": [
      {
        "state": "NSW",
        "price": "660",
        "price_per_unit": "660",
        "price_unit": "KG"
      },
      {
        "state": "VIC",
        "price": "660",
        "price_per_unit": "660",
        "price_unit": "KG"
      },
      {
        "state": "QLD",
        "price": "660",
        "price_per_unit": "660",
        "price_unit": "KG"
      },
      {
        "state": "WA",
        "price": "660",
        "price_per_unit": "660",
        "price_unit": "KG"
      },
      {
        "state": "SA",
        "price": "660",
        "price_per_unit": "660",
        "price_unit": "KG"
      },
      {
        "state": "TAS",
        "price": "660",
        "price_per_unit": "660",
        "price_unit": "KG"
      },
      {
        "state": "ACT",
        "price": "660",
        "price_per_unit": "660",
        "price_unit": "KG"
      },
      {
        "state": "NT",
        "price": "660",
        "price_per_unit": "660",
        "price_unit": "KG"
      }
    ]
  },
  {
    "source_url": "https://www.woolworths.com.au/shop/productdetails/754183/woolworths-australian-baby-peas",
    "name": "Woolworths Australian Baby Peas 500g",
    "image_url": "https://cdn1.woolworths.media/content/wowproductimages/large/754183.jpg",
    "source_id": "Woolworths - 754183",
    "barcode": "9300633415280",
    "shop": "Woolworths",
    "weight": "1KG",
    "prices": [
      {
        "state": "NSW",
        "price": "300",
        "price_per_unit": "600",
        "price_unit": "KG"
      },
      {
        "state": "VIC",
        "price": "300",
        "price_per_unit": "600",
        "price_unit": "KG"
      },
      {
        "state": "QLD",
        "price": "300",
        "price_per_unit": "600",
        "price_unit": "KG"
      },
      {
        "state": "WA",
        "price": "300",
        "price_per_unit": "600",
        "price_unit": "KG"
      },
      {
        "state": "SA",
        "price": "300",
        "price_per_unit": "600",
        "price_unit": "KG"
      },
      {
        "state": "TAS",
        "price": "300",
        "price_per_unit": "600",
        "price_unit": "KG"
      },
      {
        "state": "ACT",
        "price": "300",
        "price_per_unit": "600",
        "price_unit": "KG"
      },
      {
        "state": "NT",
        "price": "300",
        "price_per_unit": "600",
        "price_unit": "KG"
      }
    ]
  },
  {
    "source_url": "https://www.woolworths.com.au/shop/productdetails/754170/woolworths-peas",
    "name": "Woolworths Peas 500g",
    "image_url": "https://cdn1.woolworths.media/content/wowproductimages/large/754170.jpg",
    "source_id": "Woolworths - 754170",
    "barcode": "9300633415266",
    "shop": "Woolworths",
    "weight": "1KG",
    "prices": [
      {
        "state": "NSW",
        "price": "250",
        "price_per_unit": "500",
        "price_unit": "KG"
      },
      {
        "state": "SA",
        "price": "250",
        "price_per_unit": "500",
        "price_unit": "KG"
      },
      {
        "state": "TAS",
        "price": "250",
        "price_per_unit": "500",
        "price_unit": "KG"
      },
      {
        "state": "ACT",
        "price": "250",
        "price_per_unit": "500",
        "price_unit": "KG"
      },
      {
        "state": "NT",
        "price": "250",
        "price_per_unit": "500",
        "price_unit": "KG"
      }
    ]
  },
  {
    "source_url": "https://www.woolworths.com.au/shop/productdetails/536096/bell-farms-salted-edamame",
    "name": "Bell Farms Salted Edamame 400g",
    "image_url": "https://cdn1.woolworths.media/content/wowproductimages/large/536096.jpg",
    "source_id": "Woolworths - 536096",
    "barcode": "9339687201259",
    "shop": "Woolworths",
    "weight": "1KG",
    "prices": [
      {
        "state": "VIC",
        "price": "280",
        "price_per_unit": "700",
        "price_unit": "KG"
      },
      {
        "state": "QLD",
        "price": "280",
        "price_per_unit": "700",
        "price_unit": "KG"
      },
      {
        "state": "WA",
        "price": "280",
        "price_per_unit": "700",
        "price_unit": "KG"
      },
      {
        "state": "SA",
        "price": "280",
        "price_per_unit": "700",
        "price_unit": "KG"
      },
      {
        "state": "TAS",
        "price": "280",
        "price_per_unit": "700",
        "price_unit": "KG"
      },
      {
        "state": "ACT",
        "price": "280",
        "price_per_unit": "700",
        "price_unit": "KG"
      },
      {
        "state": "NT",
        "price": "280",
        "price_per_unit": "700",
        "price_unit": "KG"
      }
    ]
  },
  {
    "source_url": "https://www.woolworths.com.au/shop/productdetails/96216/birds-eye-australian-garden-peas-field-fresh",
    "name": "Birds Eye Australian Garden Peas Field Fresh 1kg",
    "image_url": "https://cdn1.woolworths.media/content/wowproductimages/large/096216.jpg",
    "source_id": "Woolworths - 96216",
    "barcode": "9310081408307",
    "shop": "Woolworths",
    "weight": "1KG",
    "prices": [
      {
        "state": "QLD",
        "price": "500",
        "price_per_unit": "500",
        "price_unit": "KG"
      },
      {
        "state": "WA",
        "price": "500",
        "price_per_unit": "500",
        "price_unit": "KG"
      },
      {
        "state": "SA",
        "price": "500",
        "price_per_unit": "500",
        "price_unit": "KG"
      },
      {
        "state": "TAS",
        "price": "500",
        "price_per_unit": "500",
        "price_unit": "KG"
      },
      {
        "state": "ACT",
        "price": "500",
        "price_per_unit": "500",
        "price_unit": "KG"
      },
      {
        "state": "NT",
        "price": "500",
        "price_per_unit": "500",
        "price_unit": "KG"
      }
    ]
  },
  {
    "source_url": "https://www.woolworths.com.au/shop/productdetails/706960/heinz-frozen-broad-beans-broad",
    "name": "Heinz Frozen Broad Beans 500g",
    "image_url": "https://cdn1.woolworths.media/content/wowproductimages/large/706960.jpg",
    "source_id": "Woolworths - 706960",
    "barcode": "9300657793074",
    "shop": "Woolworths",
    "weight": "1KG",
    "prices": [
      {
        "state": "VIC",
        "price": "380",
        "price_per_unit": "760",
        "price_unit": "KG"
      },
      {
        "state": "QLD",
        "price": "380",
        "price_per_unit": "760",
        "price_unit": "KG"
      },
      {
        "state": "WA",
        "price": "380",
        "price_per_unit": "760",
        "price_unit": "KG"
      },
      {
        "state": "SA",
        "price": "380",
        "price_per_unit": "760",
        "price_unit": "KG"
      },
      {
        "state": "TAS",
        "price": "380",
        "price_per_unit": "760",
        "price_unit": "KG"
      },
      {
        "state": "ACT",
        "price": "380",
        "price_per_unit": "760",
        "price_unit": "KG"
      },
      {
        "state": "NT",
        "price": "340",
        "price_per_unit": "680",
        "price_unit": "KG"
      }
    ]
  },
  {
    "source_url": "https://www.woolworths.com.au/shop/productdetails/22239/mccain-beans-baby",
    "name": "McCain Beans Baby 500g",
    "image_url": "https://cdn1.woolworths.media/content/wowproductimages/large/022239.jpg",
    "source_id": "Woolworths - 22239",
    "barcode": "9310174076024",
    "shop": "Woolworths",
    "weight": "1KG",
    "prices": [
      {
        "state": "VIC",
        "price": "360",
        "price_per_unit": "720",
        "price_unit": "KG"
      },
      {
        "state": "QLD",
        "price": "360",
        "price_per_unit": "720",
        "price_unit": "KG"
      },
      {
        "state": "WA",
        "price": "360",
        "price_per_unit": "720",
        "price_unit": "KG"
      },
      {
        "state": "SA",
        "price": "360",
        "price_per_unit": "720",
        "price_unit": "KG"
      },
      {
        "state": "TAS",
        "price": "360",
        "price_per_unit": "720",
        "price_unit": "KG"
      },
      {
        "state": "ACT",
        "price": "360",
        "price_per_unit": "720",
        "price_unit": "KG"
      },
      {
        "state": "NT",
        "price": "360",
        "price_per_unit": "720",
        "price_unit": "KG"
      }
    ]
  },
  {
    "source_url": "https://www.woolworths.com.au/shop/productdetails/96206/mccain-frozen-peas",
    "name": "McCain Frozen Peas 500g",
    "image_url": "https://cdn1.woolworths.media/content/wowproductimages/large/096206.jpg",
    "source_id": "Woolworths - 96206",
    "barcode": "9310174006014",
    "shop": "Woolworths",
    "weight": "1KG",
    "prices": [
      {
        "state": "VIC",
        "price": "330",
        "price_per_unit": "660",
        "price_unit": "KG"
      },
      {
        "state": "QLD",
        "price": "330",
        "price_per_unit": "660",
        "price_unit": "KG"
      },
      {
        "state": "WA",
        "price": "330",
        "price_per_unit": "660",
        "price_unit": "KG"
      },
      {
        "state": "SA",
        "price": "330",
        "price_per_unit": "660",
        "price_unit": "KG"
      },
      {
        "state": "TAS",
        "price": "330",
        "price_per_unit": "660",
        "price_unit": "KG"
      },
      {
        "state": "ACT",
        "price": "330",
        "price_per_unit": "660",
        "price_unit": "KG"
      },
      {
        "state": "NT",
        "price": "330",
        "price_per_unit": "660",
        "price_unit": "KG"
      }
    ]
  },
  {
    "source_url": "https://www.woolworths.com.au/shop/productdetails/18574/mccain-peas-baby",
    "name": "McCain Peas Baby 500g",
    "image_url": "https://cdn1.woolworths.media/content/wowproductimages/large/018574.jpg",
    "source_id": "Woolworths - 18574",
    "barcode": "9416036006052",
    "shop": "Woolworths",
    "weight": "1KG",
    "prices": [
      {
        "state": "VIC",
        "price": "390",
        "price_per_unit": "780",
        "price_unit": "KG"
      },
      {
        "state": "QLD",
        "price": "390",
        "price_per_unit": "780",
        "price_unit": "KG"
      },
      {
        "state": "WA",
        "price": "390",
        "price_per_unit": "780",
        "price_unit": "KG"
      },
      {
        "state": "TAS",
        "price": "390",
        "price_per_unit": "780",
        "price_unit": "KG"
      },
      {
        "state": "ACT",
        "price": "390",
        "price_per_unit": "780",
        "price_unit": "KG"
      },
      {
        "state": "NT",
        "price": "390",
        "price_per_unit": "780",
        "price_unit": "KG"
      }
    ]
  },
  {
    "source_url": "https://www.woolworths.com.au/shop/productdetails/658326/umami-edamame-salad",
    "name": "Umami Edamame Salad 200g",
    "image_url": "https://cdn1.woolworths.media/content/wowproductimages/large/658326.jpg",
    "source_id": "Woolworths - 658326",
    "barcode": "9340746000829",
    "shop": "Woolworths",
    "weight": "1KG",
    "prices": [
      {
        "state": "VIC",
        "price": "250",
        "price_per_unit": "1250",
        "price_unit": "KG"
      },
      {
        "state": "QLD",
        "price": "250",
        "price_per_unit": "1250",
        "price_unit": "KG"
      },
      {
        "state": "WA",
        "price": "250",
        "price_per_unit": "1250",
        "price_unit": "KG"
      },
      {
        "state": "SA",
        "price": "250",
        "price_per_unit": "1250",
        "price_unit": "KG"
      },
      {
        "state": "TAS",
        "price": "250",
        "price_per_unit": "1250",
        "price_unit": "KG"
      },
      {
        "state": "ACT",
        "price": "250",
        "price_per_unit": "1250",
        "price_unit": "KG"
      },
      {
        "state": "NT",
        "price": "250",
        "price_per_unit": "1250",
        "price_unit": "KG"
      }
    ]
  },
  {
    "source_url": "https://www.woolworths.com.au/shop/productdetails/386006/umami-edamame-whole-baby-soy-beans",
    "name": "Umami Edamame Whole Baby Soy Beans 1kg",
    "image_url": "https://cdn1.woolworths.media/content/wowproductimages/large/386006.jpg",
    "source_id": "Woolworths - 386006",
    "barcode": "9340746003028",
    "shop": "Woolworths",
    "weight": "1KG",
    "prices": [
      {
        "state": "VIC",
        "price": "750",
        "price_per_unit": "750",
        "price_unit": "KG"
      },
      {
        "state": "QLD",
        "price": "750",
        "price_per_unit": "750",
        "price_unit": "KG"
      },
      {
        "state": "WA",
        "price": "750",
        "price_per_unit": "750",
        "price_unit": "KG"
      },
      {
        "state": "SA",
        "price": "750",
        "price_per_unit": "750",
        "price_unit": "KG"
      },
      {
        "state": "TAS",
        "price": "750",
        "price_per_unit": "750",
        "price_unit": "KG"
      },
      {
        "state": "ACT",
        "price": "750",
        "price_per_unit": "750",
        "price_unit": "KG"
      },
      {
        "state": "NT",
        "price": "790",
        "price_per_unit": "790",
        "price_unit": "KG"
      }
    ]
  },
  {
    "source_url": "https://www.woolworths.com.au/shop/productdetails/768582/woolworths-baby-beans",
    "name": "Woolworths Baby Beans 500g",
    "image_url": "https://cdn1.woolworths.media/content/wowproductimages/large/768582.jpg",
    "source_id": "Woolworths - 768582",
    "barcode": "9300633450441",
    "shop": "Woolworths",
    "weight": "1KG",
    "prices": [
      {
        "state": "VIC",
        "price": "380",
        "price_per_unit": "760",
        "price_unit": "KG"
      },
      {
        "state": "QLD",
        "price": "380",
        "price_per_unit": "760",
        "price_unit": "KG"
      },
      {
        "state": "WA",
        "price": "380",
        "price_per_unit": "760",
        "price_unit": "KG"
      },
      {
        "state": "SA",
        "price": "380",
        "price_per_unit": "760",
        "price_unit": "KG"
      },
      {
        "state": "TAS",
        "price": "380",
        "price_per_unit": "760",
        "price_unit": "KG"
      },
      {
        "state": "ACT",
        "price": "380",
        "price_per_unit": "760",
        "price_unit": "KG"
      },
      {
        "state": "NT",
        "price": "380",
        "price_per_unit": "760",
        "price_unit": "KG"
      }
    ]
  },
  {
    "source_url": "https://www.woolworths.com.au/shop/productdetails/99387/bell-farms-frozen-baby-peas",
    "name": "Bell Farms Frozen Baby Peas 500g",
    "image_url": "https://cdn1.woolworths.media/content/wowproductimages/large/099387.jpg",
    "source_id": "Woolworths - 99387",
    "barcode": "9339687346219",
    "shop": "Woolworths",
    "weight": "1KG",
    "prices": [
      {
        "state": "QLD",
        "price": "240",
        "price_per_unit": "480",
        "price_unit": "KG"
      },
      {
        "state": "WA",
        "price": "240",
        "price_per_unit": "480",
        "price_unit": "KG"
      },
      {
        "state": "SA",
        "price": "240",
        "price_per_unit": "480",
        "price_unit": "KG"
      },
      {
        "state": "TAS",
        "price": "240",
        "price_per_unit": "480",
        "price_unit": "KG"
      },
      {
        "state": "ACT",
        "price": "240",
        "price_per_unit": "480",
        "price_unit": "KG"
      },
      null
    ]
  },
  {
    "source_url": "https://www.woolworths.com.au/shop/productdetails/99388/bell-farms-frozen-peas",
    "name": "Bell Farms Frozen Peas 500g",
    "image_url": "https://cdn1.woolworths.media/content/wowproductimages/large/099388.jpg",
    "source_id": "Woolworths - 99388",
    "barcode": "9339687346226",
    "shop": "Woolworths",
    "weight": "1KG",
    "prices": [
      {
        "state": "QLD",
        "price": "140",
        "price_per_unit": "280",
        "price_unit": "KG"
      },
      {
        "state": "WA",
        "price": "140",
        "price_per_unit": "280",
        "price_unit": "KG"
      },
      null,
      {
        "state": "ACT",
        "price": "140",
        "price_per_unit": "280",
        "price_unit": "KG"
      },
      null
    ]
  },
  {
    "source_url": "https://www.woolworths.com.au/shop/productdetails/96844/essentials-frozen-cut-green-beans",
    "name": "Essentials Frozen Cut Green Beans 1kg",
    "image_url": "https://cdn1.woolworths.media/content/wowproductimages/large/096844.jpg",
    "source_id": "Woolworths - 96844",
    "barcode": "9300633968441",
    "shop": "Woolworths",
    "weight": "1KG",
    "prices": [
      {
        "state": "QLD",
        "price": "280",
        "price_per_unit": "280",
        "price_unit": "KG"
      },
      {
        "state": "WA",
        "price": "280",
        "price_per_unit": "280",
        "price_unit": "KG"
      },
      {
        "state": "SA",
        "price": "280",
        "price_per_unit": "280",
        "price_unit": "KG"
      },
      {
        "state": "TAS",
        "price": "280",
        "price_per_unit": "280",
        "price_unit": "KG"
      },
      {
        "state": "ACT",
        "price": "280",
        "price_per_unit": "280",
        "price_unit": "KG"
      },
      {
        "state": "NT",
        "price": "280",
        "price_per_unit": "280",
        "price_unit": "KG"
      }
    ]
  },
  {
    "source_url": "https://www.woolworths.com.au/shop/productdetails/96845/essentials-frozen-peas",
    "name": "Essentials Frozen Peas 1kg",
    "image_url": "https://cdn1.woolworths.media/content/wowproductimages/large/096845.jpg",
    "source_id": "Woolworths - 96845",
    "barcode": "9300633968458",
    "shop": "Woolworths",
    "weight": "1KG",
    "prices": [
      {
        "state": "QLD",
        "price": "250",
        "price_per_unit": "250",
        "price_unit": "KG"
      },
      {
        "state": "WA",
        "price": "250",
        "price_per_unit": "250",
        "price_unit": "KG"
      },
      {
        "state": "SA",
        "price": "250",
        "price_per_unit": "250",
        "price_unit": "KG"
      },
      null,
      {
        "state": "ACT",
        "price": "250",
        "price_per_unit": "250",
        "price_unit": "KG"
      },
      {
        "state": "NT",
        "price": "250",
        "price_per_unit": "250",
        "price_unit": "KG"
      }
    ]
  },
  {
    "source_url": "https://www.woolworths.com.au/shop/productdetails/42601/mccain-sliced-beans-sliced",
    "name": "McCain Sliced Beans Sliced 500g",
    "image_url": "https://cdn1.woolworths.media/content/wowproductimages/large/042601.jpg",
    "source_id": "Woolworths - 42601",
    "barcode": "9310174006106",
    "shop": "Woolworths",
    "weight": "1KG",
    "prices": [
      {
        "state": "QLD",
        "price": "400",
        "price_per_unit": "800",
        "price_unit": "KG"
      },
      {
        "state": "WA",
        "price": "400",
        "price_per_unit": "800",
        "price_unit": "KG"
      },
      {
        "state": "SA",
        "price": "400",
        "price_per_unit": "800",
        "price_unit": "KG"
      },
      {
        "state": "TAS",
        "price": "400",
        "price_per_unit": "800",
        "price_unit": "KG"
      },
      {
        "state": "ACT",
        "price": "400",
        "price_per_unit": "800",
        "price_unit": "KG"
      },
      null
    ]
  },
  {
    "source_url": "https://www.woolworths.com.au/shop/productdetails/754181/woolworths-australian-baby-peas",
    "name": "Woolworths Australian Baby Peas 1kg",
    "image_url": "https://cdn1.woolworths.media/content/wowproductimages/large/754181.jpg",
    "source_id": "Woolworths - 754181",
    "barcode": "9300633415273",
    "shop": "Woolworths",
    "weight": "1KG",
    "prices": [
      {
        "state": "QLD",
        "price": "520",
        "price_per_unit": "520",
        "price_unit": "KG"
      },
      {
        "state": "WA",
        "price": "520",
        "price_per_unit": "520",
        "price_unit": "KG"
      },
      {
        "state": "SA",
        "price": "520",
        "price_per_unit": "520",
        "price_unit": "KG"
      },
      {
        "state": "ACT",
        "price": "520",
        "price_per_unit": "520",
        "price_unit": "KG"
      },
      {
        "state": "NT",
        "price": "520",
        "price_per_unit": "520",
        "price_unit": "KG"
      }
    ]
  },
  {
    "source_url": "https://www.woolworths.com.au/shop/productdetails/817503/macro-organic-peas",
    "name": "Macro Organic Peas 450g",
    "image_url": "https://cdn1.woolworths.media/content/wowproductimages/large/817503.jpg",
    "source_id": "Woolworths - 817503",
    "barcode": "9339687075348",
    "shop": "Woolworths",
    "weight": "1KG",
    "prices": [
      {
        "state": "SA",
        "price": "500",
        "price_per_unit": "1111",
        "price_unit": "KG"
      },
      null,
      {
        "state": "ACT",
        "price": "500",
        "price_per_unit": "1111",
        "price_unit": "KG"
      },
      {
        "state": "NT",
        "price": "500",
        "price_per_unit": "1111",
        "price_unit": "KG"
      }
    ]
  },
  {
    "source_url": "https://www.woolworths.com.au/shop/productdetails/754169/woolworths-frozen-australian-peas",
    "name": "Woolworths Frozen Australian Peas 1kg",
    "image_url": "https://cdn1.woolworths.media/content/wowproductimages/large/754169.jpg",
    "source_id": "Woolworths - 754169",
    "barcode": "9300633415259",
    "shop": "Woolworths",
    "weight": "1KG",
    "prices": [
      {
        "state": "SA",
        "price": "380",
        "price_per_unit": "380",
        "price_unit": "KG"
      },
      {
        "state": "ACT",
        "price": "380",
        "price_per_unit": "380",
        "price_unit": "KG"
      },
      {
        "state": "NT",
        "price": "380",
        "price_per_unit": "380",
        "price_unit": "KG"
      }
    ]
  },
  {
    "source_url": "https://www.woolworths.com.au/shop/productdetails/768558/woolworths-frozen-sliced-beans",
    "name": "Woolworths Frozen Sliced Beans 500g",
    "image_url": "https://cdn1.woolworths.media/content/wowproductimages/large/768558.jpg",
    "source_id": "Woolworths - 768558",
    "barcode": "9300633450311",
    "shop": "Woolworths",
    "weight": "1KG",
    "prices": [
      {
        "state": "SA",
        "price": "280",
        "price_per_unit": "560",
        "price_unit": "KG"
      },
      {
        "state": "TAS",
        "price": "280",
        "price_per_unit": "560",
        "price_unit": "KG"
      },
      {
        "state": "ACT",
        "price": "280",
        "price_per_unit": "560",
        "price_unit": "KG"
      },
      {
        "state": "NT",
        "price": "280",
        "price_per_unit": "560",
        "price_unit": "KG"
      }
    ]
  },
  {
    "source_url": "https://www.woolworths.com.au/shop/productdetails/54135/macro-organic-cut-green-beans",
    "name": "Macro Organic Cut Green Beans 450g",
    "image_url": "https://cdn1.woolworths.media/content/wowproductimages/large/054135.jpg",
    "source_id": "Woolworths - 54135",
    "barcode": "9339687104581",
    "shop": "Woolworths",
    "weight": "1KG",
    "prices": [
      {
        "state": "ACT",
        "price": "500",
        "price_per_unit": "1111",
        "price_unit": "KG"
      }
    ]
  },
  {
    "source_url": "https://www.woolworths.com.au/shop/productdetails/385261/umami-whole-baby-edamame-snack-packs",
    "name": "Umami Whole Baby Edamame Snack Packs 10 Pack",
    "image_url": "https://cdn1.woolworths.media/content/wowproductimages/large/385261.jpg",
    "source_id": "Woolworths - 385261",
    "barcode": "9340746003035",
    "shop": "Woolworths",
    "weight": "1KG",
    "prices": [
      {
        "state": "ACT",
        "price": "800",
        "price_per_unit": "800",
        "price_unit": "KG"
      }
    ]
  }
]