[
  {
    "source_url": "https://www.coles.com.au/product/abbott's-bakery-country-grains-bread-800g-3237196",
    "name": "Abbott's Bakery Country Grains Bread | 800g",
    "image_url": "https://www.coles.com.au/_next/image?url=https%3A%2F%2Fproductimages.coles.com.au%2Fproductimages%2F3%2F3237196.jpg&w=640&q=90",
    "source_id": "Coles - 3237196",
    "barcode": "9339423007978",
    "shop": "coles",
    "category_id": "22060",
    "weight": "800g",
    "prices": [
      {
        "state": "VIC",
        "price": "63",
        "price_per_unit": "500",
        "price_unit": "g"
      },
      {
        "state": "NSW",
        "price": "63",
        "price_per_unit": "500",
        "price_unit": "g"
      },
      {
        "state": "QLD",
        "price": "63",
        "price_per_unit": "500",
        "price_unit": "g"
      },
      {
        "state": "WA",
        "price": "63",
        "price_per_unit": "500",
        "price_unit": "g"
      },
      {
        "state": "SA",
        "price": "63",
        "price_per_unit": "500",
        "price_unit": "g"
      },
      {
        "state": "ACT",
        "price": "63",
        "price_per_unit": "500",
        "price_unit": "g"
      }
    ]
  },
  {
    "source_url": "https://www.woolworths.com.au/shop/productdetails/690125/abbott-s-bakery-country-grains-sandwich-slice-bread-loaf",
    "name": "Abbott's Bakery Country Grains Sandwich Slice Bread Loaf 800g",
    "image_url": "https://cdn1.woolworths.media/content/wowproductimages/large/690125.jpg",
    "source_id": "Woolworths - 690125",
    "barcode": "9339423007978",
    "shop": "Woolworths",
    "category_id": "22060",
    "weight": "100G",
    "prices": [
      {
        "state": "NSW",
        "price": "500",
        "price_per_unit": "63",
        "price_unit": "G"
      },
      {
        "state": "VIC",
        "price": "500",
        "price_per_unit": "63",
        "price_unit": "G"
      },
      {
        "state": "QLD",
        "price": "500",
        "price_per_unit": "63",
        "price_unit": "G"
      },
      {
        "state": "WA",
        "price": "500",
        "price_per_unit": "63",
        "price_unit": "G"
      },
      {
        "state": "SA",
        "price": "500",
        "price_per_unit": "63",
        "price_unit": "G"
      },
      {
        "state": "ACT",
        "price": "500",
        "price_per_unit": "63",
        "price_unit": "G"
      }
    ]
  },
  {
    "source_url": "https://www.coles.com.au/product/abbott's-bakery-dark-rye-700g-3580155",
    "name": "Abbott's Bakery Dark Rye | 700g",
    "image_url": "https://www.coles.com.au/_next/image?url=https%3A%2F%2Fproductimages.coles.com.au%2Fproductimages%2F3%2F3580155.jpg&w=640&q=90",
    "source_id": "Coles - 3580155",
    "barcode": "9339423008579",
    "shop": "coles",
    "category_id": "22060",
    "weight": "700g",
    "prices": [
      {
        "state": "VIC",
        "price": "71",
        "price_per_unit": "500",
        "price_unit": "g"
      },
      {
        "state": "NSW",
        "price": "71",
        "price_per_unit": "500",
        "price_unit": "g"
      },
      {
        "state": "QLD",
        "price": "71",
        "price_per_unit": "500",
        "price_unit": "g"
      },
      {
        "state": "WA",
        "price": "71",
        "price_per_unit": "500",
        "price_unit": "g"
      },
      {
        "state": "SA",
        "price": "71",
        "price_per_unit": "500",
        "price_unit": "g"
      },
      {
        "state": "ACT",
        "price": "71",
        "price_per_unit": "500",
        "price_unit": "g"
      }
    ]
  },
  {
    "source_url": "https://www.woolworths.com.au/shop/productdetails/51639/abbott-s-bakery-dark-rye-bread-sandwich-slice-loaf",
    "name": "Abbott's Bakery Dark Rye Bread Sandwich Slice Loaf 700g",
    "image_url": "https://cdn1.woolworths.media/content/wowproductimages/large/051639.jpg",
    "source_id": "Woolworths - 51639",
    "barcode": "9339423008579",
    "shop": "Woolworths",
    "category_id": "22060",
    "weight": "100G",
    "prices": [
      {
        "state": "NSW",
        "price": "500",
        "price_per_unit": "71",
        "price_unit": "G"
      },
      {
        "state": "VIC",
        "price": "500",
        "price_per_unit": "71",
        "price_unit": "G"
      },
      {
        "state": "QLD",
        "price": "500",
        "price_per_unit": "71",
        "price_unit": "G"
      },
      {
        "state": "WA",
        "price": "500",
        "price_per_unit": "71",
        "price_unit": "G"
      },
      {
        "state": "SA",
        "price": "500",
        "price_per_unit": "71",
        "price_unit": "G"
      },
      {
        "state": "ACT",
        "price": "500",
        "price_per_unit": "71",
        "price_unit": "G"
      }
    ]
  },
  {
    "source_url": "https://www.coles.com.au/product/abbott's-bakery-farmhouse-wholemeal-bread-750g-7226034",
    "name": "Abbott's Bakery Farmhouse Wholemeal Bread | 750g",
    "image_url": "https://www.coles.com.au/_next/image?url=https%3A%2F%2Fproductimages.coles.com.au%2Fproductimages%2F7%2F7226034.jpg&w=640&q=90",
    "source_id": "Coles - 7226034",
    "barcode": "9339423003482",
    "shop": "coles",
    "category_id": "22060",
    "weight": "750g",
    "prices": [
      {
        "state": "VIC",
        "price": "67",
        "price_per_unit": "500",
        "price_unit": "g"
      },
      {
        "state": "NSW",
        "price": "67",
        "price_per_unit": "500",
        "price_unit": "g"
      },
      {
        "state": "QLD",
        "price": "67",
        "price_per_unit": "500",
        "price_unit": "g"
      },
      {
        "state": "WA",
        "price": "67",
        "price_per_unit": "500",
        "price_unit": "g"
      },
      {
        "state": "SA",
        "price": "67",
        "price_per_unit": "500",
        "price_unit": "g"
      },
      {
        "state": "ACT",
        "price": "67",
        "price_per_unit": "500",
        "price_unit": "g"
      },
      {
        "state": "NT",
        "price": "67",
        "price_per_unit": "500",
        "price_unit": "g"
      }
    ]
  },
  {
    "source_url": "https://www.woolworths.com.au/shop/productdetails/331591/abbott-s-bakery-farmhouse-wholemeal-bread-sandwich-slice-loaf",
    "name": "Abbott's Bakery Farmhouse Wholemeal Bread Sandwich Slice Loaf 750g",
    "image_url": "https://cdn1.woolworths.media/content/wowproductimages/large/331591.jpg",
    "source_id": "Woolworths - 331591",
    "barcode": "9339423003482",
    "shop": "Woolworths",
    "category_id": "22060",
    "weight": "100G",
    "prices": [
      {
        "state": "NSW",
        "price": "500",
        "price_per_unit": "67",
        "price_unit": "G"
      },
      {
        "state": "VIC",
        "price": "500",
        "price_per_unit": "67",
        "price_unit": "G"
      },
      {
        "state": "QLD",
        "price": "500",
        "price_per_unit": "67",
        "price_unit": "G"
      },
      {
        "state": "WA",
        "price": "500",
        "price_per_unit": "67",
        "price_unit": "G"
      },
      {
        "state": "SA",
        "price": "500",
        "price_per_unit": "67",
        "price_unit": "G"
      },
      {
        "state": "ACT",
        "price": "500",
        "price_per_unit": "67",
        "price_unit": "G"
      }
    ]
  },
  {
    "source_url": "https://www.coles.com.au/product/abbott's-bakery-gluten-free-farmhouse-wholemeal-bread-500g-3751790",
    "name": "Abbott's Bakery Gluten Free Farmhouse Wholemeal Bread | 500g",
    "image_url": "https://www.coles.com.au/_next/image?url=https%3A%2F%2Fproductimages.coles.com.au%2Fproductimages%2F3%2F3751790.jpg&w=640&q=90",
    "source_id": "Coles - 3751790",
    "barcode": "9339423008807",
    "shop": "coles",
    "category_id": "22060",
    "weight": "500g",
    "prices": [
      {
        "state": "VIC",
        "price": "140",
        "price_per_unit": "700",
        "price_unit": "g"
      },
      {
        "state": "NSW",
        "price": "140",
        "price_per_unit": "700",
        "price_unit": "g"
      },
      {
        "state": "QLD",
        "price": "140",
        "price_per_unit": "700",
        "price_unit": "g"
      },
      {
        "state": "WA",
        "price": "140",
        "price_per_unit": "700",
        "price_unit": "g"
      },
      {
        "state": "SA",
        "price": "140",
        "price_per_unit": "700",
        "price_unit": "g"
      },
      {
        "state": "ACT",
        "price": "140",
        "price_per_unit": "700",
        "price_unit": "g"
      }
    ]
  },
  {
    "source_url": "https://www.woolworths.com.au/shop/productdetails/103219/abbott-s-bakery-gluten-free-farmhouse-wholemeal-bread-slice-loaf",
    "name": "Abbott's Bakery Gluten Free Farmhouse Wholemeal Bread Slice Loaf 500g",
    "image_url": "https://cdn1.woolworths.media/content/wowproductimages/large/103219.jpg",
    "source_id": "Woolworths - 103219",
    "barcode": "9339423008807",
    "shop": "Woolworths",
    "category_id": "22060",
    "weight": "100G",
    "prices": [
      {
        "state": "NSW",
        "price": "790",
        "price_per_unit": "158",
        "price_unit": "G"
      },
      {
        "state": "VIC",
        "price": "790",
        "price_per_unit": "158",
        "price_unit": "G"
      },
      {
        "state": "QLD",
        "price": "790",
        "price_per_unit": "158",
        "price_unit": "G"
      },
      {
        "state": "WA",
        "price": "790",
        "price_per_unit": "158",
        "price_unit": "G"
      },
      {
        "state": "ACT",
        "price": "790",
        "price_per_unit": "158",
        "price_unit": "G"
      },
      {
        "state": "NT",
        "price": "790",
        "price_per_unit": "158",
        "price_unit": "G"
      }
    ]
  },
  {
    "source_url": "https://www.coles.com.au/product/abbott's-bakery-gluten-free-rustic-white-bread-500g-3216913",
    "name": "Abbott's Bakery Gluten Free Rustic White Bread | 500g",
    "image_url": "https://www.coles.com.au/_next/image?url=https%3A%2F%2Fproductimages.coles.com.au%2Fproductimages%2F3%2F3216913.jpg&w=640&q=90",
    "source_id": "Coles - 3216913",
    "barcode": "9339423007039",
    "shop": "coles",
    "category_id": "22060",
    "weight": "500g",
    "prices": [
      {
        "state": "VIC",
        "price": "140",
        "price_per_unit": "700",
        "price_unit": "g"
      },
      {
        "state": "NSW",
        "price": "140",
        "price_per_unit": "700",
        "price_unit": "g"
      },
      {
        "state": "QLD",
        "price": "140",
        "price_per_unit": "700",
        "price_unit": "g"
      },
      {
        "state": "WA",
        "price": "140",
        "price_per_unit": "700",
        "price_unit": "g"
      },
      {
        "state": "SA",
        "price": "140",
        "price_per_unit": "700",
        "price_unit": "g"
      },
      {
        "state": "ACT",
        "price": "140",
        "price_per_unit": "700",
        "price_unit": "g"
      },
      {
        "state": "NT",
        "price": "140",
        "price_per_unit": "700",
        "price_unit": "g"
      }
    ]
  },
  {
    "source_url": "https://www.woolworths.com.au/shop/productdetails/706337/abbott-s-bakery-gluten-free-rustic-white-bread-slice-loaf",
    "name": "Abbott's Bakery Gluten Free Rustic White Bread Slice Loaf 500g",
    "image_url": "https://cdn1.woolworths.media/content/wowproductimages/large/706337.jpg",
    "source_id": "Woolworths - 706337",
    "barcode": "9339423007039",
    "shop": "Woolworths",
    "category_id": "22060",
    "weight": "100G",
    "prices": [
      {
        "state": "NSW",
        "price": "790",
        "price_per_unit": "158",
        "price_unit": "G"
      },
      {
        "state": "VIC",
        "price": "790",
        "price_per_unit": "158",
        "price_unit": "G"
      },
      {
        "state": "QLD",
        "price": "790",
        "price_per_unit": "158",
        "price_unit": "G"
      },
      {
        "state": "WA",
        "price": "790",
        "price_per_unit": "158",
        "price_unit": "G"
      },
      {
        "state": "SA",
        "price": "790",
        "price_per_unit": "158",
        "price_unit": "G"
      },
      {
        "state": "TAS",
        "price": "790",
        "price_per_unit": "158",
        "price_unit": "G"
      },
      {
        "state": "ACT",
        "price": "790",
        "price_per_unit": "158",
        "price_unit": "G"
      }
    ]
  },
  {
    "source_url": "https://www.coles.com.au/product/abbott's-bakery-harvest-seeds-and-grain-bread-750g-7534885",
    "name": "Abbott's Bakery Harvest Seeds And Grain Bread | 750g",
    "image_url": "https://www.coles.com.au/_next/image?url=https%3A%2F%2Fproductimages.coles.com.au%2Fproductimages%2F7%2F7534885.jpg&w=640&q=90",
    "source_id": "Coles - 7534885",
    "barcode": "9339423004229",
    "shop": "coles",
    "category_id": "22060",
    "weight": "750g",
    "prices": [
      {
        "state": "VIC",
        "price": "67",
        "price_per_unit": "500",
        "price_unit": "g"
      },
      {
        "state": "NSW",
        "price": "67",
        "price_per_unit": "500",
        "price_unit": "g"
      },
      {
        "state": "QLD",
        "price": "67",
        "price_per_unit": "500",
        "price_unit": "g"
      },
      {
        "state": "WA",
        "price": "67",
        "price_per_unit": "500",
        "price_unit": "g"
      },
      {
        "state": "SA",
        "price": "67",
        "price_per_unit": "500",
        "price_unit": "g"
      },
      {
        "state": "ACT",
        "price": "67",
        "price_per_unit": "500",
        "price_unit": "g"
      },
      {
        "state": "NT",
        "price": "67",
        "price_per_unit": "500",
        "price_unit": "g"
      }
    ]
  },
  {
    "source_url": "https://www.woolworths.com.au/shop/productdetails/341277/abbott-s-bakery-harvest-seeds-grains-sandwich-slice-bread-loaf",
    "name": "Abbott's Bakery Harvest Seeds & Grains Sandwich Slice Bread Loaf 750g",
    "image_url": "https://cdn1.woolworths.media/content/wowproductimages/large/341277.jpg",
    "source_id": "Woolworths - 341277",
    "barcode": "9339423004229",
    "shop": "Woolworths",
    "category_id": "22060",
    "weight": "100G",
    "prices": [
      {
        "state": "NSW",
        "price": "500",
        "price_per_unit": "67",
        "price_unit": "G"
      },
      {
        "state": "VIC",
        "price": "500",
        "price_per_unit": "67",
        "price_unit": "G"
      },
      {
        "state": "QLD",
        "price": "500",
        "price_per_unit": "67",
        "price_unit": "G"
      },
      {
        "state": "WA",
        "price": "500",
        "price_per_unit": "67",
        "price_unit": "G"
      },
      {
        "state": "SA",
        "price": "500",
        "price_per_unit": "67",
        "price_unit": "G"
      },
      {
        "state": "ACT",
        "price": "500",
        "price_per_unit": "67",
        "price_unit": "G"
      }
    ]
  },
  {
    "source_url": "https://www.coles.com.au/product/abbott's-bakery-light-rye-bread-680g-7226023",
    "name": "Abbott's Bakery Light Rye Bread | 680g",
    "image_url": "https://www.coles.com.au/_next/image?url=https%3A%2F%2Fproductimages.coles.com.au%2Fproductimages%2F7%2F7226023.jpg&w=640&q=90",
    "source_id": "Coles - 7226023",
    "barcode": "9339423003499",
    "shop": "coles",
    "category_id": "22060",
    "weight": "680g",
    "prices": [
      {
        "state": "VIC",
        "price": "74",
        "price_per_unit": "500",
        "price_unit": "g"
      },
      {
        "state": "NSW",
        "price": "74",
        "price_per_unit": "500",
        "price_unit": "g"
      },
      {
        "state": "QLD",
        "price": "74",
        "price_per_unit": "500",
        "price_unit": "g"
      },
      {
        "state": "WA",
        "price": "74",
        "price_per_unit": "500",
        "price_unit": "g"
      },
      {
        "state": "SA",
        "price": "74",
        "price_per_unit": "500",
        "price_unit": "g"
      },
      {
        "state": "ACT",
        "price": "74",
        "price_per_unit": "500",
        "price_unit": "g"
      },
      {
        "state": "NT",
        "price": "74",
        "price_per_unit": "500",
        "price_unit": "g"
      }
    ]
  },
  {
    "source_url": "https://www.woolworths.com.au/shop/productdetails/331602/abbott-s-bakery-light-rye-bread-sandwich-slice-loaf",
    "name": "Abbott's Bakery Light Rye Bread Sandwich Slice Loaf 680g",
    "image_url": "https://cdn1.woolworths.media/content/wowproductimages/large/331602.jpg",
    "source_id": "Woolworths - 331602",
    "barcode": "9339423003499",
    "shop": "Woolworths",
    "category_id": "22060",
    "weight": "100G",
    "prices": [
      {
        "state": "NSW",
        "price": "500",
        "price_per_unit": "74",
        "price_unit": "G"
      },
      {
        "state": "VIC",
        "price": "500",
        "price_per_unit": "74",
        "price_unit": "G"
      },
      {
        "state": "QLD",
        "price": "500",
        "price_per_unit": "74",
        "price_unit": "G"
      },
      {
        "state": "WA",
        "price": "500",
        "price_per_unit": "74",
        "price_unit": "G"
      },
      {
        "state": "SA",
        "price": "500",
        "price_per_unit": "74",
        "price_unit": "G"
      },
      {
        "state": "ACT",
        "price": "500",
        "price_per_unit": "74",
        "price_unit": "G"
      },
      {
        "state": "NT",
        "price": "500",
        "price_per_unit": "74",
        "price_unit": "G"
      }
    ]
  },
  {
    "source_url": "https://www.coles.com.au/product/abbott's-bakery-rustic-white-bread-700g-3237185",
    "name": "Abbott's Bakery Rustic White Bread | 700g",
    "image_url": "https://www.coles.com.au/_next/image?url=https%3A%2F%2Fproductimages.coles.com.au%2Fproductimages%2F3%2F3237185.jpg&w=640&q=90",
    "source_id": "Coles - 3237185",
    "barcode": "9339423007961",
    "shop": "coles",
    "category_id": "22060",
    "weight": "700g",
    "prices": [
      {
        "state": "VIC",
        "price": "71",
        "price_per_unit": "500",
        "price_unit": "g"
      },
      {
        "state": "NSW",
        "price": "71",
        "price_per_unit": "500",
        "price_unit": "g"
      },
      {
        "state": "QLD",
        "price": "71",
        "price_per_unit": "500",
        "price_unit": "g"
      },
      {
        "state": "WA",
        "price": "71",
        "price_per_unit": "500",
        "price_unit": "g"
      },
      {
        "state": "SA",
        "price": "71",
        "price_per_unit": "500",
        "price_unit": "g"
      },
      {
        "state": "ACT",
        "price": "71",
        "price_per_unit": "500",
        "price_unit": "g"
      }
    ]
  },
  {
    "source_url": "https://www.woolworths.com.au/shop/productdetails/690672/abbott-s-bakery-rustic-white-bread-sandwich-slice-loaf",
    "name": "Abbott's Bakery Rustic White Bread Sandwich Slice Loaf 700g",
    "image_url": "https://cdn1.woolworths.media/content/wowproductimages/large/690672.jpg",
    "source_id": "Woolworths - 690672",
    "barcode": "9339423007961",
    "shop": "Woolworths",
    "category_id": "22060",
    "weight": "100G",
    "prices": [
      {
        "state": "NSW",
        "price": "500",
        "price_per_unit": "71",
        "price_unit": "G"
      },
      {
        "state": "VIC",
        "price": "500",
        "price_per_unit": "71",
        "price_unit": "G"
      },
      {
        "state": "QLD",
        "price": "500",
        "price_per_unit": "71",
        "price_unit": "G"
      },
      {
        "state": "WA",
        "price": "500",
        "price_per_unit": "71",
        "price_unit": "G"
      },
      {
        "state": "SA",
        "price": "500",
        "price_per_unit": "71",
        "price_unit": "G"
      },
      {
        "state": "ACT",
        "price": "500",
        "price_per_unit": "71",
        "price_unit": "G"
      }
    ]
  },
  {
    "source_url": "https://www.coles.com.au/product/abbott's-bakery-sourdough-rye-bread-760g-3764737",
    "name": "Abbott's Bakery Sourdough Rye Bread | 760g",
    "image_url": "https://www.coles.com.au/_next/image?url=https%3A%2F%2Fproductimages.coles.com.au%2Fproductimages%2F3%2F3764737.jpg&w=640&q=90",
    "source_id": "Coles - 3764737",
    "barcode": "9339423008845",
    "shop": "coles",
    "category_id": "22060",
    "weight": "760g",
    "prices": [
      {
        "state": "VIC",
        "price": "63",
        "price_per_unit": "480",
        "price_unit": "g"
      },
      {
        "state": "NSW",
        "price": null,
        "price_per_unit": null,
        "price_unit": "g"
      },
      {
        "state": "QLD",
        "price": "63",
        "price_per_unit": "480",
        "price_unit": "g"
      },
      {
        "state": "SA",
        "price": "63",
        "price_per_unit": "480",
        "price_unit": "g"
      },
      {
        "state": "ACT",
        "price": null,
        "price_per_unit": null,
        "price_unit": "g"
      }
    ]
  },
  {
    "source_url": "https://www.woolworths.com.au/shop/productdetails/103774/abbott-s-bakery-sourdough-rye-bread-sandwich-slice-loaf",
    "name": "Abbott's Bakery Sourdough Rye Bread Sandwich Slice Loaf 760g",
    "image_url": "https://cdn1.woolworths.media/content/wowproductimages/large/103774.jpg",
    "source_id": "Woolworths - 103774",
    "barcode": "9339423008845",
    "shop": "Woolworths",
    "category_id": "22060",
    "weight": "100G",
    "prices": [
      {
        "state": "NSW",
        "price": "530",
        "price_per_unit": "70",
        "price_unit": "G"
      },
      {
        "state": "VIC",
        "price": "530",
        "price_per_unit": "70",
        "price_unit": "G"
      },
      {
        "state": "QLD",
        "price": "530",
        "price_per_unit": "70",
        "price_unit": "G"
      },
      {
        "state": "SA",
        "price": "530",
        "price_per_unit": "70",
        "price_unit": "G"
      },
      {
        "state": "ACT",
        "price": "530",
        "price_per_unit": "70",
        "price_unit": "G"
      }
    ]
  },
  {
    "source_url": "https://www.coles.com.au/product/abbott's-bakery-sourdough-white-760g-6420585",
    "name": "Abbott's Bakery Sourdough White | 760g",
    "image_url": "https://www.coles.com.au/_next/image?url=https%3A%2F%2Fproductimages.coles.com.au%2Fproductimages%2F6%2F6420585.jpg&w=640&q=90",
    "source_id": "Coles - 6420585",
    "barcode": "9339423009668",
    "shop": "coles",
    "category_id": "22060",
    "weight": "760g",
    "prices": [
      {
        "state": "VIC",
        "price": "63",
        "price_per_unit": "480",
        "price_unit": "g"
      },
      {
        "state": "NSW",
        "price": "63",
        "price_per_unit": "480",
        "price_unit": "g"
      },
      {
        "state": "QLD",
        "price": "63",
        "price_per_unit": "480",
        "price_unit": "g"
      },
      {
        "state": "SA",
        "price": "63",
        "price_per_unit": "480",
        "price_unit": "g"
      },
      {
        "state": "ACT",
        "price": "63",
        "price_per_unit": "480",
        "price_unit": "g"
      }
    ]
  },
  {
    "source_url": "https://www.woolworths.com.au/shop/productdetails/289456/abbott-s-bakery-sourdough-white-bread-sandwich-slice-loaf",
    "name": "Abbott's Bakery Sourdough White Bread Sandwich Slice Loaf 760g",
    "image_url": "https://cdn1.woolworths.media/content/wowproductimages/large/289456.jpg",
    "source_id": "Woolworths - 289456",
    "barcode": "9339423009668",
    "shop": "Woolworths",
    "category_id": "22060",
    "weight": "100G",
    "prices": [
      {
        "state": "NSW",
        "price": "530",
        "price_per_unit": "70",
        "price_unit": "G"
      },
      {
        "state": "VIC",
        "price": "530",
        "price_per_unit": "70",
        "price_unit": "G"
      },
      {
        "state": "QLD",
        "price": "530",
        "price_per_unit": "70",
        "price_unit": "G"
      },
      {
        "state": "SA",
        "price": "530",
        "price_per_unit": "70",
        "price_unit": "G"
      },
      {
        "state": "ACT",
        "price": "530",
        "price_per_unit": "70",
        "price_unit": "G"
      }
    ]
  },
  {
    "source_url": "https://www.coles.com.au/product/bill-organic-activated-super-seeds-and-grains-620g-2270436",
    "name": "Bill Organic Activated Super Seeds & Grains | 620g",
    "image_url": "https://www.coles.com.au/_next/image?url=https%3A%2F%2Fproductimages.coles.com.au%2Fproductimages%2F2%2F2270436.jpg&w=640&q=90",
    "source_id": "Coles - 2270436",
    "barcode": "9327189000258",
    "shop": "coles",
    "category_id": "22060",
    "weight": "620g",
    "prices": [
      {
        "state": "NSW",
        "price": "139",
        "price_per_unit": "860",
        "price_unit": "g"
      },
      {
        "state": "ACT",
        "price": "139",
        "price_per_unit": "860",
        "price_unit": "g"
      }
    ]
  },
  {
    "source_url": "https://www.woolworths.com.au/shop/productdetails/839611/bill-s-certified-organic-ancient-grains",
    "name": "Bill's Certified Organic Ancient Grains 620G",
    "image_url": "https://cdn1.woolworths.media/content/wowproductimages/large/839611.jpg",
    "source_id": "Woolworths - 839611",
    "barcode": "9327189000258",
    "shop": "Woolworths",
    "category_id": "22060",
    "weight": "100G",
    "prices": [
      {
        "state": "NSW",
        "price": "860",
        "price_per_unit": "139",
        "price_unit": "G"
      },
      {
        "state": "ACT",
        "price": "860",
        "price_per_unit": "139",
        "price_unit": "G"
      }
    ]
  },
  {
    "source_url": "https://www.coles.com.au/product/bills-organic-spelt-bread-620g-1349461",
    "name": "Bills Organic Spelt Bread | 620g",
    "image_url": "https://www.coles.com.au/_next/image?url=https%3A%2F%2Fproductimages.coles.com.au%2Fproductimages%2F1%2F1349461.jpg&w=640&q=90",
    "source_id": "Coles - 1349461",
    "barcode": "9327189001156",
    "shop": "coles",
    "category_id": "22060",
    "weight": "620g",
    "prices": [
      {
        "state": "NSW",
        "price": "139",
        "price_per_unit": "860",
        "price_unit": "g"
      },
      {
        "state": "ACT",
        "price": "139",
        "price_per_unit": "860",
        "price_unit": "g"
      }
    ]
  },
  {
    "source_url": "https://www.woolworths.com.au/shop/productdetails/300005/bill-s-healthy-bakery-100-spelt-sourdough",
    "name": "Bill's Healthy Bakery 100% Spelt Sourdough 620g",
    "image_url": "https://cdn1.woolworths.media/content/wowproductimages/large/300005.jpg",
    "source_id": "Woolworths - 300005",
    "barcode": "9327189001156",
    "shop": "Woolworths",
    "category_id": "22060",
    "weight": "100G",
    "prices": [
      {
        "state": "NSW",
        "price": "860",
        "price_per_unit": "139",
        "price_unit": "G"
      },
      {
        "state": "ACT",
        "price": "860",
        "price_per_unit": "139",
        "price_unit": "G"
      }
    ]
  },
  {
    "source_url": "https://www.coles.com.au/product/burgen-cholesterol-lowering-wholegrain-and-oats-bread-700g-6420621",
    "name": "Burgen Cholesterol Lowering Wholegrain And Oats Bread | 700g",
    "image_url": "https://www.coles.com.au/_next/image?url=https%3A%2F%2Fproductimages.coles.com.au%2Fproductimages%2F6%2F6420621.jpg&w=640&q=90",
    "source_id": "Coles - 6420621",
    "barcode": "9339423009699",
    "shop": "coles",
    "category_id": "22060",
    "weight": "700g",
    "prices": [
      {
        "state": "VIC",
        "price": "86",
        "price_per_unit": "600",
        "price_unit": "g"
      },
      {
        "state": "NSW",
        "price": "86",
        "price_per_unit": "600",
        "price_unit": "g"
      },
      {
        "state": "QLD",
        "price": "86",
        "price_per_unit": "600",
        "price_unit": "g"
      },
      {
        "state": "SA",
        "price": "86",
        "price_per_unit": "600",
        "price_unit": "g"
      },
      {
        "state": "ACT",
        "price": "86",
        "price_per_unit": "600",
        "price_unit": "g"
      }
    ]
  },
  {
    "source_url": "https://www.woolworths.com.au/shop/productdetails/294686/burgen-cholesterol-lowering-whole-grain-oats-bread-bakery",
    "name": "Burgen Cholesterol Lowering Whole Grain & Oats Bread Bakery 700g",
    "image_url": "https://cdn1.woolworths.media/content/wowproductimages/large/294686.jpg",
    "source_id": "Woolworths - 294686",
    "barcode": "9339423009699",
    "shop": "Woolworths",
    "category_id": "22060",
    "weight": "100G",
    "prices": [
      {
        "state": "NSW",
        "price": "700",
        "price_per_unit": "100",
        "price_unit": "G"
      },
      {
        "state": "VIC",
        "price": "700",
        "price_per_unit": "100",
        "price_unit": "G"
      },
      {
        "state": "QLD",
        "price": "700",
        "price_per_unit": "100",
        "price_unit": "G"
      },
      {
        "state": "SA",
        "price": "700",
        "price_per_unit": "100",
        "price_unit": "G"
      },
      {
        "state": "ACT",
        "price": "700",
        "price_per_unit": "100",
        "price_unit": "G"
      }
    ]
  },
  {
    "source_url": "https://www.coles.com.au/product/burgen-lower-carb-sunflower-and-linseed-bread-660g-4406131",
    "name": "Burgen Lower Carb Sunflower & Linseed Bread | 660g",
    "image_url": "https://www.coles.com.au/_next/image?url=https%3A%2F%2Fproductimages.coles.com.au%2Fproductimages%2F4%2F4406131.jpg&w=640&q=90",
    "source_id": "Coles - 4406131",
    "barcode": "9339423009200",
    "shop": "coles",
    "category_id": "22060",
    "weight": "660g",
    "prices": [
      {
        "state": "VIC",
        "price": "106",
        "price_per_unit": "700",
        "price_unit": "g"
      },
      {
        "state": "NSW",
        "price": "106",
        "price_per_unit": "700",
        "price_unit": "g"
      },
      {
        "state": "QLD",
        "price": "106",
        "price_per_unit": "700",
        "price_unit": "g"
      },
      {
        "state": "SA",
        "price": "106",
        "price_per_unit": "700",
        "price_unit": "g"
      },
      {
        "state": "ACT",
        "price": "106",
        "price_per_unit": "700",
        "price_unit": "g"
      }
    ]
  },
  {
    "source_url": "https://www.woolworths.com.au/shop/productdetails/164022/burgen-lower-carb-high-protein-sunflower-linseed-bread",
    "name": "Burgen Lower Carb High Protein Sunflower & Linseed Bread 660g",
    "image_url": "https://cdn1.woolworths.media/content/wowproductimages/large/164022.jpg",
    "source_id": "Woolworths - 164022",
    "barcode": "9339423009200",
    "shop": "Woolworths",
    "category_id": "22060",
    "weight": "100G",
    "prices": [
      {
        "state": "NSW",
        "price": "700",
        "price_per_unit": "106",
        "price_unit": "G"
      },
      {
        "state": "VIC",
        "price": "700",
        "price_per_unit": "106",
        "price_unit": "G"
      },
      {
        "state": "QLD",
        "price": "700",
        "price_per_unit": "106",
        "price_unit": "G"
      },
      {
        "state": "SA",
        "price": "700",
        "price_per_unit": "106",
        "price_unit": "G"
      },
      {
        "state": "ACT",
        "price": "700",
        "price_per_unit": "106",
        "price_unit": "G"
      }
    ]
  },
  {
    "source_url": "https://www.coles.com.au/product/burgen-traditional-rye-bread-700g-5249684",
    "name": "Burgen Traditional Rye Bread | 700g",
    "image_url": "https://www.coles.com.au/_next/image?url=https%3A%2F%2Fproductimages.coles.com.au%2Fproductimages%2F5%2F5249684.jpg&w=640&q=90",
    "source_id": "Coles - 5249684",
    "barcode": "9310043008941",
    "shop": "coles",
    "category_id": "22060",
    "weight": "700g",
    "prices": [
      {
        "state": "VIC",
        "price": "86",
        "price_per_unit": "600",
        "price_unit": "g"
      },
      {
        "state": "NSW",
        "price": "86",
        "price_per_unit": "600",
        "price_unit": "g"
      },
      {
        "state": "QLD",
        "price": "86",
        "price_per_unit": "600",
        "price_unit": "g"
      },
      {
        "state": "WA",
        "price": "86",
        "price_per_unit": "600",
        "price_unit": "g"
      },
      {
        "state": "SA",
        "price": "86",
        "price_per_unit": "600",
        "price_unit": "g"
      },
      {
        "state": "TAS",
        "price": "86",
        "price_per_unit": "600",
        "price_unit": "g"
      },
      {
        "state": "ACT",
        "price": "86",
        "price_per_unit": "600",
        "price_unit": "g"
      },
      {
        "state": "NT",
        "price": "86",
        "price_per_unit": "600",
        "price_unit": "g"
      }
    ]
  },
  {
    "source_url": "https://www.woolworths.com.au/shop/productdetails/232832/burgen-rye-low-gi-sliced-bread-loaf-bakery",
    "name": "Burgen Rye Low GI Sliced Bread Loaf Bakery 700g",
    "image_url": "https://cdn1.woolworths.media/content/wowproductimages/large/232832.jpg",
    "source_id": "Woolworths - 232832",
    "barcode": "9310043008941",
    "shop": "Woolworths",
    "category_id": "22060",
    "weight": "100G",
    "prices": [
      {
        "state": "NSW",
        "price": "600",
        "price_per_unit": "86",
        "price_unit": "G"
      },
      {
        "state": "VIC",
        "price": "600",
        "price_per_unit": "86",
        "price_unit": "G"
      },
      {
        "state": "QLD",
        "price": "600",
        "price_per_unit": "86",
        "price_unit": "G"
      },
      {
        "state": "WA",
        "price": "600",
        "price_per_unit": "86",
        "price_unit": "G"
      },
      {
        "state": "SA",
        "price": "600",
        "price_per_unit": "86",
        "price_unit": "G"
      },
      {
        "state": "TAS",
        "price": "600",
        "price_per_unit": "86",
        "price_unit": "G"
      },
      {
        "state": "ACT",
        "price": "600",
        "price_per_unit": "86",
        "price_unit": "G"
      }
    ]
  },
  {
    "source_url": "https://www.coles.com.au/product/burgen-wholemeal-and-seeds-bread-700g-5369358",
    "name": "Burgen Wholemeal & Seeds Bread | 700g",
    "image_url": "https://www.coles.com.au/_next/image?url=https%3A%2F%2Fproductimages.coles.com.au%2Fproductimages%2F5%2F5369358.jpg&w=640&q=90",
    "source_id": "Coles - 5369358",
    "barcode": "9310043008927",
    "shop": "coles",
    "category_id": "22060",
    "weight": "700g",
    "prices": [
      {
        "state": "VIC",
        "price": "86",
        "price_per_unit": "600",
        "price_unit": "g"
      },
      {
        "state": "NSW",
        "price": "86",
        "price_per_unit": "600",
        "price_unit": "g"
      },
      {
        "state": "QLD",
        "price": "86",
        "price_per_unit": "600",
        "price_unit": "g"
      },
      {
        "state": "WA",
        "price": "86",
        "price_per_unit": "600",
        "price_unit": "g"
      },
      {
        "state": "SA",
        "price": "86",
        "price_per_unit": "600",
        "price_unit": "g"
      },
      {
        "state": "TAS",
        "price": "86",
        "price_per_unit": "600",
        "price_unit": "g"
      },
      {
        "state": "ACT",
        "price": "86",
        "price_per_unit": "600",
        "price_unit": "g"
      },
      {
        "state": "NT",
        "price": "86",
        "price_per_unit": "600",
        "price_unit": "g"
      }
    ]
  },
  {
    "source_url": "https://www.woolworths.com.au/shop/productdetails/253921/burgen-wholemeal-seeds-low-gi-sliced-bread-loaf-bakery",
    "name": "Burgen Wholemeal & Seeds Low GI Sliced Bread Loaf Bakery 700g",
    "image_url": "https://cdn1.woolworths.media/content/wowproductimages/large/253921.jpg",
    "source_id": "Woolworths - 253921",
    "barcode": "9310043008927",
    "shop": "Woolworths",
    "category_id": "22060",
    "weight": "100G",
    "prices": [
      {
        "state": "NSW",
        "price": "600",
        "price_per_unit": "86",
        "price_unit": "G"
      },
      {
        "state": "VIC",
        "price": "600",
        "price_per_unit": "86",
        "price_unit": "G"
      },
      {
        "state": "QLD",
        "price": "600",
        "price_per_unit": "86",
        "price_unit": "G"
      },
      {
        "state": "WA",
        "price": "600",
        "price_per_unit": "86",
        "price_unit": "G"
      },
      {
        "state": "SA",
        "price": "600",
        "price_per_unit": "86",
        "price_unit": "G"
      },
      {
        "state": "TAS",
        "price": "600",
        "price_per_unit": "86",
        "price_unit": "G"
      },
      {
        "state": "ACT",
        "price": "600",
        "price_per_unit": "86",
        "price_unit": "G"
      }
    ]
  },
  {
    "source_url": "https://www.coles.com.au/product/buttercup-country-split-white-bread-450g-212790",
    "name": "Buttercup Country Split White Bread | 450g",
    "image_url": "https://www.coles.com.au/_next/image?url=https%3A%2F%2Fproductimages.coles.com.au%2Fproductimages%2F2%2F212790.jpg&w=640&q=90",
    "source_id": "Coles - 212790",
    "barcode": "9310283117915",
    "shop": "coles",
    "category_id": "22060",
    "weight": "450g",
    "prices": [
      {
        "state": "VIC",
        "price": "93",
        "price_per_unit": "420",
        "price_unit": "g"
      },
      {
        "state": "NSW",
        "price": "93",
        "price_per_unit": "420",
        "price_unit": "g"
      },
      {
        "state": "QLD",
        "price": "93",
        "price_per_unit": "420",
        "price_unit": "g"
      },
      {
        "state": "WA",
        "price": "93",
        "price_per_unit": "420",
        "price_unit": "g"
      },
      {
        "state": "SA",
        "price": "93",
        "price_per_unit": "420",
        "price_unit": "g"
      },
      {
        "state": "TAS",
        "price": "93",
        "price_per_unit": "420",
        "price_unit": "g"
      },
      {
        "state": "ACT",
        "price": "93",
        "price_per_unit": "420",
        "price_unit": "g"
      },
      {
        "state": "NT",
        "price": "93",
        "price_per_unit": "420",
        "price_unit": "g"
      }
    ]
  },
  {
    "source_url": "https://www.woolworths.com.au/shop/productdetails/28125/buttercup-country-split-white-bread",
    "name": "Buttercup Country Split White Bread 450g",
    "image_url": "https://cdn1.woolworths.media/content/wowproductimages/large/028125.jpg",
    "source_id": "Woolworths - 28125",
    "barcode": "9310283117915",
    "shop": "Woolworths",
    "category_id": "22060",
    "weight": "100G",
    "prices": [
      {
        "state": "NSW",
        "price": "420",
        "price_per_unit": "93",
        "price_unit": "G"
      },
      {
        "state": "VIC",
        "price": "420",
        "price_per_unit": "93",
        "price_unit": "G"
      },
      {
        "state": "QLD",
        "price": "420",
        "price_per_unit": "93",
        "price_unit": "G"
      },
      {
        "state": "WA",
        "price": "420",
        "price_per_unit": "93",
        "price_unit": "G"
      },
      {
        "state": "SA",
        "price": "420",
        "price_per_unit": "93",
        "price_unit": "G"
      },
      {
        "state": "TAS",
        "price": "420",
        "price_per_unit": "93",
        "price_unit": "G"
      },
      {
        "state": "ACT",
        "price": "420",
        "price_per_unit": "93",
        "price_unit": "G"
      },
      {
        "state": "NT",
        "price": "420",
        "price_per_unit": "93",
        "price_unit": "G"
      }
    ]
  },
  {
    "source_url": "https://www.coles.com.au/product/helgas-50percent-lower-carb-5-seeds-loaf-700g-4688485",
    "name": "Helgas 50% Lower Carb 5 Seeds Loaf | 700g",
    "image_url": "https://www.coles.com.au/_next/image?url=https%3A%2F%2Fproductimages.coles.com.au%2Fproductimages%2F4%2F4688485.jpg&w=640&q=90",
    "source_id": "Coles - 4688485",
    "barcode": "9310023145598",
    "shop": "coles",
    "category_id": "22060",
    "weight": "700g",
    "prices": [
      {
        "state": "VIC",
        "price": "80",
        "price_per_unit": "560",
        "price_unit": "g"
      },
      {
        "state": "NSW",
        "price": "80",
        "price_per_unit": "560",
        "price_unit": "g"
      },
      {
        "state": "QLD",
        "price": "80",
        "price_per_unit": "560",
        "price_unit": "g"
      },
      {
        "state": "WA",
        "price": "80",
        "price_per_unit": "560",
        "price_unit": "g"
      },
      {
        "state": "SA",
        "price": "80",
        "price_per_unit": "560",
        "price_unit": "g"
      },
      {
        "state": "TAS",
        "price": "80",
        "price_per_unit": "560",
        "price_unit": "g"
      },
      {
        "state": "ACT",
        "price": "80",
        "price_per_unit": "560",
        "price_unit": "g"
      }
    ]
  },
  {
    "source_url": "https://www.woolworths.com.au/shop/productdetails/184268/helga-s-50-lower-carb-5-seeds-loaf",
    "name": "Helga's 50% Lower Carb 5 Seeds Loaf 700g",
    "image_url": "https://cdn1.woolworths.media/content/wowproductimages/large/184268.jpg",
    "source_id": "Woolworths - 184268",
    "barcode": "9310023145598",
    "shop": "Woolworths",
    "category_id": "22060",
    "weight": "100G",
    "prices": [
      {
        "state": "NSW",
        "price": "560",
        "price_per_unit": "80",
        "price_unit": "G"
      },
      {
        "state": "VIC",
        "price": "560",
        "price_per_unit": "80",
        "price_unit": "G"
      },
      {
        "state": "QLD",
        "price": "560",
        "price_per_unit": "80",
        "price_unit": "G"
      },
      {
        "state": "WA",
        "price": "560",
        "price_per_unit": "80",
        "price_unit": "G"
      },
      {
        "state": "SA",
        "price": "560",
        "price_per_unit": "80",
        "price_unit": "G"
      },
      {
        "state": "TAS",
        "price": "560",
        "price_per_unit": "80",
        "price_unit": "G"
      },
      {
        "state": "ACT",
        "price": "560",
        "price_per_unit": "80",
        "price_unit": "G"
      }
    ]
  },
  {
    "source_url": "https://www.coles.com.au/product/helga's-light-rye-bread-680g-5072836",
    "name": "Helga's Light Rye Bread | 680g",
    "image_url": "https://www.coles.com.au/_next/image?url=https%3A%2F%2Fproductimages.coles.com.au%2Fproductimages%2F5%2F5072836.jpg&w=640&q=90",
    "source_id": "Coles - 5072836",
    "barcode": "9310128002314",
    "shop": "coles",
    "category_id": "22060",
    "weight": "680g",
    "prices": [
      {
        "state": "VIC",
        "price": "74",
        "price_per_unit": "500",
        "price_unit": "g"
      },
      {
        "state": "NSW",
        "price": "74",
        "price_per_unit": "500",
        "price_unit": "g"
      },
      {
        "state": "QLD",
        "price": "74",
        "price_per_unit": "500",
        "price_unit": "g"
      },
      {
        "state": "WA",
        "price": "74",
        "price_per_unit": "500",
        "price_unit": "g"
      },
      {
        "state": "SA",
        "price": "74",
        "price_per_unit": "500",
        "price_unit": "g"
      },
      {
        "state": "TAS",
        "price": "74",
        "price_per_unit": "500",
        "price_unit": "g"
      },
      {
        "state": "ACT",
        "price": "74",
        "price_per_unit": "500",
        "price_unit": "g"
      },
      {
        "state": "NT",
        "price": "74",
        "price_per_unit": "500",
        "price_unit": "g"
      }
    ]
  },
  {
    "source_url": "https://www.woolworths.com.au/shop/productdetails/75238/helga-s-bread-light-rye",
    "name": "Helga's Bread Light Rye 680g",
    "image_url": "https://cdn1.woolworths.media/content/wowproductimages/large/075238.jpg",
    "source_id": "Woolworths - 75238",
    "barcode": "9310128002314",
    "shop": "Woolworths",
    "category_id": "22060",
    "weight": "100G",
    "prices": [
      {
        "state": "NSW",
        "price": "500",
        "price_per_unit": "74",
        "price_unit": "G"
      },
      {
        "state": "VIC",
        "price": "500",
        "price_per_unit": "74",
        "price_unit": "G"
      },
      {
        "state": "QLD",
        "price": "500",
        "price_per_unit": "74",
        "price_unit": "G"
      },
      {
        "state": "WA",
        "price": "500",
        "price_per_unit": "74",
        "price_unit": "G"
      },
      {
        "state": "SA",
        "price": "500",
        "price_per_unit": "74",
        "price_unit": "G"
      },
      {
        "state": "TAS",
        "price": "500",
        "price_per_unit": "74",
        "price_unit": "G"
      },
      {
        "state": "ACT",
        "price": "500",
        "price_per_unit": "74",
        "price_unit": "G"
      },
      {
        "state": "NT",
        "price": "500",
        "price_per_unit": "74",
        "price_unit": "G"
      }
    ]
  },
  {
    "source_url": "https://www.coles.com.au/product/helga's-traditional-white-bread-750g-5969945",
    "name": "Helga's Traditional White Bread | 750g",
    "image_url": "https://www.coles.com.au/_next/image?url=https%3A%2F%2Fproductimages.coles.com.au%2Fproductimages%2F5%2F5969945.jpg&w=640&q=90",
    "source_id": "Coles - 5969945",
    "barcode": "9310128002482",
    "shop": "coles",
    "category_id": "22060",
    "weight": "750g",
    "prices": [
      {
        "state": "VIC",
        "price": "67",
        "price_per_unit": "500",
        "price_unit": "g"
      },
      {
        "state": "NSW",
        "price": "67",
        "price_per_unit": "500",
        "price_unit": "g"
      },
      {
        "state": "QLD",
        "price": "67",
        "price_per_unit": "500",
        "price_unit": "g"
      },
      {
        "state": "WA",
        "price": "67",
        "price_per_unit": "500",
        "price_unit": "g"
      },
      {
        "state": "SA",
        "price": "67",
        "price_per_unit": "500",
        "price_unit": "g"
      },
      {
        "state": "TAS",
        "price": "67",
        "price_per_unit": "500",
        "price_unit": "g"
      },
      {
        "state": "ACT",
        "price": "67",
        "price_per_unit": "500",
        "price_unit": "g"
      },
      {
        "state": "NT",
        "price": "67",
        "price_per_unit": "500",
        "price_unit": "g"
      }
    ]
  },
  {
    "source_url": "https://www.woolworths.com.au/shop/productdetails/84128/helga-s-bread-traditional-white",
    "name": "Helga's Bread Traditional White 750g",
    "image_url": "https://cdn1.woolworths.media/content/wowproductimages/large/084128.jpg",
    "source_id": "Woolworths - 84128",
    "barcode": "9310128002482",
    "shop": "Woolworths",
    "category_id": "22060",
    "weight": "100G",
    "prices": [
      {
        "state": "NSW",
        "price": "500",
        "price_per_unit": "67",
        "price_unit": "G"
      },
      {
        "state": "VIC",
        "price": "500",
        "price_per_unit": "67",
        "price_unit": "G"
      },
      {
        "state": "QLD",
        "price": "500",
        "price_per_unit": "67",
        "price_unit": "G"
      },
      {
        "state": "WA",
        "price": "500",
        "price_per_unit": "67",
        "price_unit": "G"
      },
      {
        "state": "SA",
        "price": "500",
        "price_per_unit": "67",
        "price_unit": "G"
      },
      {
        "state": "TAS",
        "price": "500",
        "price_per_unit": "67",
        "price_unit": "G"
      },
      {
        "state": "ACT",
        "price": "500",
        "price_per_unit": "67",
        "price_unit": "G"
      },
      {
        "state": "NT",
        "price": "500",
        "price_per_unit": "67",
        "price_unit": "G"
      }
    ]
  },
  {
    "source_url": "https://www.coles.com.au/product/helga's-traditional-wholemeal-bread-750g-5969435",
    "name": "Helga's Traditional Wholemeal Bread | 750g",
    "image_url": "https://www.coles.com.au/_next/image?url=https%3A%2F%2Fproductimages.coles.com.au%2Fproductimages%2F5%2F5969435.jpg&w=640&q=90",
    "source_id": "Coles - 5969435",
    "barcode": "9310128002499",
    "shop": "coles",
    "category_id": "22060",
    "weight": "750g",
    "prices": [
      {
        "state": "VIC",
        "price": "67",
        "price_per_unit": "500",
        "price_unit": "g"
      },
      {
        "state": "NSW",
        "price": "67",
        "price_per_unit": "500",
        "price_unit": "g"
      },
      {
        "state": "QLD",
        "price": "67",
        "price_per_unit": "500",
        "price_unit": "g"
      },
      {
        "state": "WA",
        "price": "67",
        "price_per_unit": "500",
        "price_unit": "g"
      },
      {
        "state": "SA",
        "price": "67",
        "price_per_unit": "500",
        "price_unit": "g"
      },
      {
        "state": "TAS",
        "price": "67",
        "price_per_unit": "500",
        "price_unit": "g"
      },
      {
        "state": "ACT",
        "price": "67",
        "price_per_unit": "500",
        "price_unit": "g"
      },
      {
        "state": "NT",
        "price": "67",
        "price_per_unit": "500",
        "price_unit": "g"
      }
    ]
  },
  {
    "source_url": "https://www.woolworths.com.au/shop/productdetails/84129/helga-s-bread-traditional-wholemeal",
    "name": "Helga's Bread Traditional Wholemeal 750g",
    "image_url": "https://cdn1.woolworths.media/content/wowproductimages/large/084129.jpg",
    "source_id": "Woolworths - 84129",
    "barcode": "9310128002499",
    "shop": "Woolworths",
    "category_id": "22060",
    "weight": "100G",
    "prices": [
      {
        "state": "NSW",
        "price": "500",
        "price_per_unit": "67",
        "price_unit": "G"
      },
      {
        "state": "VIC",
        "price": "500",
        "price_per_unit": "67",
        "price_unit": "G"
      },
      {
        "state": "QLD",
        "price": "500",
        "price_per_unit": "67",
        "price_unit": "G"
      },
      {
        "state": "WA",
        "price": "500",
        "price_per_unit": "67",
        "price_unit": "G"
      },
      {
        "state": "SA",
        "price": "500",
        "price_per_unit": "67",
        "price_unit": "G"
      },
      {
        "state": "TAS",
        "price": "500",
        "price_per_unit": "67",
        "price_unit": "G"
      },
      {
        "state": "ACT",
        "price": "500",
        "price_per_unit": "67",
        "price_unit": "G"
      },
      {
        "state": "NT",
        "price": "500",
        "price_per_unit": "67",
        "price_unit": "G"
      }
    ]
  },
  {
    "source_url": "https://www.coles.com.au/product/helga's-gluten-free-mixed-grain-bread-500g-3237968",
    "name": "Helga's Gluten Free Mixed Grain Bread | 500g",
    "image_url": "https://www.coles.com.au/_next/image?url=https%3A%2F%2Fproductimages.coles.com.au%2Fproductimages%2F3%2F3237968.jpg&w=640&q=90",
    "source_id": "Coles - 3237968",
    "barcode": "9310023144003",
    "shop": "coles",
    "category_id": "22060",
    "weight": "500g",
    "prices": [
      {
        "state": "VIC",
        "price": "156",
        "price_per_unit": "780",
        "price_unit": "g"
      },
      {
        "state": "NSW",
        "price": "156",
        "price_per_unit": "780",
        "price_unit": "g"
      },
      {
        "state": "QLD",
        "price": "156",
        "price_per_unit": "780",
        "price_unit": "g"
      },
      {
        "state": "SA",
        "price": "156",
        "price_per_unit": "780",
        "price_unit": "g"
      },
      {
        "state": "ACT",
        "price": "156",
        "price_per_unit": "780",
        "price_unit": "g"
      }
    ]
  },
  {
    "source_url": "https://www.woolworths.com.au/shop/productdetails/815271/helga-s-gluten-free-mixed-grains",
    "name": "Helga's Gluten Free Mixed Grains 500g",
    "image_url": "https://cdn1.woolworths.media/content/wowproductimages/large/815271.jpg",
    "source_id": "Woolworths - 815271",
    "barcode": "9310023144003",
    "shop": "Woolworths",
    "category_id": "22060",
    "weight": "100G",
    "prices": [
      {
        "state": "NSW",
        "price": "780",
        "price_per_unit": "156",
        "price_unit": "G"
      },
      {
        "state": "VIC",
        "price": "780",
        "price_per_unit": "156",
        "price_unit": "G"
      },
      {
        "state": "QLD",
        "price": "780",
        "price_per_unit": "156",
        "price_unit": "G"
      },
      {
        "state": "SA",
        "price": "780",
        "price_per_unit": "156",
        "price_unit": "G"
      },
      {
        "state": "ACT",
        "price": "780",
        "price_per_unit": "156",
        "price_unit": "G"
      }
    ]
  },
  {
    "source_url": "https://www.coles.com.au/product/helga's-gluten-free-traditional-wholemeal-bread-500g-3237957",
    "name": "Helga's Gluten Free Traditional Wholemeal Bread | 500g",
    "image_url": "https://www.coles.com.au/_next/image?url=https%3A%2F%2Fproductimages.coles.com.au%2Fproductimages%2F3%2F3237957.jpg&w=640&q=90",
    "source_id": "Coles - 3237957",
    "barcode": "9310023144034",
    "shop": "coles",
    "category_id": "22060",
    "weight": "500g",
    "prices": [
      {
        "state": "VIC",
        "price": "156",
        "price_per_unit": "780",
        "price_unit": "g"
      },
      {
        "state": "NSW",
        "price": "156",
        "price_per_unit": "780",
        "price_unit": "g"
      },
      {
        "state": "QLD",
        "price": "156",
        "price_per_unit": "780",
        "price_unit": "g"
      },
      {
        "state": "SA",
        "price": "156",
        "price_per_unit": "780",
        "price_unit": "g"
      },
      {
        "state": "ACT",
        "price": "156",
        "price_per_unit": "780",
        "price_unit": "g"
      }
    ]
  },
  {
    "source_url": "https://www.woolworths.com.au/shop/productdetails/688719/helga-s-gluten-free-wholemeal-loaf",
    "name": "Helga's Gluten Free Wholemeal Loaf 500g",
    "image_url": "https://cdn1.woolworths.media/content/wowproductimages/large/688719.jpg",
    "source_id": "Woolworths - 688719",
    "barcode": "9310023144034",
    "shop": "Woolworths",
    "category_id": "22060",
    "weight": "100G",
    "prices": [
      {
        "state": "NSW",
        "price": "780",
        "price_per_unit": "156",
        "price_unit": "G"
      },
      {
        "state": "VIC",
        "price": "780",
        "price_per_unit": "156",
        "price_unit": "G"
      },
      {
        "state": "QLD",
        "price": "780",
        "price_per_unit": "156",
        "price_unit": "G"
      },
      {
        "state": "SA",
        "price": "780",
        "price_per_unit": "156",
        "price_unit": "G"
      },
      {
        "state": "ACT",
        "price": "780",
        "price_per_unit": "156",
        "price_unit": "G"
      }
    ]
  },
  {
    "source_url": "https://www.coles.com.au/product/helga's-mixed-grain-bread-850g-6711227",
    "name": "Helga's Mixed Grain Bread | 850g",
    "image_url": "https://www.coles.com.au/_next/image?url=https%3A%2F%2Fproductimages.coles.com.au%2Fproductimages%2F6%2F6711227.jpg&w=640&q=90",
    "source_id": "Coles - 6711227",
    "barcode": "9310128002543",
    "shop": "coles",
    "category_id": "22060",
    "weight": "850g",
    "prices": [
      {
        "state": "VIC",
        "price": "59",
        "price_per_unit": "500",
        "price_unit": "g"
      },
      {
        "state": "NSW",
        "price": "59",
        "price_per_unit": "500",
        "price_unit": "g"
      },
      {
        "state": "QLD",
        "price": "59",
        "price_per_unit": "500",
        "price_unit": "g"
      },
      {
        "state": "WA",
        "price": "59",
        "price_per_unit": "500",
        "price_unit": "g"
      },
      {
        "state": "SA",
        "price": "59",
        "price_per_unit": "500",
        "price_unit": "g"
      },
      {
        "state": "TAS",
        "price": "59",
        "price_per_unit": "500",
        "price_unit": "g"
      },
      {
        "state": "ACT",
        "price": "59",
        "price_per_unit": "500",
        "price_unit": "g"
      },
      {
        "state": "NT",
        "price": "59",
        "price_per_unit": "500",
        "price_unit": "g"
      }
    ]
  },
  {
    "source_url": "https://www.woolworths.com.au/shop/productdetails/95872/helga-s-grain-bread-mixed-grain",
    "name": "Helga's Grain Bread Mixed Grain 850g",
    "image_url": "https://cdn1.woolworths.media/content/wowproductimages/large/095872.jpg",
    "source_id": "Woolworths - 95872",
    "barcode": "9310128002543",
    "shop": "Woolworths",
    "category_id": "22060",
    "weight": "100G",
    "prices": [
      {
        "state": "NSW",
        "price": "500",
        "price_per_unit": "59",
        "price_unit": "G"
      },
      {
        "state": "VIC",
        "price": "500",
        "price_per_unit": "59",
        "price_unit": "G"
      },
      {
        "state": "QLD",
        "price": "500",
        "price_per_unit": "59",
        "price_unit": "G"
      },
      {
        "state": "WA",
        "price": "500",
        "price_per_unit": "59",
        "price_unit": "G"
      },
      {
        "state": "SA",
        "price": "500",
        "price_per_unit": "59",
        "price_unit": "G"
      },
      {
        "state": "TAS",
        "price": "500",
        "price_per_unit": "59",
        "price_unit": "G"
      },
      {
        "state": "ACT",
        "price": "500",
        "price_per_unit": "59",
        "price_unit": "G"
      },
      {
        "state": "NT",
        "price": "500",
        "price_per_unit": "59",
        "price_unit": "G"
      }
    ]
  },
  {
    "source_url": "https://www.coles.com.au/product/helga's-soy-linseed-bread-850g-6913695",
    "name": "Helga's Soy Linseed Bread | 850g",
    "image_url": "https://www.coles.com.au/_next/image?url=https%3A%2F%2Fproductimages.coles.com.au%2Fproductimages%2F6%2F6913695.jpg&w=640&q=90",
    "source_id": "Coles - 6913695",
    "barcode": "9310128002550",
    "shop": "coles",
    "category_id": "22060",
    "weight": "850g",
    "prices": [
      {
        "state": "VIC",
        "price": "59",
        "price_per_unit": "500",
        "price_unit": "g"
      },
      {
        "state": "NSW",
        "price": "59",
        "price_per_unit": "500",
        "price_unit": "g"
      },
      {
        "state": "QLD",
        "price": "59",
        "price_per_unit": "500",
        "price_unit": "g"
      },
      {
        "state": "WA",
        "price": "59",
        "price_per_unit": "500",
        "price_unit": "g"
      },
      {
        "state": "SA",
        "price": "59",
        "price_per_unit": "500",
        "price_unit": "g"
      },
      {
        "state": "TAS",
        "price": "59",
        "price_per_unit": "500",
        "price_unit": "g"
      },
      {
        "state": "ACT",
        "price": "59",
        "price_per_unit": "500",
        "price_unit": "g"
      },
      {
        "state": "NT",
        "price": "59",
        "price_per_unit": "500",
        "price_unit": "g"
      }
    ]
  },
  {
    "source_url": "https://www.woolworths.com.au/shop/productdetails/94337/helga-s-grain-bread-soy-linseed",
    "name": "Helga's Grain Bread Soy & Linseed 750g",
    "image_url": "https://cdn1.woolworths.media/content/wowproductimages/large/094337.jpg",
    "source_id": "Woolworths - 94337",
    "barcode": "9310128002550",
    "shop": "Woolworths",
    "category_id": "22060",
    "weight": "100G",
    "prices": [
      {
        "state": "NSW",
        "price": "500",
        "price_per_unit": "59",
        "price_unit": "G"
      },
      {
        "state": "VIC",
        "price": "500",
        "price_per_unit": "59",
        "price_unit": "G"
      },
      {
        "state": "QLD",
        "price": "500",
        "price_per_unit": "59",
        "price_unit": "G"
      },
      {
        "state": "WA",
        "price": "500",
        "price_per_unit": "59",
        "price_unit": "G"
      },
      {
        "state": "SA",
        "price": "500",
        "price_per_unit": "59",
        "price_unit": "G"
      },
      {
        "state": "TAS",
        "price": "500",
        "price_per_unit": "59",
        "price_unit": "G"
      },
      {
        "state": "ACT",
        "price": "500",
        "price_per_unit": "59",
        "price_unit": "G"
      },
      {
        "state": "NT",
        "price": "500",
        "price_per_unit": "59",
        "price_unit": "G"
      }
    ]
  },
  {
    "source_url": "https://www.coles.com.au/product/helgas-grains-and-seeds-sourdough-bread-750g-4474878",
    "name": "Helgas Grains And Seeds Sourdough Bread | 750g",
    "image_url": "https://www.coles.com.au/_next/image?url=https%3A%2F%2Fproductimages.coles.com.au%2Fproductimages%2F4%2F4474878.jpg&w=640&q=90",
    "source_id": "Coles - 4474878",
    "barcode": "9310023145239",
    "shop": "coles",
    "category_id": "22060",
    "weight": "750g",
    "prices": [
      {
        "state": "VIC",
        "price": "67",
        "price_per_unit": "500",
        "price_unit": "g"
      },
      {
        "state": "NSW",
        "price": "67",
        "price_per_unit": "500",
        "price_unit": "g"
      },
      {
        "state": "QLD",
        "price": "67",
        "price_per_unit": "500",
        "price_unit": "g"
      },
      {
        "state": "WA",
        "price": "67",
        "price_per_unit": "500",
        "price_unit": "g"
      },
      {
        "state": "SA",
        "price": "67",
        "price_per_unit": "500",
        "price_unit": "g"
      },
      {
        "state": "TAS",
        "price": "67",
        "price_per_unit": "500",
        "price_unit": "g"
      },
      {
        "state": "ACT",
        "price": "67",
        "price_per_unit": "500",
        "price_unit": "g"
      }
    ]
  },
  {
    "source_url": "https://www.woolworths.com.au/shop/productdetails/166423/helga-s-grains-seeds-sourdough-loaf",
    "name": "Helga's Grains & Seeds Sourdough Loaf 750g",
    "image_url": "https://cdn1.woolworths.media/content/wowproductimages/large/166423.jpg",
    "source_id": "Woolworths - 166423",
    "barcode": "9310023145239",
    "shop": "Woolworths",
    "category_id": "22060",
    "weight": "100G",
    "prices": [
      {
        "state": "NSW",
        "price": "500",
        "price_per_unit": "67",
        "price_unit": "G"
      },
      {
        "state": "VIC",
        "price": "500",
        "price_per_unit": "67",
        "price_unit": "G"
      },
      {
        "state": "QLD",
        "price": "500",
        "price_per_unit": "67",
        "price_unit": "G"
      },
      {
        "state": "WA",
        "price": "500",
        "price_per_unit": "67",
        "price_unit": "G"
      },
      {
        "state": "SA",
        "price": "500",
        "price_per_unit": "67",
        "price_unit": "G"
      },
      {
        "state": "TAS",
        "price": "500",
        "price_per_unit": "67",
        "price_unit": "G"
      },
      {
        "state": "ACT",
        "price": "500",
        "price_per_unit": "67",
        "price_unit": "G"
      }
    ]
  },
  {
    "source_url": "https://www.coles.com.au/product/helga's-prebiotic-ancient-grains-seed-loaf-700g-5245355",
    "name": "Helga's Prebiotic Ancient Grains Seed Loaf | 700g",
    "image_url": "https://www.coles.com.au/_next/image?url=https%3A%2F%2Fproductimages.coles.com.au%2Fproductimages%2F5%2F5245355.jpg&w=640&q=90",
    "source_id": "Coles - 5245355",
    "barcode": "9310023145673",
    "shop": "coles",
    "category_id": "22060",
    "weight": "700g",
    "prices": [
      {
        "state": "VIC",
        "price": "80",
        "price_per_unit": "560",
        "price_unit": "g"
      },
      {
        "state": "NSW",
        "price": "80",
        "price_per_unit": "560",
        "price_unit": "g"
      },
      {
        "state": "QLD",
        "price": "80",
        "price_per_unit": "560",
        "price_unit": "g"
      },
      {
        "state": "SA",
        "price": "80",
        "price_per_unit": "560",
        "price_unit": "g"
      },
      {
        "state": "ACT",
        "price": "80",
        "price_per_unit": "560",
        "price_unit": "g"
      }
    ]
  },
  {
    "source_url": "https://www.woolworths.com.au/shop/productdetails/221345/helga-s-prebiotic-ancient-grains-seeds",
    "name": "Helga's Prebiotic Ancient Grains & Seeds 700g",
    "image_url": "https://cdn1.woolworths.media/content/wowproductimages/large/221345.jpg",
    "source_id": "Woolworths - 221345",
    "barcode": "9310023145673",
    "shop": "Woolworths",
    "category_id": "22060",
    "weight": "100G",
    "prices": [
      {
        "state": "NSW",
        "price": "560",
        "price_per_unit": "80",
        "price_unit": "G"
      },
      {
        "state": "VIC",
        "price": "560",
        "price_per_unit": "80",
        "price_unit": "G"
      },
      {
        "state": "QLD",
        "price": "560",
        "price_per_unit": "80",
        "price_unit": "G"
      },
      {
        "state": "WA",
        "price": "560",
        "price_per_unit": "80",
        "price_unit": "G"
      },
      {
        "state": "SA",
        "price": "560",
        "price_per_unit": "80",
        "price_unit": "G"
      },
      {
        "state": "ACT",
        "price": "560",
        "price_per_unit": "80",
        "price_unit": "G"
      }
    ]
  },
  {
    "source_url": "https://www.coles.com.au/product/helga's-protein-loaf-750g-7044048",
    "name": "Helga's Protein Loaf | 750g",
    "image_url": "https://www.coles.com.au/_next/image?url=https%3A%2F%2Fproductimages.coles.com.au%2Fproductimages%2F7%2F7044048.jpg&w=640&q=90",
    "source_id": "Coles - 7044048",
    "barcode": "9310023145918",
    "shop": "coles",
    "category_id": "22060",
    "weight": "750g",
    "prices": [
      {
        "state": "VIC",
        "price": "75",
        "price_per_unit": "560",
        "price_unit": "g"
      },
      {
        "state": "NSW",
        "price": "75",
        "price_per_unit": "560",
        "price_unit": "g"
      },
      {
        "state": "QLD",
        "price": "75",
        "price_per_unit": "560",
        "price_unit": "g"
      },
      {
        "state": "SA",
        "price": "75",
        "price_per_unit": "560",
        "price_unit": "g"
      },
      {
        "state": "ACT",
        "price": "75",
        "price_per_unit": "560",
        "price_unit": "g"
      }
    ]
  },
  {
    "source_url": "https://www.woolworths.com.au/shop/productdetails/299462/helga-s-protein-wholemeal-bread-loaf",
    "name": "Helga's Protein Wholemeal Bread Loaf 750g",
    "image_url": "https://cdn1.woolworths.media/content/wowproductimages/large/299462.jpg",
    "source_id": "Woolworths - 299462",
    "barcode": "9310023145918",
    "shop": "Woolworths",
    "category_id": "22060",
    "weight": "100G",
    "prices": [
      {
        "state": "NSW",
        "price": "560",
        "price_per_unit": "75",
        "price_unit": "G"
      },
      {
        "state": "VIC",
        "price": "560",
        "price_per_unit": "75",
        "price_unit": "G"
      },
      {
        "state": "QLD",
        "price": "560",
        "price_per_unit": "75",
        "price_unit": "G"
      },
      {
        "state": "SA",
        "price": "560",
        "price_per_unit": "75",
        "price_unit": "G"
      },
      {
        "state": "ACT",
        "price": "560",
        "price_per_unit": "75",
        "price_unit": "G"
      }
    ]
  },
  {
    "source_url": "https://www.coles.com.au/product/helga's-pumpkin-five-seed-bread-720g-6009530",
    "name": "Helga's Pumpkin Five Seed Bread | 720g",
    "image_url": "https://www.coles.com.au/_next/image?url=https%3A%2F%2Fproductimages.coles.com.au%2Fproductimages%2F6%2F6009530.jpg&w=640&q=90",
    "source_id": "Coles - 6009530",
    "barcode": "9310023139474",
    "shop": "coles",
    "category_id": "22060",
    "weight": "720g",
    "prices": [
      {
        "state": "VIC",
        "price": "69",
        "price_per_unit": "500",
        "price_unit": "g"
      },
      {
        "state": "NSW",
        "price": "69",
        "price_per_unit": "500",
        "price_unit": "g"
      },
      {
        "state": "QLD",
        "price": "69",
        "price_per_unit": "500",
        "price_unit": "g"
      },
      {
        "state": "WA",
        "price": "69",
        "price_per_unit": "500",
        "price_unit": "g"
      },
      {
        "state": "SA",
        "price": "69",
        "price_per_unit": "500",
        "price_unit": "g"
      },
      {
        "state": "TAS",
        "price": "69",
        "price_per_unit": "500",
        "price_unit": "g"
      },
      {
        "state": "ACT",
        "price": "69",
        "price_per_unit": "500",
        "price_unit": "g"
      },
      {
        "state": "NT",
        "price": "69",
        "price_per_unit": "500",
        "price_unit": "g"
      }
    ]
  },
  {
    "source_url": "https://www.woolworths.com.au/shop/productdetails/370814/helga-s-pumpkin-seed-grain",
    "name": "Helga's Pumpkin Seed & Grain 720g",
    "image_url": "https://cdn1.woolworths.media/content/wowproductimages/large/370814.jpg",
    "source_id": "Woolworths - 370814",
    "barcode": "9310023139474",
    "shop": "Woolworths",
    "category_id": "22060",
    "weight": "100G",
    "prices": [
      {
        "state": "NSW",
        "price": "500",
        "price_per_unit": "69",
        "price_unit": "G"
      },
      {
        "state": "VIC",
        "price": "500",
        "price_per_unit": "69",
        "price_unit": "G"
      },
      {
        "state": "QLD",
        "price": "500",
        "price_per_unit": "69",
        "price_unit": "G"
      },
      {
        "state": "WA",
        "price": "500",
        "price_per_unit": "69",
        "price_unit": "G"
      },
      {
        "state": "SA",
        "price": "500",
        "price_per_unit": "69",
        "price_unit": "G"
      },
      {
        "state": "TAS",
        "price": "500",
        "price_per_unit": "69",
        "price_unit": "G"
      },
      {
        "state": "ACT",
        "price": "500",
        "price_per_unit": "69",
        "price_unit": "G"
      },
      {
        "state": "NT",
        "price": "500",
        "price_per_unit": "69",
        "price_unit": "G"
      }
    ]
  },
  {
    "source_url": "https://www.coles.com.au/product/helga's-sourdough-bread-650g-3558247",
    "name": "Helga's Sourdough Bread | 650g",
    "image_url": "https://www.coles.com.au/_next/image?url=https%3A%2F%2Fproductimages.coles.com.au%2Fproductimages%2F3%2F3558247.jpg&w=640&q=90",
    "source_id": "Coles - 3558247",
    "barcode": "9310023144676",
    "shop": "coles",
    "category_id": "22060",
    "weight": "650g",
    "prices": [
      {
        "state": "VIC",
        "price": "77",
        "price_per_unit": "500",
        "price_unit": "g"
      },
      {
        "state": "NSW",
        "price": "77",
        "price_per_unit": "500",
        "price_unit": "g"
      },
      {
        "state": "QLD",
        "price": "77",
        "price_per_unit": "500",
        "price_unit": "g"
      },
      {
        "state": "WA",
        "price": "77",
        "price_per_unit": "500",
        "price_unit": "g"
      },
      {
        "state": "SA",
        "price": "77",
        "price_per_unit": "500",
        "price_unit": "g"
      },
      {
        "state": "TAS",
        "price": "77",
        "price_per_unit": "500",
        "price_unit": "g"
      },
      {
        "state": "ACT",
        "price": "77",
        "price_per_unit": "500",
        "price_unit": "g"
      }
    ]
  },
  {
    "source_url": "https://www.woolworths.com.au/shop/productdetails/16999/helga-s-sourdough-loaf",
    "name": "Helga's Sourdough Loaf 650g",
    "image_url": "https://cdn1.woolworths.media/content/wowproductimages/large/016999.jpg",
    "source_id": "Woolworths - 16999",
    "barcode": "9310023144676",
    "shop": "Woolworths",
    "category_id": "22060",
    "weight": "100G",
    "prices": [
      {
        "state": "NSW",
        "price": "500",
        "price_per_unit": "77",
        "price_unit": "G"
      },
      {
        "state": "VIC",
        "price": "500",
        "price_per_unit": "77",
        "price_unit": "G"
      },
      {
        "state": "QLD",
        "price": "500",
        "price_per_unit": "77",
        "price_unit": "G"
      },
      {
        "state": "WA",
        "price": "500",
        "price_per_unit": "77",
        "price_unit": "G"
      },
      {
        "state": "SA",
        "price": "500",
        "price_per_unit": "77",
        "price_unit": "G"
      },
      {
        "state": "TAS",
        "price": "500",
        "price_per_unit": "77",
        "price_unit": "G"
      },
      {
        "state": "ACT",
        "price": "500",
        "price_per_unit": "77",
        "price_unit": "G"
      }
    ]
  },
  {
    "source_url": "https://www.coles.com.au/product/helgas-mini-loaf-traditional-wholemeal-360g-3860887",
    "name": "Helgas Mini Loaf Traditional Wholemeal | 360g",
    "image_url": "https://www.coles.com.au/_next/image?url=https%3A%2F%2Fproductimages.coles.com.au%2Fproductimages%2F3%2F3860887.jpg&w=640&q=90",
    "source_id": "Coles - 3860887",
    "barcode": "9310023145024",
    "shop": "coles",
    "category_id": "22060",
    "weight": "360g",
    "prices": [
      {
        "state": "VIC",
        "price": "111",
        "price_per_unit": "400",
        "price_unit": "g"
      },
      {
        "state": "NSW",
        "price": "111",
        "price_per_unit": "400",
        "price_unit": "g"
      },
      {
        "state": "QLD",
        "price": "111",
        "price_per_unit": "400",
        "price_unit": "g"
      },
      {
        "state": "SA",
        "price": "111",
        "price_per_unit": "400",
        "price_unit": "g"
      },
      {
        "state": "ACT",
        "price": "111",
        "price_per_unit": "400",
        "price_unit": "g"
      }
    ]
  },
  {
    "source_url": "https://www.woolworths.com.au/shop/productdetails/103783/helga-s-traditional-wholemeal-mini-loaf",
    "name": "Helga's Traditional Wholemeal Mini Loaf 360g",
    "image_url": "https://cdn1.woolworths.media/content/wowproductimages/large/103783.jpg",
    "source_id": "Woolworths - 103783",
    "barcode": "9310023145024",
    "shop": "Woolworths",
    "category_id": "22060",
    "weight": "100G",
    "prices": [
      {
        "state": "NSW",
        "price": "400",
        "price_per_unit": "111",
        "price_unit": "G"
      },
      {
        "state": "VIC",
        "price": "400",
        "price_per_unit": "111",
        "price_unit": "G"
      },
      {
        "state": "QLD",
        "price": "400",
        "price_per_unit": "111",
        "price_unit": "G"
      },
      {
        "state": "SA",
        "price": "400",
        "price_per_unit": "111",
        "price_unit": "G"
      },
      {
        "state": "ACT",
        "price": "400",
        "price_per_unit": "111",
        "price_unit": "G"
      }
    ]
  },
  {
    "source_url": "https://www.coles.com.au/product/helga's-continental-bakehouse-wholemeal-grain-bread-850g-6676716",
    "name": "Helga's Continental Bakehouse Wholemeal Grain Bread | 850g",
    "image_url": "https://www.coles.com.au/_next/image?url=https%3A%2F%2Fproductimages.coles.com.au%2Fproductimages%2F6%2F6676716.jpg&w=640&q=90",
    "source_id": "Coles - 6676716",
    "barcode": "9310128002536",
    "shop": "coles",
    "category_id": "22060",
    "weight": "850g",
    "prices": [
      {
        "state": "VIC",
        "price": "59",
        "price_per_unit": "500",
        "price_unit": "g"
      },
      {
        "state": "NSW",
        "price": "59",
        "price_per_unit": "500",
        "price_unit": "g"
      },
      {
        "state": "QLD",
        "price": "59",
        "price_per_unit": "500",
        "price_unit": "g"
      },
      {
        "state": "WA",
        "price": "59",
        "price_per_unit": "500",
        "price_unit": "g"
      },
      {
        "state": "SA",
        "price": "59",
        "price_per_unit": "500",
        "price_unit": "g"
      },
      {
        "state": "TAS",
        "price": "59",
        "price_per_unit": "500",
        "price_unit": "g"
      },
      {
        "state": "ACT",
        "price": "59",
        "price_per_unit": "500",
        "price_unit": "g"
      }
    ]
  },
  {
    "source_url": "https://www.woolworths.com.au/shop/productdetails/75035/helga-s-wholemeal-bread-with-grains",
    "name": "Helga's Wholemeal Bread With Grains 850g",
    "image_url": "https://cdn1.woolworths.media/content/wowproductimages/large/075035.jpg",
    "source_id": "Woolworths - 75035",
    "barcode": "9310128002536",
    "shop": "Woolworths",
    "category_id": "22060",
    "weight": "100G",
    "prices": [
      {
        "state": "NSW",
        "price": "500",
        "price_per_unit": "59",
        "price_unit": "G"
      },
      {
        "state": "VIC",
        "price": "500",
        "price_per_unit": "59",
        "price_unit": "G"
      },
      {
        "state": "WA",
        "price": "500",
        "price_per_unit": "59",
        "price_unit": "G"
      },
      {
        "state": "SA",
        "price": "500",
        "price_per_unit": "59",
        "price_unit": "G"
      },
      {
        "state": "TAS",
        "price": "500",
        "price_per_unit": "59",
        "price_unit": "G"
      },
      {
        "state": "ACT",
        "price": "500",
        "price_per_unit": "59",
        "price_unit": "G"
      }
    ]
  },
  {
    "source_url": "https://www.coles.com.au/product/helgas-wholemeal-sourdough-bread-750g-4474845",
    "name": "Helgas Wholemeal Sourdough Bread | 750g",
    "image_url": "https://www.coles.com.au/_next/image?url=https%3A%2F%2Fproductimages.coles.com.au%2Fproductimages%2F4%2F4474845.jpg&w=640&q=90",
    "source_id": "Coles - 4474845",
    "barcode": "9310023145222",
    "shop": "coles",
    "category_id": "22060",
    "weight": "750g",
    "prices": [
      {
        "state": "VIC",
        "price": "67",
        "price_per_unit": "500",
        "price_unit": "g"
      },
      {
        "state": "NSW",
        "price": "67",
        "price_per_unit": "500",
        "price_unit": "g"
      },
      {
        "state": "QLD",
        "price": "67",
        "price_per_unit": "500",
        "price_unit": "g"
      },
      {
        "state": "WA",
        "price": "67",
        "price_per_unit": "500",
        "price_unit": "g"
      },
      {
        "state": "SA",
        "price": "67",
        "price_per_unit": "500",
        "price_unit": "g"
      },
      {
        "state": "TAS",
        "price": "67",
        "price_per_unit": "500",
        "price_unit": "g"
      },
      {
        "state": "ACT",
        "price": "67",
        "price_per_unit": "500",
        "price_unit": "g"
      }
    ]
  },
  {
    "source_url": "https://www.woolworths.com.au/shop/productdetails/166393/helga-s-wholemeal-sourdough-loaf",
    "name": "Helga's Wholemeal Sourdough Loaf 750g",
    "image_url": "https://cdn1.woolworths.media/content/wowproductimages/large/166393.jpg",
    "source_id": "Woolworths - 166393",
    "barcode": "9310023145222",
    "shop": "Woolworths",
    "category_id": "22060",
    "weight": "100G",
    "prices": [
      {
        "state": "NSW",
        "price": "500",
        "price_per_unit": "67",
        "price_unit": "G"
      },
      {
        "state": "VIC",
        "price": "500",
        "price_per_unit": "67",
        "price_unit": "G"
      },
      {
        "state": "QLD",
        "price": "500",
        "price_per_unit": "67",
        "price_unit": "G"
      },
      {
        "state": "WA",
        "price": "500",
        "price_per_unit": "67",
        "price_unit": "G"
      },
      {
        "state": "SA",
        "price": "500",
        "price_per_unit": "67",
        "price_unit": "G"
      },
      {
        "state": "TAS",
        "price": "500",
        "price_per_unit": "67",
        "price_unit": "G"
      },
      {
        "state": "ACT",
        "price": "500",
        "price_per_unit": "67",
        "price_unit": "G"
      }
    ]
  },
  {
    "source_url": "https://www.coles.com.au/product/tip-top-9-grain-classic-sandwich-700g-9201680",
    "name": "Tip Top 9 Grain Classic Sandwich | 700g",
    "image_url": "https://www.coles.com.au/_next/image?url=https%3A%2F%2Fproductimages.coles.com.au%2Fproductimages%2F9%2F9201680.jpg&w=640&q=90",
    "source_id": "Coles - 9201680",
    "barcode": "9310043009900",
    "shop": "coles",
    "category_id": "22060",
    "weight": "700g",
    "prices": [
      {
        "state": "VIC",
        "price": "64",
        "price_per_unit": "450",
        "price_unit": "g"
      },
      {
        "state": "NSW",
        "price": "64",
        "price_per_unit": "450",
        "price_unit": "g"
      },
      {
        "state": "QLD",
        "price": "64",
        "price_per_unit": "450",
        "price_unit": "g"
      },
      {
        "state": "WA",
        "price": "64",
        "price_per_unit": "450",
        "price_unit": "g"
      },
      {
        "state": "SA",
        "price": "64",
        "price_per_unit": "450",
        "price_unit": "g"
      },
      {
        "state": "ACT",
        "price": "64",
        "price_per_unit": "450",
        "price_unit": "g"
      }
    ]
  },
  {
    "source_url": "https://www.woolworths.com.au/shop/productdetails/197276/tip-top-9-grain-classic-sandwich-slice-bread-loaf-bakery",
    "name": "Tip Top 9 Grain Classic Sandwich Slice Bread Loaf Bakery 700g",
    "image_url": "https://cdn1.woolworths.media/content/wowproductimages/large/197276.jpg",
    "source_id": "Woolworths - 197276",
    "barcode": "9310043009900",
    "shop": "Woolworths",
    "category_id": "22060",
    "weight": "100G",
    "prices": [
      {
        "state": "NSW",
        "price": "450",
        "price_per_unit": "64",
        "price_unit": "G"
      },
      {
        "state": "VIC",
        "price": "450",
        "price_per_unit": "64",
        "price_unit": "G"
      },
      {
        "state": "QLD",
        "price": "450",
        "price_per_unit": "64",
        "price_unit": "G"
      },
      {
        "state": "WA",
        "price": "450",
        "price_per_unit": "64",
        "price_unit": "G"
      },
      {
        "state": "SA",
        "price": "450",
        "price_per_unit": "64",
        "price_unit": "G"
      },
      {
        "state": "ACT",
        "price": "450",
        "price_per_unit": "64",
        "price_unit": "G"
      },
      {
        "state": "NT",
        "price": "450",
        "price_per_unit": "64",
        "price_unit": "G"
      }
    ]
  },
  {
    "source_url": "https://www.coles.com.au/product/tip-top-9-grain-wholemeal-sandwich-750g-6010561",
    "name": "Tip Top 9 Grain Wholemeal Sandwich | 750g",
    "image_url": "https://www.coles.com.au/_next/image?url=https%3A%2F%2Fproductimages.coles.com.au%2Fproductimages%2F6%2F6010561.jpg&w=640&q=90",
    "source_id": "Coles - 6010561",
    "barcode": "9339423001075",
    "shop": "coles",
    "category_id": "22060",
    "weight": "750g",
    "prices": [
      {
        "state": "VIC",
        "price": "60",
        "price_per_unit": "450",
        "price_unit": "g"
      },
      {
        "state": "NSW",
        "price": "60",
        "price_per_unit": "450",
        "price_unit": "g"
      },
      {
        "state": "QLD",
        "price": "60",
        "price_per_unit": "450",
        "price_unit": "g"
      },
      {
        "state": "SA",
        "price": "60",
        "price_per_unit": "450",
        "price_unit": "g"
      },
      {
        "state": "ACT",
        "price": "60",
        "price_per_unit": "450",
        "price_unit": "g"
      }
    ]
  },
  {
    "source_url": "https://www.woolworths.com.au/shop/productdetails/263634/tip-top-9-grain-wholemeal-sandwich-slice-bread-loaf-bakery",
    "name": "Tip Top 9 Grain Wholemeal Sandwich Slice Bread Loaf Bakery 750g",
    "image_url": "https://cdn1.woolworths.media/content/wowproductimages/large/263634.jpg",
    "source_id": "Woolworths - 263634",
    "barcode": "9339423001075",
    "shop": "Woolworths",
    "category_id": "22060",
    "weight": "100G",
    "prices": [
      {
        "state": "NSW",
        "price": "450",
        "price_per_unit": "60",
        "price_unit": "G"
      },
      {
        "state": "VIC",
        "price": "450",
        "price_per_unit": "60",
        "price_unit": "G"
      },
      {
        "state": "QLD",
        "price": "450",
        "price_per_unit": "60",
        "price_unit": "G"
      },
      {
        "state": "SA",
        "price": "450",
        "price_per_unit": "60",
        "price_unit": "G"
      },
      {
        "state": "ACT",
        "price": "450",
        "price_per_unit": "60",
        "price_unit": "G"
      }
    ]
  },
  {
    "source_url": "https://www.coles.com.au/product/tip-top-sunblest-white-bread-650g-7953924",
    "name": "Tip Top Sunblest White Bread | 650g",
    "image_url": "https://www.coles.com.au/_next/image?url=https%3A%2F%2Fproductimages.coles.com.au%2Fproductimages%2F7%2F7953924.jpg&w=640&q=90",
    "source_id": "Coles - 7953924",
    "barcode": "9310043008637",
    "shop": "coles",
    "category_id": "22060",
    "weight": "650g",
    "prices": [
      {
        "state": "VIC",
        "price": "63",
        "price_per_unit": "410",
        "price_unit": "g"
      },
      {
        "state": "NSW",
        "price": "63",
        "price_per_unit": "410",
        "price_unit": "g"
      },
      {
        "state": "WA",
        "price": "63",
        "price_per_unit": "410",
        "price_unit": "g"
      },
      {
        "state": "SA",
        "price": "63",
        "price_per_unit": "410",
        "price_unit": "g"
      },
      {
        "state": "ACT",
        "price": "63",
        "price_per_unit": "410",
        "price_unit": "g"
      }
    ]
  },
  {
    "source_url": "https://www.woolworths.com.au/shop/productdetails/19899/tip-top-sunblest-soft-white-sandwich-slice-bread-loaf-bakery",
    "name": "Tip Top Sunblest Soft White Sandwich Slice Bread Loaf Bakery 650g",
    "image_url": "https://cdn1.woolworths.media/content/wowproductimages/large/019899.jpg",
    "source_id": "Woolworths - 19899",
    "barcode": "9310043008637",
    "shop": "Woolworths",
    "category_id": "22060",
    "weight": "100G",
    "prices": [
      {
        "state": "NSW",
        "price": "410",
        "price_per_unit": "63",
        "price_unit": "G"
      },
      {
        "state": "VIC",
        "price": "410",
        "price_per_unit": "63",
        "price_unit": "G"
      },
      {
        "state": "SA",
        "price": "410",
        "price_per_unit": "63",
        "price_unit": "G"
      },
      {
        "state": "ACT",
        "price": "410",
        "price_per_unit": "63",
        "price_unit": "G"
      }
    ]
  },
  {
    "source_url": "https://www.coles.com.au/product/tip-top-sunblest-soft-white-toast-bread-650g-7953957",
    "name": "Tip Top Sunblest Soft White Toast Bread | 650g",
    "image_url": "https://www.coles.com.au/_next/image?url=https%3A%2F%2Fproductimages.coles.com.au%2Fproductimages%2F7%2F7953957.jpg&w=640&q=90",
    "source_id": "Coles - 7953957",
    "barcode": "9310043008644",
    "shop": "coles",
    "category_id": "22060",
    "weight": "650g",
    "prices": [
      {
        "state": "VIC",
        "price": "63",
        "price_per_unit": "410",
        "price_unit": "g"
      },
      {
        "state": "NSW",
        "price": "63",
        "price_per_unit": "410",
        "price_unit": "g"
      },
      {
        "state": "WA",
        "price": "63",
        "price_per_unit": "410",
        "price_unit": "g"
      },
      {
        "state": "SA",
        "price": "63",
        "price_per_unit": "410",
        "price_unit": "g"
      },
      {
        "state": "ACT",
        "price": "63",
        "price_per_unit": "410",
        "price_unit": "g"
      }
    ]
  },
  {
    "source_url": "https://www.woolworths.com.au/shop/productdetails/49609/tip-top-sunblest-soft-white-toast-slice-bread-loaf-bakery",
    "name": "Tip Top Sunblest Soft White Toast Slice Bread Loaf Bakery 650g",
    "image_url": "https://cdn1.woolworths.media/content/wowproductimages/large/049609.jpg",
    "source_id": "Woolworths - 49609",
    "barcode": "9310043008644",
    "shop": "Woolworths",
    "category_id": "22060",
    "weight": "100G",
    "prices": [
      {
        "state": "NSW",
        "price": "410",
        "price_per_unit": "63",
        "price_unit": "G"
      },
      {
        "state": "VIC",
        "price": "410",
        "price_per_unit": "63",
        "price_unit": "G"
      },
      {
        "state": "SA",
        "price": "410",
        "price_per_unit": "63",
        "price_unit": "G"
      },
      {
        "state": "ACT",
        "price": "410",
        "price_per_unit": "63",
        "price_unit": "G"
      }
    ]
  },
  {
    "source_url": "https://www.coles.com.au/product/tip-top-the-one-gluten-free-smooth-wholegrain-550g-5749734",
    "name": "Tip Top The One Gluten Free Smooth Wholegrain | 550g",
    "image_url": "https://www.coles.com.au/_next/image?url=https%3A%2F%2Fproductimages.coles.com.au%2Fproductimages%2F5%2F5749734.jpg&w=640&q=90",
    "source_id": "Coles - 5749734",
    "barcode": "9339423009088",
    "shop": "coles",
    "category_id": "22060",
    "weight": "550g",
    "prices": [
      {
        "state": "VIC",
        "price": "133",
        "price_per_unit": "730",
        "price_unit": "g"
      },
      {
        "state": "NSW",
        "price": "133",
        "price_per_unit": "730",
        "price_unit": "g"
      },
      {
        "state": "QLD",
        "price": "133",
        "price_per_unit": "730",
        "price_unit": "g"
      },
      {
        "state": "WA",
        "price": "133",
        "price_per_unit": "730",
        "price_unit": "g"
      },
      {
        "state": "SA",
        "price": "133",
        "price_per_unit": "730",
        "price_unit": "g"
      },
      {
        "state": "ACT",
        "price": "133",
        "price_per_unit": "730",
        "price_unit": "g"
      }
    ]
  },
  {
    "source_url": "https://www.woolworths.com.au/shop/productdetails/218375/tip-top-the-one-gluten-free-smooth-wholegrain-bread-loaf-bakery",
    "name": "Tip Top The One Gluten Free Smooth Wholegrain Bread Loaf Bakery 550g",
    "image_url": "https://cdn1.woolworths.media/content/wowproductimages/large/218375.jpg",
    "source_id": "Woolworths - 218375",
    "barcode": "9339423009088",
    "shop": "Woolworths",
    "category_id": "22060",
    "weight": "100G",
    "prices": [
      {
        "state": "NSW",
        "price": "730",
        "price_per_unit": "133",
        "price_unit": "G"
      },
      {
        "state": "VIC",
        "price": "730",
        "price_per_unit": "133",
        "price_unit": "G"
      },
      {
        "state": "QLD",
        "price": "730",
        "price_per_unit": "133",
        "price_unit": "G"
      },
      {
        "state": "WA",
        "price": "730",
        "price_per_unit": "133",
        "price_unit": "G"
      },
      {
        "state": "SA",
        "price": "730",
        "price_per_unit": "133",
        "price_unit": "G"
      },
      {
        "state": "TAS",
        "price": "730",
        "price_per_unit": "133",
        "price_unit": "G"
      },
      {
        "state": "ACT",
        "price": "730",
        "price_per_unit": "133",
        "price_unit": "G"
      },
      {
        "state": "NT",
        "price": "730",
        "price_per_unit": "133",
        "price_unit": "G"
      }
    ]
  },
  {
    "source_url": "https://www.coles.com.au/product/tip-top-the-one-gluten-free-white-550g-4405660",
    "name": "Tip Top The One Gluten Free White | 550g",
    "image_url": "https://www.coles.com.au/_next/image?url=https%3A%2F%2Fproductimages.coles.com.au%2Fproductimages%2F4%2F4405660.jpg&w=640&q=90",
    "source_id": "Coles - 4405660",
    "barcode": "9339423009071",
    "shop": "coles",
    "category_id": "22060",
    "weight": "550g",
    "prices": [
      {
        "state": "VIC",
        "price": "133",
        "price_per_unit": "730",
        "price_unit": "g"
      },
      {
        "state": "NSW",
        "price": "133",
        "price_per_unit": "730",
        "price_unit": "g"
      },
      {
        "state": "QLD",
        "price": "133",
        "price_per_unit": "730",
        "price_unit": "g"
      },
      {
        "state": "WA",
        "price": "133",
        "price_per_unit": "730",
        "price_unit": "g"
      },
      {
        "state": "SA",
        "price": "133",
        "price_per_unit": "730",
        "price_unit": "g"
      },
      {
        "state": "ACT",
        "price": "133",
        "price_per_unit": "730",
        "price_unit": "g"
      }
    ]
  },
  {
    "source_url": "https://www.woolworths.com.au/shop/productdetails/165306/tip-top-the-one-gluten-free-white-bread-loaf-sandwich-bakery",
    "name": "Tip Top The One Gluten Free White Bread Loaf Sandwich Bakery 550g",
    "image_url": "https://cdn1.woolworths.media/content/wowproductimages/large/165306.jpg",
    "source_id": "Woolworths - 165306",
    "barcode": "9339423009071",
    "shop": "Woolworths",
    "category_id": "22060",
    "weight": "100G",
    "prices": [
      {
        "state": "NSW",
        "price": "730",
        "price_per_unit": "133",
        "price_unit": "G"
      },
      {
        "state": "VIC",
        "price": "730",
        "price_per_unit": "133",
        "price_unit": "G"
      },
      {
        "state": "QLD",
        "price": "730",
        "price_per_unit": "133",
        "price_unit": "G"
      },
      {
        "state": "WA",
        "price": "730",
        "price_per_unit": "133",
        "price_unit": "G"
      },
      {
        "state": "SA",
        "price": "730",
        "price_per_unit": "133",
        "price_unit": "G"
      },
      {
        "state": "TAS",
        "price": "730",
        "price_per_unit": "133",
        "price_unit": "G"
      },
      {
        "state": "ACT",
        "price": "730",
        "price_per_unit": "133",
        "price_unit": "G"
      },
      {
        "state": "NT",
        "price": "730",
        "price_per_unit": "133",
        "price_unit": "G"
      }
    ]
  },
  {
    "source_url": "https://www.coles.com.au/product/tip-top-the-one-white-sandwich-bread-700g-8956156",
    "name": "Tip Top The One White Sandwich Bread | 700g",
    "image_url": "https://www.coles.com.au/_next/image?url=https%3A%2F%2Fproductimages.coles.com.au%2Fproductimages%2F8%2F8956156.jpg&w=640&q=90",
    "source_id": "Coles - 8956156",
    "barcode": "9339423004809",
    "shop": "coles",
    "category_id": "22060",
    "weight": "700g",
    "prices": [
      {
        "state": "VIC",
        "price": "64",
        "price_per_unit": "450",
        "price_unit": "g"
      },
      {
        "state": "NSW",
        "price": "64",
        "price_per_unit": "450",
        "price_unit": "g"
      },
      {
        "state": "QLD",
        "price": "64",
        "price_per_unit": "450",
        "price_unit": "g"
      },
      {
        "state": "WA",
        "price": "64",
        "price_per_unit": "450",
        "price_unit": "g"
      },
      {
        "state": "SA",
        "price": "64",
        "price_per_unit": "450",
        "price_unit": "g"
      },
      {
        "state": "ACT",
        "price": "64",
        "price_per_unit": "450",
        "price_unit": "g"
      },
      {
        "state": "NT",
        "price": "64",
        "price_per_unit": "450",
        "price_unit": "g"
      }
    ]
  },
  {
    "source_url": "https://www.woolworths.com.au/shop/productdetails/713816/tip-top-the-one-white-sandwich-slice-bread-loaf-bakery",
    "name": "Tip Top The One White Sandwich Slice Bread Loaf Bakery 700g",
    "image_url": "https://cdn1.woolworths.media/content/wowproductimages/large/713816.jpg",
    "source_id": "Woolworths - 713816",
    "barcode": "9339423004809",
    "shop": "Woolworths",
    "category_id": "22060",
    "weight": "100G",
    "prices": [
      {
        "state": "NSW",
        "price": "450",
        "price_per_unit": "64",
        "price_unit": "G"
      },
      {
        "state": "VIC",
        "price": "450",
        "price_per_unit": "64",
        "price_unit": "G"
      },
      {
        "state": "QLD",
        "price": "450",
        "price_per_unit": "64",
        "price_unit": "G"
      },
      {
        "state": "WA",
        "price": "450",
        "price_per_unit": "64",
        "price_unit": "G"
      },
      {
        "state": "SA",
        "price": "450",
        "price_per_unit": "64",
        "price_unit": "G"
      },
      {
        "state": "ACT",
        "price": "450",
        "price_per_unit": "64",
        "price_unit": "G"
      },
      {
        "state": "NT",
        "price": "450",
        "price_per_unit": "64",
        "price_unit": "G"
      }
    ]
  },
  {
    "source_url": "https://www.coles.com.au/product/tip-top-the-one-white-toast-bread-700g-8956189",
    "name": "Tip Top The One White Toast Bread | 700g",
    "image_url": "https://www.coles.com.au/_next/image?url=https%3A%2F%2Fproductimages.coles.com.au%2Fproductimages%2F8%2F8956189.jpg&w=640&q=90",
    "source_id": "Coles - 8956189",
    "barcode": "9339423004816",
    "shop": "coles",
    "category_id": "22060",
    "weight": "700g",
    "prices": [
      {
        "state": "VIC",
        "price": "64",
        "price_per_unit": "450",
        "price_unit": "g"
      },
      {
        "state": "NSW",
        "price": "64",
        "price_per_unit": "450",
        "price_unit": "g"
      },
      {
        "state": "QLD",
        "price": "64",
        "price_per_unit": "450",
        "price_unit": "g"
      },
      {
        "state": "WA",
        "price": "64",
        "price_per_unit": "450",
        "price_unit": "g"
      },
      {
        "state": "SA",
        "price": "64",
        "price_per_unit": "450",
        "price_unit": "g"
      },
      {
        "state": "ACT",
        "price": "64",
        "price_per_unit": "450",
        "price_unit": "g"
      },
      {
        "state": "NT",
        "price": "64",
        "price_per_unit": "450",
        "price_unit": "g"
      }
    ]
  },
  {
    "source_url": "https://www.woolworths.com.au/shop/productdetails/713834/tip-top-the-one-white-toast-slice-bread-loaf-bakery",
    "name": "Tip Top The One White Toast Slice Bread Loaf Bakery 700g",
    "image_url": "https://cdn1.woolworths.media/content/wowproductimages/large/713834.jpg",
    "source_id": "Woolworths - 713834",
    "barcode": "9339423004816",
    "shop": "Woolworths",
    "category_id": "22060",
    "weight": "100G",
    "prices": [
      {
        "state": "NSW",
        "price": "450",
        "price_per_unit": "64",
        "price_unit": "G"
      },
      {
        "state": "VIC",
        "price": "450",
        "price_per_unit": "64",
        "price_unit": "G"
      },
      {
        "state": "QLD",
        "price": "450",
        "price_per_unit": "64",
        "price_unit": "G"
      },
      {
        "state": "WA",
        "price": "450",
        "price_per_unit": "64",
        "price_unit": "G"
      },
      {
        "state": "SA",
        "price": "450",
        "price_per_unit": "64",
        "price_unit": "G"
      },
      {
        "state": "ACT",
        "price": "450",
        "price_per_unit": "64",
        "price_unit": "G"
      }
    ]
  },
  {
    "source_url": "https://www.coles.com.au/product/tip-top-the-one-wholemeal-sandwich-bread-700g-1139480",
    "name": "Tip Top The One Wholemeal Sandwich Bread | 700g",
    "image_url": "https://www.coles.com.au/_next/image?url=https%3A%2F%2Fproductimages.coles.com.au%2Fproductimages%2F1%2F1139480.jpg&w=640&q=90",
    "source_id": "Coles - 1139480",
    "barcode": "9339423005035",
    "shop": "coles",
    "category_id": "22060",
    "weight": "700g",
    "prices": [
      {
        "state": "VIC",
        "price": "64",
        "price_per_unit": "450",
        "price_unit": "g"
      },
      {
        "state": "NSW",
        "price": "64",
        "price_per_unit": "450",
        "price_unit": "g"
      },
      {
        "state": "QLD",
        "price": "64",
        "price_per_unit": "450",
        "price_unit": "g"
      },
      {
        "state": "WA",
        "price": "64",
        "price_per_unit": "450",
        "price_unit": "g"
      },
      {
        "state": "SA",
        "price": "64",
        "price_per_unit": "450",
        "price_unit": "g"
      },
      {
        "state": "ACT",
        "price": "64",
        "price_per_unit": "450",
        "price_unit": "g"
      },
      {
        "state": "NT",
        "price": "64",
        "price_per_unit": "450",
        "price_unit": "g"
      }
    ]
  },
  {
    "source_url": "https://www.woolworths.com.au/shop/productdetails/749588/tip-top-the-one-wholemeal-bread-sandwich-slice-loaf-bakery",
    "name": "Tip Top The One Wholemeal Bread Sandwich Slice Loaf Bakery 700g",
    "image_url": "https://cdn1.woolworths.media/content/wowproductimages/large/749588.jpg",
    "source_id": "Woolworths - 749588",
    "barcode": "9339423005035",
    "shop": "Woolworths",
    "category_id": "22060",
    "weight": "100G",
    "prices": [
      {
        "state": "NSW",
        "price": "450",
        "price_per_unit": "64",
        "price_unit": "G"
      },
      {
        "state": "VIC",
        "price": "450",
        "price_per_unit": "64",
        "price_unit": "G"
      },
      {
        "state": "QLD",
        "price": "450",
        "price_per_unit": "64",
        "price_unit": "G"
      },
      {
        "state": "WA",
        "price": "450",
        "price_per_unit": "64",
        "price_unit": "G"
      },
      {
        "state": "SA",
        "price": "450",
        "price_per_unit": "64",
        "price_unit": "G"
      },
      {
        "state": "ACT",
        "price": "450",
        "price_per_unit": "64",
        "price_unit": "G"
      },
      {
        "state": "NT",
        "price": "450",
        "price_per_unit": "64",
        "price_unit": "G"
      }
    ]
  },
  {
    "source_url": "https://www.coles.com.au/product/wonder-mini-loaf-white-sandwich-vit-min-320g-3860901",
    "name": "Wonder Mini Loaf White Sandwich Vit Min | 320g",
    "image_url": "https://www.coles.com.au/_next/image?url=https%3A%2F%2Fproductimages.coles.com.au%2Fproductimages%2F3%2F3860901.jpg&w=640&q=90",
    "source_id": "Coles - 3860901",
    "barcode": "9310023145048",
    "shop": "coles",
    "category_id": "22060",
    "weight": "320g",
    "prices": [
      {
        "state": "VIC",
        "price": "109",
        "price_per_unit": "350",
        "price_unit": "g"
      },
      {
        "state": "NSW",
        "price": "109",
        "price_per_unit": "350",
        "price_unit": "g"
      },
      {
        "state": "QLD",
        "price": "109",
        "price_per_unit": "350",
        "price_unit": "g"
      },
      {
        "state": "SA",
        "price": "109",
        "price_per_unit": "350",
        "price_unit": "g"
      },
      {
        "state": "ACT",
        "price": "109",
        "price_per_unit": "350",
        "price_unit": "g"
      }
    ]
  },
  {
    "source_url": "https://www.woolworths.com.au/shop/productdetails/103726/wonder-sandwich-white-mini-loaf",
    "name": "Wonder Sandwich White Mini Loaf 320g",
    "image_url": "https://cdn1.woolworths.media/content/wowproductimages/large/103726.jpg",
    "source_id": "Woolworths - 103726",
    "barcode": "9310023145048",
    "shop": "Woolworths",
    "category_id": "22060",
    "weight": "100G",
    "prices": [
      {
        "state": "NSW",
        "price": "350",
        "price_per_unit": "109",
        "price_unit": "G"
      },
      {
        "state": "VIC",
        "price": "350",
        "price_per_unit": "109",
        "price_unit": "G"
      },
      {
        "state": "QLD",
        "price": "350",
        "price_per_unit": "109",
        "price_unit": "G"
      },
      {
        "state": "SA",
        "price": "350",
        "price_per_unit": "109",
        "price_unit": "G"
      },
      {
        "state": "ACT",
        "price": "350",
        "price_per_unit": "109",
        "price_unit": "G"
      }
    ]
  },
  {
    "source_url": "https://www.coles.com.au/product/wonder-white-bread-+-vitamins-and-mineral-700g-5795130",
    "name": "Wonder White Bread + Vitamins & Mineral | 700g",
    "image_url": "https://www.coles.com.au/_next/image?url=https%3A%2F%2Fproductimages.coles.com.au%2Fproductimages%2F5%2F5795130.jpg&w=640&q=90",
    "source_id": "Coles - 5795130",
    "barcode": "9310023138705",
    "shop": "coles",
    "category_id": "22060",
    "weight": "700g",
    "prices": [
      {
        "state": "VIC",
        "price": "64",
        "price_per_unit": "450",
        "price_unit": "g"
      },
      {
        "state": "NSW",
        "price": "64",
        "price_per_unit": "450",
        "price_unit": "g"
      },
      {
        "state": "QLD",
        "price": "64",
        "price_per_unit": "450",
        "price_unit": "g"
      },
      {
        "state": "WA",
        "price": "64",
        "price_per_unit": "450",
        "price_unit": "g"
      },
      {
        "state": "SA",
        "price": "64",
        "price_per_unit": "450",
        "price_unit": "g"
      },
      {
        "state": "TAS",
        "price": "64",
        "price_per_unit": "450",
        "price_unit": "g"
      },
      {
        "state": "ACT",
        "price": "64",
        "price_per_unit": "450",
        "price_unit": "g"
      },
      {
        "state": "NT",
        "price": "64",
        "price_per_unit": "450",
        "price_unit": "g"
      }
    ]
  },
  {
    "source_url": "https://www.woolworths.com.au/shop/productdetails/263669/wonder-white-bread-vitamins-minerals-sandwich",
    "name": "Wonder White Bread Vitamins & Minerals Sandwich 700g",
    "image_url": "https://cdn1.woolworths.media/content/wowproductimages/large/263669.jpg",
    "source_id": "Woolworths - 263669",
    "barcode": "9310023138705",
    "shop": "Woolworths",
    "category_id": "22060",
    "weight": "100G",
    "prices": [
      {
        "state": "NSW",
        "price": "450",
        "price_per_unit": "64",
        "price_unit": "G"
      },
      {
        "state": "VIC",
        "price": "450",
        "price_per_unit": "64",
        "price_unit": "G"
      },
      {
        "state": "QLD",
        "price": "450",
        "price_per_unit": "64",
        "price_unit": "G"
      },
      {
        "state": "WA",
        "price": "450",
        "price_per_unit": "64",
        "price_unit": "G"
      },
      {
        "state": "SA",
        "price": "450",
        "price_per_unit": "64",
        "price_unit": "G"
      },
      {
        "state": "TAS",
        "price": "450",
        "price_per_unit": "64",
        "price_unit": "G"
      },
      {
        "state": "ACT",
        "price": "450",
        "price_per_unit": "64",
        "price_unit": "G"
      },
      {
        "state": "NT",
        "price": "450",
        "price_per_unit": "64",
        "price_unit": "G"
      }
    ]
  },
  {
    "source_url": "https://www.coles.com.au/product/wonder-white-bread-+-vitamins-toast-700g-5827361",
    "name": "Wonder White Bread + Vitamins Toast | 700g",
    "image_url": "https://www.coles.com.au/_next/image?url=https%3A%2F%2Fproductimages.coles.com.au%2Fproductimages%2F5%2F5827361.jpg&w=640&q=90",
    "source_id": "Coles - 5827361",
    "barcode": "9310023138712",
    "shop": "coles",
    "category_id": "22060",
    "weight": "700g",
    "prices": [
      {
        "state": "VIC",
        "price": "64",
        "price_per_unit": "450",
        "price_unit": "g"
      },
      {
        "state": "NSW",
        "price": "64",
        "price_per_unit": "450",
        "price_unit": "g"
      },
      {
        "state": "QLD",
        "price": "64",
        "price_per_unit": "450",
        "price_unit": "g"
      },
      {
        "state": "WA",
        "price": "64",
        "price_per_unit": "450",
        "price_unit": "g"
      },
      {
        "state": "SA",
        "price": "64",
        "price_per_unit": "450",
        "price_unit": "g"
      },
      {
        "state": "TAS",
        "price": "64",
        "price_per_unit": "450",
        "price_unit": "g"
      },
      {
        "state": "ACT",
        "price": "64",
        "price_per_unit": "450",
        "price_unit": "g"
      },
      {
        "state": "NT",
        "price": "64",
        "price_per_unit": "450",
        "price_unit": "g"
      }
    ]
  },
  {
    "source_url": "https://www.woolworths.com.au/shop/productdetails/263667/wonder-white-bread-vitamins-minerals-toast",
    "name": "Wonder White Bread Vitamins & Minerals Toast 700g",
    "image_url": "https://cdn1.woolworths.media/content/wowproductimages/large/263667.jpg",
    "source_id": "Woolworths - 263667",
    "barcode": "9310023138712",
    "shop": "Woolworths",
    "category_id": "22060",
    "weight": "100G",
    "prices": [
      {
        "state": "NSW",
        "price": "450",
        "price_per_unit": "64",
        "price_unit": "G"
      },
      {
        "state": "VIC",
        "price": "450",
        "price_per_unit": "64",
        "price_unit": "G"
      },
      {
        "state": "QLD",
        "price": "450",
        "price_per_unit": "64",
        "price_unit": "G"
      },
      {
        "state": "WA",
        "price": "450",
        "price_per_unit": "64",
        "price_unit": "G"
      },
      {
        "state": "SA",
        "price": "450",
        "price_per_unit": "64",
        "price_unit": "G"
      },
      {
        "state": "TAS",
        "price": "450",
        "price_per_unit": "64",
        "price_unit": "G"
      },
      {
        "state": "ACT",
        "price": "450",
        "price_per_unit": "64",
        "price_unit": "G"
      },
      {
        "state": "NT",
        "price": "450",
        "price_per_unit": "64",
        "price_unit": "G"
      }
    ]
  },
  {
    "source_url": "https://www.coles.com.au/product/wonder-white-bread-wholegrain-smooth-700g-2738243",
    "name": "Wonder White Bread Wholegrain Smooth | 700g",
    "image_url": "https://www.coles.com.au/_next/image?url=https%3A%2F%2Fproductimages.coles.com.au%2Fproductimages%2F2%2F2738243.jpg&w=640&q=90",
    "source_id": "Coles - 2738243",
    "barcode": "9310023142993",
    "shop": "coles",
    "category_id": "22060",
    "weight": "700g",
    "prices": [
      {
        "state": "VIC",
        "price": "64",
        "price_per_unit": "450",
        "price_unit": "g"
      },
      {
        "state": "NSW",
        "price": "64",
        "price_per_unit": "450",
        "price_unit": "g"
      },
      {
        "state": "QLD",
        "price": "64",
        "price_per_unit": "450",
        "price_unit": "g"
      },
      {
        "state": "SA",
        "price": "64",
        "price_per_unit": "450",
        "price_unit": "g"
      },
      {
        "state": "TAS",
        "price": "64",
        "price_per_unit": "450",
        "price_unit": "g"
      },
      {
        "state": "ACT",
        "price": "64",
        "price_per_unit": "450",
        "price_unit": "g"
      },
      {
        "state": "NT",
        "price": "64",
        "price_per_unit": "450",
        "price_unit": "g"
      }
    ]
  },
  {
    "source_url": "https://www.woolworths.com.au/shop/productdetails/476065/wonder-white-smooth-wholegrain",
    "name": "Wonder White Smooth Wholegrain 700g",
    "image_url": "https://cdn1.woolworths.media/content/wowproductimages/large/476065.jpg",
    "source_id": "Woolworths - 476065",
    "barcode": "9310023142993",
    "shop": "Woolworths",
    "category_id": "22060",
    "weight": "100G",
    "prices": [
      {
        "state": "NSW",
        "price": "450",
        "price_per_unit": "64",
        "price_unit": "G"
      },
      {
        "state": "VIC",
        "price": "450",
        "price_per_unit": "64",
        "price_unit": "G"
      },
      {
        "state": "QLD",
        "price": "450",
        "price_per_unit": "64",
        "price_unit": "G"
      },
      {
        "state": "SA",
        "price": "450",
        "price_per_unit": "64",
        "price_unit": "G"
      },
      {
        "state": "TAS",
        "price": "450",
        "price_per_unit": "64",
        "price_unit": "G"
      },
      {
        "state": "ACT",
        "price": "450",
        "price_per_unit": "64",
        "price_unit": "G"
      },
      {
        "state": "NT",
        "price": "450",
        "price_per_unit": "64",
        "price_unit": "G"
      }
    ]
  },
  {
    "source_url": "https://www.coles.com.au/product/wonder-white-bread-wholemeal-plus-iron-700g-5322140",
    "name": "Wonder White Bread Wholemeal Plus Iron | 700g",
    "image_url": "https://www.coles.com.au/_next/image?url=https%3A%2F%2Fproductimages.coles.com.au%2Fproductimages%2F5%2F5322140.jpg&w=640&q=90",
    "source_id": "Coles - 5322140",
    "barcode": "9310023136657",
    "shop": "coles",
    "category_id": "22060",
    "weight": "700g",
    "prices": [
      {
        "state": "VIC",
        "price": "64",
        "price_per_unit": "450",
        "price_unit": "g"
      },
      {
        "state": "NSW",
        "price": "64",
        "price_per_unit": "450",
        "price_unit": "g"
      },
      {
        "state": "QLD",
        "price": "64",
        "price_per_unit": "450",
        "price_unit": "g"
      },
      {
        "state": "WA",
        "price": "64",
        "price_per_unit": "450",
        "price_unit": "g"
      },
      {
        "state": "SA",
        "price": "64",
        "price_per_unit": "450",
        "price_unit": "g"
      },
      {
        "state": "TAS",
        "price": "64",
        "price_per_unit": "450",
        "price_unit": "g"
      },
      {
        "state": "ACT",
        "price": "64",
        "price_per_unit": "450",
        "price_unit": "g"
      },
      {
        "state": "NT",
        "price": "64",
        "price_per_unit": "450",
        "price_unit": "g"
      }
    ]
  },
  {
    "source_url": "https://www.woolworths.com.au/shop/productdetails/253937/wonder-white-wholemeal-with-iron-sandwich-slice",
    "name": "Wonder White Wholemeal With Iron Sandwich Slice 700g",
    "image_url": "https://cdn1.woolworths.media/content/wowproductimages/large/253937.jpg",
    "source_id": "Woolworths - 253937",
    "barcode": "9310023136657",
    "shop": "Woolworths",
    "category_id": "22060",
    "weight": "100G",
    "prices": [
      {
        "state": "NSW",
        "price": "450",
        "price_per_unit": "64",
        "price_unit": "G"
      },
      {
        "state": "VIC",
        "price": "450",
        "price_per_unit": "64",
        "price_unit": "G"
      },
      {
        "state": "QLD",
        "price": "450",
        "price_per_unit": "64",
        "price_unit": "G"
      },
      {
        "state": "WA",
        "price": "450",
        "price_per_unit": "64",
        "price_unit": "G"
      },
      {
        "state": "SA",
        "price": "450",
        "price_per_unit": "64",
        "price_unit": "G"
      },
      {
        "state": "TAS",
        "price": "450",
        "price_per_unit": "64",
        "price_unit": "G"
      },
      {
        "state": "ACT",
        "price": "450",
        "price_per_unit": "64",
        "price_unit": "G"
      },
      {
        "state": "NT",
        "price": "450",
        "price_per_unit": "64",
        "price_unit": "G"
      }
    ]
  },
  {
    "source_url": "https://www.coles.com.au/product/wonder-mini-loaf-wholemeal-320g-3860912",
    "name": "Wonder Mini Loaf Wholemeal | 320g",
    "image_url": "https://www.coles.com.au/_next/image?url=https%3A%2F%2Fproductimages.coles.com.au%2Fproductimages%2F3%2F3860912.jpg&w=640&q=90",
    "source_id": "Coles - 3860912",
    "barcode": "9310023145055",
    "shop": "coles",
    "category_id": "22060",
    "weight": "320g",
    "prices": [
      {
        "state": "VIC",
        "price": "109",
        "price_per_unit": "350",
        "price_unit": "g"
      },
      {
        "state": "NSW",
        "price": "109",
        "price_per_unit": "350",
        "price_unit": "g"
      },
      {
        "state": "QLD",
        "price": "109",
        "price_per_unit": "350",
        "price_unit": "g"
      },
      {
        "state": "SA",
        "price": "109",
        "price_per_unit": "350",
        "price_unit": "g"
      },
      {
        "state": "ACT",
        "price": "109",
        "price_per_unit": "350",
        "price_unit": "g"
      }
    ]
  },
  {
    "source_url": "https://www.woolworths.com.au/shop/productdetails/105613/wonder-wholemeal-mini-loaf",
    "name": "Wonder Wholemeal Mini Loaf 320g",
    "image_url": "https://cdn1.woolworths.media/content/wowproductimages/large/105613.jpg",
    "source_id": "Woolworths - 105613",
    "barcode": "9310023145055",
    "shop": "Woolworths",
    "category_id": "22060",
    "weight": "100G",
    "prices": [
      {
        "state": "NSW",
        "price": "350",
        "price_per_unit": "109",
        "price_unit": "G"
      },
      {
        "state": "VIC",
        "price": "350",
        "price_per_unit": "109",
        "price_unit": "G"
      },
      {
        "state": "QLD",
        "price": "350",
        "price_per_unit": "109",
        "price_unit": "G"
      },
      {
        "state": "SA",
        "price": "350",
        "price_per_unit": "109",
        "price_unit": "G"
      },
      {
        "state": "ACT",
        "price": "350",
        "price_per_unit": "109",
        "price_unit": "G"
      }
    ]
  },
  {
    "source_url": "https://www.coles.com.au/product/abbott's-bakery-gluten-free-mixed-seeds-bread-500g-2834225",
    "name": "Abbott's Bakery Gluten Free Mixed Seeds Bread | 500g",
    "image_url": "https://www.coles.com.au/_next/image?url=https%3A%2F%2Fproductimages.coles.com.au%2Fproductimages%2F2%2F2834225.jpg&w=640&q=90",
    "source_id": "Coles - 2834225",
    "barcode": "9339423007046",
    "shop": "coles",
    "category_id": "22060",
    "weight": "500g",
    "prices": [
      {
        "state": "VIC",
        "price": "140",
        "price_per_unit": "700",
        "price_unit": "g"
      },
      {
        "state": "NSW",
        "price": "140",
        "price_per_unit": "700",
        "price_unit": "g"
      },
      {
        "state": "QLD",
        "price": "140",
        "price_per_unit": "700",
        "price_unit": "g"
      },
      {
        "state": "WA",
        "price": "140",
        "price_per_unit": "700",
        "price_unit": "g"
      },
      {
        "state": "SA",
        "price": "140",
        "price_per_unit": "700",
        "price_unit": "g"
      },
      {
        "state": "ACT",
        "price": "140",
        "price_per_unit": "700",
        "price_unit": "g"
      },
      {
        "state": "NT",
        "price": "140",
        "price_per_unit": "700",
        "price_unit": "g"
      }
    ]
  },
  {
    "source_url": "https://www.woolworths.com.au/shop/productdetails/535677/abbott-s-bakery-gluten-free-mixed-seeds-sandwich-slice-bread-loaf",
    "name": "Abbott's Bakery Gluten Free Mixed Seeds Sandwich Slice Bread Loaf 500g",
    "image_url": "https://cdn1.woolworths.media/content/wowproductimages/large/535677.jpg",
    "source_id": "Woolworths - 535677",
    "barcode": "9339423007046",
    "shop": "Woolworths",
    "category_id": "22060",
    "weight": "100G",
    "prices": [
      {
        "state": "VIC",
        "price": "790",
        "price_per_unit": "158",
        "price_unit": "G"
      },
      {
        "state": "QLD",
        "price": "790",
        "price_per_unit": "158",
        "price_unit": "G"
      },
      {
        "state": "WA",
        "price": "790",
        "price_per_unit": "158",
        "price_unit": "G"
      },
      {
        "state": "SA",
        "price": "790",
        "price_per_unit": "158",
        "price_unit": "G"
      },
      {
        "state": "TAS",
        "price": "790",
        "price_per_unit": "158",
        "price_unit": "G"
      },
      {
        "state": "ACT",
        "price": "790",
        "price_per_unit": "158",
        "price_unit": "G"
      },
      {
        "state": "NT",
        "price": "790",
        "price_per_unit": "158",
        "price_unit": "G"
      }
    ]
  },
  {
    "source_url": "https://www.coles.com.au/product/abbott's-bakery-gluten-free-sourdough-grain-and-seeds-500g-4406109",
    "name": "Abbott's Bakery Gluten Free Sourdough Grain And Seeds | 500g",
    "image_url": "https://www.coles.com.au/_next/image?url=https%3A%2F%2Fproductimages.coles.com.au%2Fproductimages%2F4%2F4406109.jpg&w=640&q=90",
    "source_id": "Coles - 4406109",
    "barcode": "9339423009064",
    "shop": "coles",
    "category_id": "22060",
    "weight": "500g",
    "prices": [
      {
        "state": "VIC",
        "price": "150",
        "price_per_unit": "750",
        "price_unit": "g"
      },
      {
        "state": "NSW",
        "price": "150",
        "price_per_unit": "750",
        "price_unit": "g"
      },
      {
        "state": "QLD",
        "price": "150",
        "price_per_unit": "750",
        "price_unit": "g"
      },
      {
        "state": "WA",
        "price": "150",
        "price_per_unit": "750",
        "price_unit": "g"
      },
      {
        "state": "SA",
        "price": "150",
        "price_per_unit": "750",
        "price_unit": "g"
      },
      {
        "state": "ACT",
        "price": "150",
        "price_per_unit": "750",
        "price_unit": "g"
      }
    ]
  },
  {
    "source_url": "https://www.woolworths.com.au/shop/productdetails/164819/abbott-s-bakery-gluten-free-sourdough-grains-seeds-bread-slice-loaf",
    "name": "Abbott's Bakery Gluten Free Sourdough Grains & Seeds Bread Slice Loaf 500g",
    "image_url": "https://cdn1.woolworths.media/content/wowproductimages/large/164819.jpg",
    "source_id": "Woolworths - 164819",
    "barcode": "9339423009064",
    "shop": "Woolworths",
    "category_id": "22060",
    "weight": "100G",
    "prices": [
      {
        "state": "VIC",
        "price": "840",
        "price_per_unit": "168",
        "price_unit": "G"
      },
      {
        "state": "QLD",
        "price": "840",
        "price_per_unit": "168",
        "price_unit": "G"
      },
      {
        "state": "WA",
        "price": "840",
        "price_per_unit": "168",
        "price_unit": "G"
      },
      {
        "state": "SA",
        "price": "840",
        "price_per_unit": "168",
        "price_unit": "G"
      },
      {
        "state": "TAS",
        "price": "840",
        "price_per_unit": "168",
        "price_unit": "G"
      },
      {
        "state": "ACT",
        "price": "840",
        "price_per_unit": "168",
        "price_unit": "G"
      },
      {
        "state": "NT",
        "price": "840",
        "price_per_unit": "168",
        "price_unit": "G"
      }
    ]
  },
  {
    "source_url": "https://www.coles.com.au/product/abbott's-bakery-gluten-free-soy-and-linseed-bread-500g-2834247",
    "name": "Abbott's Bakery Gluten Free Soy And Linseed Bread | 500g",
    "image_url": "https://www.coles.com.au/_next/image?url=https%3A%2F%2Fproductimages.coles.com.au%2Fproductimages%2F2%2F2834247.jpg&w=640&q=90",
    "source_id": "Coles - 2834247",
    "barcode": "9339423007053",
    "shop": "coles",
    "category_id": "22060",
    "weight": "500g",
    "prices": [
      {
        "state": "VIC",
        "price": "140",
        "price_per_unit": "700",
        "price_unit": "g"
      },
      {
        "state": "NSW",
        "price": "140",
        "price_per_unit": "700",
        "price_unit": "g"
      },
      {
        "state": "QLD",
        "price": "140",
        "price_per_unit": "700",
        "price_unit": "g"
      },
      {
        "state": "WA",
        "price": "140",
        "price_per_unit": "700",
        "price_unit": "g"
      },
      {
        "state": "SA",
        "price": "140",
        "price_per_unit": "700",
        "price_unit": "g"
      },
      {
        "state": "ACT",
        "price": "140",
        "price_per_unit": "700",
        "price_unit": "g"
      },
      {
        "state": "NT",
        "price": "140",
        "price_per_unit": "700",
        "price_unit": "g"
      }
    ]
  },
  {
    "source_url": "https://www.woolworths.com.au/shop/productdetails/535646/abbott-s-bakery-gluten-free-soy-linseed-sandwich-slice-bread-loaf",
    "name": "Abbott's Bakery Gluten Free Soy & Linseed Sandwich Slice Bread Loaf 500g",
    "image_url": "https://cdn1.woolworths.media/content/wowproductimages/large/535646.jpg",
    "source_id": "Woolworths - 535646",
    "barcode": "9339423007053",
    "shop": "Woolworths",
    "category_id": "22060",
    "weight": "100G",
    "prices": [
      {
        "state": "VIC",
        "price": "790",
        "price_per_unit": "158",
        "price_unit": "G"
      },
      {
        "state": "QLD",
        "price": "790",
        "price_per_unit": "158",
        "price_unit": "G"
      },
      {
        "state": "SA",
        "price": "790",
        "price_per_unit": "158",
        "price_unit": "G"
      },
      {
        "state": "ACT",
        "price": "790",
        "price_per_unit": "158",
        "price_unit": "G"
      },
      {
        "state": "NT",
        "price": "790",
        "price_per_unit": "158",
        "price_unit": "G"
      }
    ]
  },
  {
    "source_url": "https://www.coles.com.au/product/wonder-white-bread-gluten-free-470g-5749712",
    "name": "Wonder White Bread Gluten Free | 470g",
    "image_url": "https://www.coles.com.au/_next/image?url=https%3A%2F%2Fproductimages.coles.com.au%2Fproductimages%2F5%2F5749712.jpg&w=640&q=90",
    "source_id": "Coles - 5749712",
    "barcode": "9310023145680",
    "shop": "coles",
    "category_id": "22060",
    "weight": "470g",
    "prices": [
      {
        "state": "VIC",
        "price": "149",
        "price_per_unit": "700",
        "price_unit": "g"
      },
      {
        "state": "NSW",
        "price": "149",
        "price_per_unit": "700",
        "price_unit": "g"
      },
      {
        "state": "QLD",
        "price": "149",
        "price_per_unit": "700",
        "price_unit": "g"
      },
      {
        "state": "SA",
        "price": "149",
        "price_per_unit": "700",
        "price_unit": "g"
      },
      {
        "state": "ACT",
        "price": "149",
        "price_per_unit": "700",
        "price_unit": "g"
      }
    ]
  },
  {
    "source_url": "https://www.woolworths.com.au/shop/productdetails/236078/wonder-soft-white-gluten-free",
    "name": "Wonder Soft White Gluten Free 470g",
    "image_url": "https://cdn1.woolworths.media/content/wowproductimages/large/236078.jpg",
    "source_id": "Woolworths - 236078",
    "barcode": "9310023145680",
    "shop": "Woolworths",
    "category_id": "22060",
    "weight": "100G",
    "prices": [
      {
        "state": "VIC",
        "price": "700",
        "price_per_unit": "149",
        "price_unit": "G"
      },
      {
        "state": "QLD",
        "price": "700",
        "price_per_unit": "149",
        "price_unit": "G"
      },
      {
        "state": "SA",
        "price": "700",
        "price_per_unit": "149",
        "price_unit": "G"
      },
      {
        "state": "ACT",
        "price": "700",
        "price_per_unit": "149",
        "price_unit": "G"
      }
    ]
  },
  {
    "source_url": "https://www.coles.com.au/product/gold-coast-half-bread-multigrain-400g-5331639",
    "name": "Gold Coast Half Bread Multigrain | 400g",
    "image_url": "https://www.coles.com.au/_next/image?url=https%3A%2F%2Fproductimages.coles.com.au%2Fproductimages%2F5%2F5331639.jpg&w=640&q=90",
    "source_id": "Coles - 5331639",
    "barcode": "9310332004401",
    "shop": "coles",
    "category_id": "22060",
    "weight": "400g",
    "prices": [
      {
        "state": "QLD",
        "price": "60",
        "price_per_unit": "240",
        "price_unit": "g"
      }
    ]
  },
  {
    "source_url": "https://www.woolworths.com.au/shop/productdetails/346615/gold-coast-bakery-multi-grain-half-loaf",
    "name": "Gold Coast Bakery Multi Grain Half Loaf 400g",
    "image_url": "https://cdn1.woolworths.media/content/wowproductimages/large/346615.jpg",
    "source_id": "Woolworths - 346615",
    "barcode": "9310332004401",
    "shop": "Woolworths",
    "category_id": "22060",
    "weight": "100G",
    "prices": [
      {
        "state": "QLD",
        "price": "240",
        "price_per_unit": "60",
        "price_unit": "G"
      }
    ]
  },
  {
    "source_url": "https://www.coles.com.au/product/gold-coast-bread-multigrain-800g-5331592",
    "name": "Gold Coast Bread Multigrain | 800g",
    "image_url": "https://www.coles.com.au/_next/image?url=https%3A%2F%2Fproductimages.coles.com.au%2Fproductimages%2F5%2F5331592.jpg&w=640&q=90",
    "source_id": "Coles - 5331592",
    "barcode": "9310332003909",
    "shop": "coles",
    "category_id": "22060",
    "weight": "800g",
    "prices": [
      {
        "state": "QLD",
        "price": "48",
        "price_per_unit": "380",
        "price_unit": "g"
      }
    ]
  },
  {
    "source_url": "https://www.woolworths.com.au/shop/productdetails/346620/gold-coast-bakery-multi-grain-with-8-grains-family-loaf",
    "name": "Gold Coast Bakery Multi Grain With 8 Grains Family Loaf 800g",
    "image_url": "https://cdn1.woolworths.media/content/wowproductimages/large/346620.jpg",
    "source_id": "Woolworths - 346620",
    "barcode": "9310332003909",
    "shop": "Woolworths",
    "category_id": "22060",
    "weight": "100G",
    "prices": [
      {
        "state": "QLD",
        "price": "380",
        "price_per_unit": "48",
        "price_unit": "G"
      }
    ]
  },
  {
    "source_url": "https://www.coles.com.au/product/gold-coast-bread-white-800g-5331560",
    "name": "Gold Coast Bread White | 800g",
    "image_url": "https://www.coles.com.au/_next/image?url=https%3A%2F%2Fproductimages.coles.com.au%2Fproductimages%2F5%2F5331560.jpg&w=640&q=90",
    "source_id": "Coles - 5331560",
    "barcode": "9310332003602",
    "shop": "coles",
    "category_id": "22060",
    "weight": "800g",
    "prices": [
      {
        "state": "QLD",
        "price": "48",
        "price_per_unit": "380",
        "price_unit": "g"
      }
    ]
  },
  {
    "source_url": "https://www.woolworths.com.au/shop/productdetails/346618/gold-coast-bakery-white-family-loaf-sliced",
    "name": "Gold Coast Bakery White Family Loaf Sliced 800g",
    "image_url": "https://cdn1.woolworths.media/content/wowproductimages/large/346618.jpg",
    "source_id": "Woolworths - 346618",
    "barcode": "9310332003602",
    "shop": "Woolworths",
    "category_id": "22060",
    "weight": "100G",
    "prices": [
      {
        "state": "QLD",
        "price": "380",
        "price_per_unit": "48",
        "price_unit": "G"
      }
    ]
  },
  {
    "source_url": "https://www.coles.com.au/product/gold-coast-half-bread-white-400g-5331617",
    "name": "Gold Coast Half Bread White | 400g",
    "image_url": "https://www.coles.com.au/_next/image?url=https%3A%2F%2Fproductimages.coles.com.au%2Fproductimages%2F5%2F5331617.jpg&w=640&q=90",
    "source_id": "Coles - 5331617",
    "barcode": "9310332004203",
    "shop": "coles",
    "category_id": "22060",
    "weight": "400g",
    "prices": [
      {
        "state": "QLD",
        "price": "60",
        "price_per_unit": "240",
        "price_unit": "g"
      }
    ]
  },
  {
    "source_url": "https://www.woolworths.com.au/shop/productdetails/346612/gold-coast-bakery-white-sliced-half-loaf",
    "name": "Gold Coast Bakery White Sliced Half Loaf 400g",
    "image_url": "https://cdn1.woolworths.media/content/wowproductimages/large/346612.jpg",
    "source_id": "Woolworths - 346612",
    "barcode": "9310332004203",
    "shop": "Woolworths",
    "category_id": "22060",
    "weight": "100G",
    "prices": [
      {
        "state": "QLD",
        "price": "240",
        "price_per_unit": "60",
        "price_unit": "G"
      }
    ]
  },
  {
    "source_url": "https://www.coles.com.au/product/gold-coast-bread-wholemeal-800g-5331581",
    "name": "Gold Coast Bread Wholemeal | 800g",
    "image_url": "https://www.coles.com.au/_next/image?url=https%3A%2F%2Fproductimages.coles.com.au%2Fproductimages%2F5%2F5331581.jpg&w=640&q=90",
    "source_id": "Coles - 5331581",
    "barcode": "9310332003701",
    "shop": "coles",
    "category_id": "22060",
    "weight": "800g",
    "prices": [
      {
        "state": "QLD",
        "price": "48",
        "price_per_unit": "380",
        "price_unit": "g"
      }
    ]
  },
  {
    "source_url": "https://www.woolworths.com.au/shop/productdetails/346619/gold-coast-bakery-wholemeal-family-loaf-bread",
    "name": "Gold Coast Bakery Wholemeal Family Loaf Bread 800g",
    "image_url": "https://cdn1.woolworths.media/content/wowproductimages/large/346619.jpg",
    "source_id": "Woolworths - 346619",
    "barcode": "9310332003701",
    "shop": "Woolworths",
    "category_id": "22060",
    "weight": "100G",
    "prices": [
      {
        "state": "QLD",
        "price": "380",
        "price_per_unit": "48",
        "price_unit": "G"
      }
    ]
  },
  {
    "source_url": "https://www.coles.com.au/product/gold-coast-half-bread-wholemeal-400g-5331628",
    "name": "Gold Coast Half Bread Wholemeal | 400g",
    "image_url": "https://www.coles.com.au/_next/image?url=https%3A%2F%2Fproductimages.coles.com.au%2Fproductimages%2F5%2F5331628.jpg&w=640&q=90",
    "source_id": "Coles - 5331628",
    "barcode": "9310332004302",
    "shop": "coles",
    "category_id": "22060",
    "weight": "400g",
    "prices": [
      {
        "state": "QLD",
        "price": "60",
        "price_per_unit": "240",
        "price_unit": "g"
      }
    ]
  },
  {
    "source_url": "https://www.woolworths.com.au/shop/productdetails/346610/gold-coast-bakery-wholemeal-half-loaf-slice",
    "name": "Gold Coast Bakery Wholemeal Half Loaf Slice 400g",
    "image_url": "https://cdn1.woolworths.media/content/wowproductimages/large/346610.jpg",
    "source_id": "Woolworths - 346610",
    "barcode": "9310332004302",
    "shop": "Woolworths",
    "category_id": "22060",
    "weight": "100G",
    "prices": [
      {
        "state": "QLD",
        "price": "240",
        "price_per_unit": "60",
        "price_unit": "G"
      }
    ]
  },
  {
    "source_url": "https://www.coles.com.au/product/homestyle-country-bread-cafe-white-thick-850g-6534700",
    "name": "Homestyle Country Bread Cafe White Thick | 850g",
    "image_url": "https://www.coles.com.au/_next/image?url=https%3A%2F%2Fproductimages.coles.com.au%2Fproductimages%2F6%2F6534700.jpg&w=640&q=90",
    "source_id": "Coles - 6534700",
    "barcode": "9313968101193",
    "shop": "coles",
    "category_id": "22060",
    "weight": "850g",
    "prices": [
      {
        "state": "QLD",
        "price": "41",
        "price_per_unit": "350",
        "price_unit": "g"
      }
    ]
  },
  {
    "source_url": "https://www.woolworths.com.au/shop/productdetails/814296/homestyle-bake-country-cafe-thick-white-sliced-bread",
    "name": "Homestyle Bake Country Cafe Thick White Sliced Bread 850g",
    "image_url": "https://cdn1.woolworths.media/content/wowproductimages/large/814296.jpg",
    "source_id": "Woolworths - 814296",
    "barcode": "9313968101193",
    "shop": "Woolworths",
    "category_id": "22060",
    "weight": "100G",
    "prices": [
      {
        "state": "QLD",
        "price": "350",
        "price_per_unit": "41",
        "price_unit": "G"
      }
    ]
  },
  {
    "source_url": "https://www.coles.com.au/product/mighty-soft-white-sandwich-bread-700g-9714571",
    "name": "Mighty Soft White Sandwich Bread | 700g",
    "image_url": "https://www.coles.com.au/_next/image?url=https%3A%2F%2Fproductimages.coles.com.au%2Fproductimages%2F9%2F9714571.jpg&w=640&q=90",
    "source_id": "Coles - 9714571",
    "barcode": "9310023134721",
    "shop": "coles",
    "category_id": "22060",
    "weight": "700g",
    "prices": [
      {
        "state": "QLD",
        "price": "56",
        "price_per_unit": "390",
        "price_unit": "g"
      },
      {
        "state": "TAS",
        "price": "46",
        "price_per_unit": "320",
        "price_unit": "g"
      }
    ]
  },
  {
    "source_url": "https://www.woolworths.com.au/shop/productdetails/159524/mighty-soft-bread-white-sandwich",
    "name": "Mighty Soft Bread White Sandwich 700g",
    "image_url": "https://cdn1.woolworths.media/content/wowproductimages/large/159524.jpg",
    "source_id": "Woolworths - 159524",
    "barcode": "9310023134721",
    "shop": "Woolworths",
    "category_id": "22060",
    "weight": "100G",
    "prices": [
      {
        "state": "QLD",
        "price": "390",
        "price_per_unit": "56",
        "price_unit": "G"
      },
      {
        "state": "TAS",
        "price": "320",
        "price_per_unit": "46",
        "price_unit": "G"
      }
    ]
  },
  {
    "source_url": "https://www.coles.com.au/product/mighty-soft-wholemeal-sandwich-bread-700g-9714786",
    "name": "Mighty Soft Wholemeal Sandwich Bread | 700g",
    "image_url": "https://www.coles.com.au/_next/image?url=https%3A%2F%2Fproductimages.coles.com.au%2Fproductimages%2F9%2F9714786.jpg&w=640&q=90",
    "source_id": "Coles - 9714786",
    "barcode": "9310023134769",
    "shop": "coles",
    "category_id": "22060",
    "weight": "700g",
    "prices": [
      {
        "state": "QLD",
        "price": "56",
        "price_per_unit": "390",
        "price_unit": "g"
      },
      {
        "state": "TAS",
        "price": "46",
        "price_per_unit": "320",
        "price_unit": "g"
      }
    ]
  },
  {
    "source_url": "https://www.woolworths.com.au/shop/productdetails/162322/mighty-soft-wholemeal-large-slice",
    "name": "Mighty Soft Wholemeal Large Slice 700g",
    "image_url": "https://cdn1.woolworths.media/content/wowproductimages/large/162322.jpg",
    "source_id": "Woolworths - 162322",
    "barcode": "9310023134769",
    "shop": "Woolworths",
    "category_id": "22060",
    "weight": "100G",
    "prices": [
      {
        "state": "QLD",
        "price": "390",
        "price_per_unit": "56",
        "price_unit": "G"
      },
      {
        "state": "TAS",
        "price": "320",
        "price_per_unit": "46",
        "price_unit": "G"
      }
    ]
  },
  {
    "source_url": "https://www.coles.com.au/product/tip-top-sunblest-multigrain-sandwich-bread-700g-5430608",
    "name": "Tip Top Sunblest Multigrain Sandwich Bread | 700g",
    "image_url": "https://www.coles.com.au/_next/image?url=https%3A%2F%2Fproductimages.coles.com.au%2Fproductimages%2F5%2F5430608.jpg&w=640&q=90",
    "source_id": "Coles - 5430608",
    "barcode": "9310043009061",
    "shop": "coles",
    "category_id": "22060",
    "weight": "700g",
    "prices": [
      {
        "state": "QLD",
        "price": "59",
        "price_per_unit": "410",
        "price_unit": "g"
      }
    ]
  },
  {
    "source_url": "https://www.woolworths.com.au/shop/productdetails/254296/tip-top-sunblest-multi-grain-sandwich-slice-bread-loaf-bakery",
    "name": "Tip Top Sunblest Multi Grain Sandwich Slice Bread Loaf Bakery 700g",
    "image_url": "https://cdn1.woolworths.media/content/wowproductimages/large/254296.jpg",
    "source_id": "Woolworths - 254296",
    "barcode": "9310043009061",
    "shop": "Woolworths",
    "category_id": "22060",
    "weight": "100G",
    "prices": [
      {
        "state": "QLD",
        "price": "410",
        "price_per_unit": "59",
        "price_unit": "G"
      }
    ]
  },
  {
    "source_url": "https://www.coles.com.au/product/tip-top-sunblest-white-bread-700g-4999157",
    "name": "Tip Top Sunblest White Bread | 700g",
    "image_url": "https://www.coles.com.au/_next/image?url=https%3A%2F%2Fproductimages.coles.com.au%2Fproductimages%2F4%2F4999157.jpg&w=640&q=90",
    "source_id": "Coles - 4999157",
    "barcode": "9310043000006",
    "shop": "coles",
    "category_id": "22060",
    "weight": "700g",
    "prices": [
      {
        "state": "QLD",
        "price": "59",
        "price_per_unit": "410",
        "price_unit": "g"
      }
    ]
  },
  {
    "source_url": "https://www.woolworths.com.au/shop/productdetails/249879/tip-top-sunblest-white-sandwich-bread",
    "name": "Tip Top Sunblest White Sandwich Bread 700G",
    "image_url": "https://cdn1.woolworths.media/content/wowproductimages/large/249879.jpg",
    "source_id": "Woolworths - 249879",
    "barcode": "9310043000006",
    "shop": "Woolworths",
    "category_id": "22060",
    "weight": "100G",
    "prices": [
      {
        "state": "QLD",
        "price": "410",
        "price_per_unit": "59",
        "price_unit": "G"
      }
    ]
  },
  {
    "source_url": "https://www.coles.com.au/product/tip-top-sunblest-white-thick-bread-700g-5430619",
    "name": "Tip Top Sunblest White Thick Bread | 700g",
    "image_url": "https://www.coles.com.au/_next/image?url=https%3A%2F%2Fproductimages.coles.com.au%2Fproductimages%2F5%2F5430619.jpg&w=640&q=90",
    "source_id": "Coles - 5430619",
    "barcode": "9310043009368",
    "shop": "coles",
    "category_id": "22060",
    "weight": "700g",
    "prices": [
      {
        "state": "QLD",
        "price": "59",
        "price_per_unit": "410",
        "price_unit": "g"
      }
    ]
  },
  {
    "source_url": "https://www.woolworths.com.au/shop/productdetails/254298/tip-top-sunblest-white-thick-bread",
    "name": "Tip Top Sunblest White Thick Bread 700G",
    "image_url": "https://cdn1.woolworths.media/content/wowproductimages/large/254298.jpg",
    "source_id": "Woolworths - 254298",
    "barcode": "9310043009368",
    "shop": "Woolworths",
    "category_id": "22060",
    "weight": "100G",
    "prices": [
      {
        "state": "QLD",
        "price": "410",
        "price_per_unit": "59",
        "price_unit": "G"
      }
    ]
  },
  {
    "source_url": "https://www.coles.com.au/product/tip-top-sunblest-wholemeal-sandwich-bread-700g-5428424",
    "name": "Tip Top Sunblest Wholemeal Sandwich Bread | 700g",
    "image_url": "https://www.coles.com.au/_next/image?url=https%3A%2F%2Fproductimages.coles.com.au%2Fproductimages%2F5%2F5428424.jpg&w=640&q=90",
    "source_id": "Coles - 5428424",
    "barcode": "9310043009511",
    "shop": "coles",
    "category_id": "22060",
    "weight": "700g",
    "prices": [
      {
        "state": "QLD",
        "price": "59",
        "price_per_unit": "410",
        "price_unit": "g"
      }
    ]
  },
  {
    "source_url": "https://www.woolworths.com.au/shop/productdetails/254293/tip-top-sunblest-wholemeal-sandwich",
    "name": "Tip Top Sunblest Wholemeal Sandwich 700G",
    "image_url": "https://cdn1.woolworths.media/content/wowproductimages/large/254293.jpg",
    "source_id": "Woolworths - 254293",
    "barcode": "9310043009511",
    "shop": "Woolworths",
    "category_id": "22060",
    "weight": "100G",
    "prices": [
      {
        "state": "QLD",
        "price": "410",
        "price_per_unit": "59",
        "price_unit": "G"
      }
    ]
  },
  {
    "source_url": "https://www.coles.com.au/product/mias-wheatbelt-soy-linseed-bread-750g-6896676",
    "name": "Mias Wheatbelt Soy Linseed Bread | 750g",
    "image_url": "https://www.coles.com.au/_next/image?url=https%3A%2F%2Fproductimages.coles.com.au%2Fproductimages%2F6%2F6896676.jpg&w=640&q=90",
    "source_id": "Coles - 6896676",
    "barcode": "9311094003053",
    "shop": "coles",
    "category_id": "22060",
    "weight": "750g",
    "prices": [
      {
        "state": "WA",
        "price": "57",
        "price_per_unit": "425",
        "price_unit": "g"
      }
    ]
  },
  {
    "source_url": "https://www.woolworths.com.au/shop/productdetails/255085/mia-s-bakehouse-grain-wheat-soy-linseed",
    "name": "Mia's Bakehouse Grain Wheat, Soy & Linseed 750g",
    "image_url": "https://cdn1.woolworths.media/content/wowproductimages/large/255085.jpg",
    "source_id": "Woolworths - 255085",
    "barcode": "9311094003053",
    "shop": "Woolworths",
    "category_id": "22060",
    "weight": "100G",
    "prices": [
      {
        "state": "WA",
        "price": "425",
        "price_per_unit": "57",
        "price_unit": "G"
      }
    ]
  },
  {
    "source_url": "https://www.coles.com.au/product/mias-wheatbelt-multigrain-bread-750g-5418114",
    "name": "Mias Wheatbelt Multigrain Bread | 750g",
    "image_url": "https://www.coles.com.au/_next/image?url=https%3A%2F%2Fproductimages.coles.com.au%2Fproductimages%2F5%2F5418114.jpg&w=640&q=90",
    "source_id": "Coles - 5418114",
    "barcode": "9311094003046",
    "shop": "coles",
    "category_id": "22060",
    "weight": "750g",
    "prices": [
      {
        "state": "WA",
        "price": "57",
        "price_per_unit": "425",
        "price_unit": "g"
      }
    ]
  },
  {
    "source_url": "https://www.woolworths.com.au/shop/productdetails/255088/mia-s-bakehouse-multi-grain-bread-preservative-free",
    "name": "Mia's Bakehouse Multi Grain Bread Preservative Free 750g",
    "image_url": "https://cdn1.woolworths.media/content/wowproductimages/large/255088.jpg",
    "source_id": "Woolworths - 255088",
    "barcode": "9311094003046",
    "shop": "Woolworths",
    "category_id": "22060",
    "weight": "100G",
    "prices": [
      {
        "state": "WA",
        "price": "425",
        "price_per_unit": "57",
        "price_unit": "G"
      }
    ]
  },
  {
    "source_url": "https://www.coles.com.au/product/mias-giant-bread-white-toast-800g-3248545",
    "name": "Mias Giant Bread White Toast | 800g",
    "image_url": "https://www.coles.com.au/_next/image?url=https%3A%2F%2Fproductimages.coles.com.au%2Fproductimages%2F3%2F3248545.jpg&w=640&q=90",
    "source_id": "Coles - 3248545",
    "barcode": "9311094700211",
    "shop": "coles",
    "category_id": "22060",
    "weight": "800g",
    "prices": [
      {
        "state": "WA",
        "price": "51",
        "price_per_unit": "410",
        "price_unit": "g"
      }
    ]
  },
  {
    "source_url": "https://www.woolworths.com.au/shop/productdetails/138394/mia-s-giant-white-toast-bread",
    "name": "Mia's Giant White Toast Bread 700g",
    "image_url": "https://cdn1.woolworths.media/content/wowproductimages/large/138394.jpg",
    "source_id": "Woolworths - 138394",
    "barcode": "9311094700211",
    "shop": "Woolworths",
    "category_id": "22060",
    "weight": "100G",
    "prices": [
      {
        "state": "WA",
        "price": "410",
        "price_per_unit": "51",
        "price_unit": "G"
      }
    ]
  },
  {
    "source_url": "https://www.coles.com.au/product/mias-giant-bread-wholemeal-800g-3248556",
    "name": "Mias Giant Bread Wholemeal | 800g",
    "image_url": "https://www.coles.com.au/_next/image?url=https%3A%2F%2Fproductimages.coles.com.au%2Fproductimages%2F3%2F3248556.jpg&w=640&q=90",
    "source_id": "Coles - 3248556",
    "barcode": "9311094700112",
    "shop": "coles",
    "category_id": "22060",
    "weight": "800g",
    "prices": [
      {
        "state": "WA",
        "price": "51",
        "price_per_unit": "410",
        "price_unit": "g"
      }
    ]
  },
  {
    "source_url": "https://www.woolworths.com.au/shop/productdetails/138397/mia-s-giant-wholemeal-bread-sliced",
    "name": "Mia's Giant Wholemeal Bread Sliced 700g",
    "image_url": "https://cdn1.woolworths.media/content/wowproductimages/large/138397.jpg",
    "source_id": "Woolworths - 138397",
    "barcode": "9311094700112",
    "shop": "Woolworths",
    "category_id": "22060",
    "weight": "100G",
    "prices": [
      {
        "state": "WA",
        "price": "410",
        "price_per_unit": "51",
        "price_unit": "G"
      }
    ]
  },
  {
    "source_url": "https://www.coles.com.au/product/mias-low-carb-white-sliced-loaf-700g-7042155",
    "name": "Mias Low Carb White Sliced Loaf | 700g",
    "image_url": "https://www.coles.com.au/_next/image?url=https%3A%2F%2Fproductimages.coles.com.au%2Fproductimages%2F7%2F7042155.jpg&w=640&q=90",
    "source_id": "Coles - 7042155",
    "barcode": "9311094700419",
    "shop": "coles",
    "category_id": "22060",
    "weight": "700g",
    "prices": [
      {
        "state": "WA",
        "price": "68",
        "price_per_unit": "475",
        "price_unit": "g"
      }
    ]
  },
  {
    "source_url": "https://www.woolworths.com.au/shop/productdetails/169384/mia-s-low-carb-loaf",
    "name": "Mia's Low Carb Loaf 700g",
    "image_url": "https://cdn1.woolworths.media/content/wowproductimages/large/169384.jpg",
    "source_id": "Woolworths - 169384",
    "barcode": "9311094700419",
    "shop": "Woolworths",
    "category_id": "22060",
    "weight": "100G",
    "prices": [
      {
        "state": "WA",
        "price": "475",
        "price_per_unit": "68",
        "price_unit": "G"
      }
    ]
  },
  {
    "source_url": "https://www.coles.com.au/product/mias-multigrain-bread-650g-4186590",
    "name": "Mias Multigrain Bread | 650g",
    "image_url": "https://www.coles.com.au/_next/image?url=https%3A%2F%2Fproductimages.coles.com.au%2Fproductimages%2F4%2F4186590.jpg&w=640&q=90",
    "source_id": "Coles - 4186590",
    "barcode": "9311094700044",
    "shop": "coles",
    "category_id": "22060",
    "weight": "650g",
    "prices": [
      {
        "state": "WA",
        "price": "62",
        "price_per_unit": "400",
        "price_unit": "g"
      }
    ]
  },
  {
    "source_url": "https://www.woolworths.com.au/shop/productdetails/138415/mia-s-multi-grain-sliced-bread",
    "name": "Mia's Multi Grain Sliced Bread 650g",
    "image_url": "https://cdn1.woolworths.media/content/wowproductimages/large/138415.jpg",
    "source_id": "Woolworths - 138415",
    "barcode": "9311094700044",
    "shop": "Woolworths",
    "category_id": "22060",
    "weight": "100G",
    "prices": [
      {
        "state": "WA",
        "price": "400",
        "price_per_unit": "62",
        "price_unit": "G"
      }
    ]
  },
  {
    "source_url": "https://www.coles.com.au/product/mias-wheatbelt-wholemeal-bread-750g-9440283",
    "name": "Mias Wheatbelt Wholemeal Bread | 750g",
    "image_url": "https://www.coles.com.au/_next/image?url=https%3A%2F%2Fproductimages.coles.com.au%2Fproductimages%2F9%2F9440283.jpg&w=640&q=90",
    "source_id": "Coles - 9440283",
    "barcode": "9311094003022",
    "shop": "coles",
    "category_id": "22060",
    "weight": "750g",
    "prices": [
      {
        "state": "WA",
        "price": "57",
        "price_per_unit": "425",
        "price_unit": "g"
      }
    ]
  },
  {
    "source_url": "https://www.woolworths.com.au/shop/productdetails/180851/mia-s-wheatbelt-wholemeal-bread",
    "name": "Mia's Wheatbelt Wholemeal Bread 750g",
    "image_url": "https://cdn1.woolworths.media/content/wowproductimages/large/180851.jpg",
    "source_id": "Woolworths - 180851",
    "barcode": "9311094003022",
    "shop": "Woolworths",
    "category_id": "22060",
    "weight": "100G",
    "prices": [
      {
        "state": "WA",
        "price": "425",
        "price_per_unit": "57",
        "price_unit": "G"
      }
    ]
  },
  {
    "source_url": "https://www.coles.com.au/product/mias-white-giant-bread-800g-3248512",
    "name": "Mias White Giant Bread | 800g",
    "image_url": "https://www.coles.com.au/_next/image?url=https%3A%2F%2Fproductimages.coles.com.au%2Fproductimages%2F3%2F3248512.jpg&w=640&q=90",
    "source_id": "Coles - 3248512",
    "barcode": "9311094700310",
    "shop": "coles",
    "category_id": "22060",
    "weight": "800g",
    "prices": [
      {
        "state": "WA",
        "price": "51",
        "price_per_unit": "410",
        "price_unit": "g"
      }
    ]
  },
  {
    "source_url": "https://www.woolworths.com.au/shop/productdetails/138392/mia-s-white-bread-giant-sliced",
    "name": "Mia's White Bread Giant Sliced 700g",
    "image_url": "https://cdn1.woolworths.media/content/wowproductimages/large/138392.jpg",
    "source_id": "Woolworths - 138392",
    "barcode": "9311094700310",
    "shop": "Woolworths",
    "category_id": "22060",
    "weight": "100G",
    "prices": [
      {
        "state": "WA",
        "price": "410",
        "price_per_unit": "51",
        "price_unit": "G"
      }
    ]
  },
  {
    "source_url": "https://www.coles.com.au/product/mias-white-bread-650g-4176790",
    "name": "Mias White Bread | 650g",
    "image_url": "https://www.coles.com.au/_next/image?url=https%3A%2F%2Fproductimages.coles.com.au%2Fproductimages%2F4%2F4176790.jpg&w=640&q=90",
    "source_id": "Coles - 4176790",
    "barcode": "9311094000014",
    "shop": "coles",
    "category_id": "22060",
    "weight": "650g",
    "prices": [
      {
        "state": "WA",
        "price": "62",
        "price_per_unit": "400",
        "price_unit": "g"
      }
    ]
  },
  {
    "source_url": "https://www.woolworths.com.au/shop/productdetails/138424/mia-s-white-sandwich-bread",
    "name": "Mia's White Sandwich Bread 650g",
    "image_url": "https://cdn1.woolworths.media/content/wowproductimages/large/138424.jpg",
    "source_id": "Woolworths - 138424",
    "barcode": "9311094000014",
    "shop": "Woolworths",
    "category_id": "22060",
    "weight": "100G",
    "prices": [
      {
        "state": "WA",
        "price": "400",
        "price_per_unit": "62",
        "price_unit": "G"
      }
    ]
  },
  {
    "source_url": "https://www.coles.com.au/product/mias-white-toast-bread-650g-4186523",
    "name": "Mias White Toast Bread | 650g",
    "image_url": "https://www.coles.com.au/_next/image?url=https%3A%2F%2Fproductimages.coles.com.au%2Fproductimages%2F4%2F4186523.jpg&w=640&q=90",
    "source_id": "Coles - 4186523",
    "barcode": "9311094000021",
    "shop": "coles",
    "category_id": "22060",
    "weight": "650g",
    "prices": [
      {
        "state": "WA",
        "price": "62",
        "price_per_unit": "400",
        "price_unit": "g"
      }
    ]
  },
  {
    "source_url": "https://www.woolworths.com.au/shop/productdetails/138423/mia-s-white-thick-toast-bread",
    "name": "Mia's White Thick Toast Bread 650g",
    "image_url": "https://cdn1.woolworths.media/content/wowproductimages/large/138423.jpg",
    "source_id": "Woolworths - 138423",
    "barcode": "9311094000021",
    "shop": "Woolworths",
    "category_id": "22060",
    "weight": "100G",
    "prices": [
      {
        "state": "WA",
        "price": "400",
        "price_per_unit": "62",
        "price_unit": "G"
      }
    ]
  },
  {
    "source_url": "https://www.coles.com.au/product/mias-wholemeal-bread-650g-4186556",
    "name": "Mias Wholemeal Bread | 650g",
    "image_url": "https://www.coles.com.au/_next/image?url=https%3A%2F%2Fproductimages.coles.com.au%2Fproductimages%2F4%2F4186556.jpg&w=640&q=90",
    "source_id": "Coles - 4186556",
    "barcode": "9311094000038",
    "shop": "coles",
    "category_id": "22060",
    "weight": "650g",
    "prices": [
      {
        "state": "WA",
        "price": "62",
        "price_per_unit": "400",
        "price_unit": "g"
      }
    ]
  },
  {
    "source_url": "https://www.woolworths.com.au/shop/productdetails/138422/mia-s-wholemeal-sandwich-bread-sliced",
    "name": "Mia's Wholemeal Sandwich Bread Sliced 650g",
    "image_url": "https://cdn1.woolworths.media/content/wowproductimages/large/138422.jpg",
    "source_id": "Woolworths - 138422",
    "barcode": "9311094000038",
    "shop": "Woolworths",
    "category_id": "22060",
    "weight": "100G",
    "prices": [
      {
        "state": "WA",
        "price": "400",
        "price_per_unit": "62",
        "price_unit": "G"
      }
    ]
  },
  {
    "source_url": "https://www.coles.com.au/product/wonder-gluten-free-white-wholemeal-bread-500g-5749723",
    "name": "Wonder Gluten Free White Wholemeal Bread | 500g",
    "image_url": "https://www.coles.com.au/_next/image?url=https%3A%2F%2Fproductimages.coles.com.au%2Fproductimages%2F5%2F5749723.jpg&w=640&q=90",
    "source_id": "Coles - 5749723",
    "barcode": "9310023145697",
    "shop": "coles",
    "category_id": "22060",
    "weight": "500g",
    "prices": [
      {
        "state": "VIC",
        "price": "140",
        "price_per_unit": "700",
        "price_unit": "g"
      },
      {
        "state": "NSW",
        "price": "140",
        "price_per_unit": "700",
        "price_unit": "g"
      },
      {
        "state": "QLD",
        "price": "140",
        "price_per_unit": "700",
        "price_unit": "g"
      },
      {
        "state": "SA",
        "price": "140",
        "price_per_unit": "700",
        "price_unit": "g"
      },
      {
        "state": "ACT",
        "price": "140",
        "price_per_unit": "700",
        "price_unit": "g"
      }
    ]
  },
  {
    "source_url": "https://www.woolworths.com.au/shop/productdetails/237031/wonder-gluten-free-wholemeal-bread",
    "name": "Wonder Gluten Free Wholemeal Bread 500g",
    "image_url": "https://cdn1.woolworths.media/content/wowproductimages/large/237031.jpg",
    "source_id": "Woolworths - 237031",
    "barcode": "9310023145697",
    "shop": "Woolworths",
    "category_id": "22060",
    "weight": "100G",
    "prices": [
      {
        "state": "SA",
        "price": "700",
        "price_per_unit": "140",
        "price_unit": "G"
      },
      {
        "state": "ACT",
        "price": "700",
        "price_per_unit": "140",
        "price_unit": "G"
      }
    ]
  },
  {
    "source_url": "https://www.coles.com.au/product/cripps-master-lower-carb-bread-700g-7042086",
    "name": "Cripps Master Lower Carb Bread | 700g",
    "image_url": "https://www.coles.com.au/_next/image?url=https%3A%2F%2Fproductimages.coles.com.au%2Fproductimages%2F7%2F7042086.jpg&w=640&q=90",
    "source_id": "Coles - 7042086",
    "barcode": "9323975105886",
    "shop": "coles",
    "category_id": "22060",
    "weight": "700g",
    "prices": [
      {
        "state": "TAS",
        "price": "43",
        "price_per_unit": "300",
        "price_unit": "g"
      }
    ]
  },
  {
    "source_url": "https://www.woolworths.com.au/shop/productdetails/222466/cripps-lower-carb-loaf-white-sandwich",
    "name": "Cripps Lower Carb Loaf White Sandwich 680g",
    "image_url": "https://cdn1.woolworths.media/content/wowproductimages/large/222466.jpg",
    "source_id": "Woolworths - 222466",
    "barcode": "9323975105886",
    "shop": "Woolworths",
    "category_id": "22060",
    "weight": "100G",
    "prices": [
      {
        "state": "TAS",
        "price": "310",
        "price_per_unit": "46",
        "price_unit": "G"
      }
    ]
  },
  {
    "source_url": "https://www.coles.com.au/product/cripps-master-bread-9-grain-sandwhich-680g-5473065",
    "name": "Cripps Master Bread 9 Grain Sandwhich | 680g",
    "image_url": "https://www.coles.com.au/_next/image?url=https%3A%2F%2Fproductimages.coles.com.au%2Fproductimages%2F5%2F5473065.jpg&w=640&q=90",
    "source_id": "Coles - 5473065",
    "barcode": "9323975107811",
    "shop": "coles",
    "category_id": "22060",
    "weight": "680g",
    "prices": [
      {
        "state": "TAS",
        "price": "44",
        "price_per_unit": "300",
        "price_unit": "g"
      }
    ]
  },
  {
    "source_url": "https://www.woolworths.com.au/shop/productdetails/254936/cripps-master-9-grain-sandwich-bread",
    "name": "Cripps Master 9 Grain Sandwich Bread 680g",
    "image_url": "https://cdn1.woolworths.media/content/wowproductimages/large/254936.jpg",
    "source_id": "Woolworths - 254936",
    "barcode": "9323975107811",
    "shop": "Woolworths",
    "category_id": "22060",
    "weight": "100G",
    "prices": [
      {
        "state": "TAS",
        "price": "300",
        "price_per_unit": "44",
        "price_unit": "G"
      }
    ]
  },
  {
    "source_url": "https://www.coles.com.au/product/cripps-master-bread-9-grain-toast-680g-5473076",
    "name": "Cripps Master Bread 9 Grain Toast | 680g",
    "image_url": "https://www.coles.com.au/_next/image?url=https%3A%2F%2Fproductimages.coles.com.au%2Fproductimages%2F5%2F5473076.jpg&w=640&q=90",
    "source_id": "Coles - 5473076",
    "barcode": "9323975107828",
    "shop": "coles",
    "category_id": "22060",
    "weight": "680g",
    "prices": [
      {
        "state": "TAS",
        "price": "44",
        "price_per_unit": "300",
        "price_unit": "g"
      }
    ]
  },
  {
    "source_url": "https://www.woolworths.com.au/shop/productdetails/254937/cripps-master-9-grain-toast-bread",
    "name": "Cripps Master 9 Grain Toast Bread 680g",
    "image_url": "https://cdn1.woolworths.media/content/wowproductimages/large/254937.jpg",
    "source_id": "Woolworths - 254937",
    "barcode": "9323975107828",
    "shop": "Woolworths",
    "category_id": "22060",
    "weight": "100G",
    "prices": [
      {
        "state": "TAS",
        "price": "300",
        "price_per_unit": "44",
        "price_unit": "G"
      }
    ]
  },
  {
    "source_url": "https://www.coles.com.au/product/cripps-nubake-master-bread-multi-grain-700g-9569337",
    "name": "Cripps Nubake Master Bread Multi Grain | 700g",
    "image_url": "https://www.coles.com.au/_next/image?url=https%3A%2F%2Fproductimages.coles.com.au%2Fproductimages%2F9%2F9569337.jpg&w=640&q=90",
    "source_id": "Coles - 9569337",
    "barcode": "9323975101789",
    "shop": "coles",
    "category_id": "22060",
    "weight": "700g",
    "prices": [
      {
        "state": "TAS",
        "price": "43",
        "price_per_unit": "300",
        "price_unit": "g"
      }
    ]
  },
  {
    "source_url": "https://www.woolworths.com.au/shop/productdetails/196584/cripps-master-multi-grain-bread",
    "name": "Cripps Master Multi Grain Bread 700g",
    "image_url": "https://cdn1.woolworths.media/content/wowproductimages/large/196584.jpg",
    "source_id": "Woolworths - 196584",
    "barcode": "9323975101789",
    "shop": "Woolworths",
    "category_id": "22060",
    "weight": "100G",
    "prices": [
      {
        "state": "TAS",
        "price": "300",
        "price_per_unit": "43",
        "price_unit": "G"
      }
    ]
  },
  {
    "source_url": "https://www.coles.com.au/product/cripps-master-bread-wholemeal-700g-9445618",
    "name": "Cripps Master Bread Wholemeal | 700g",
    "image_url": "https://www.coles.com.au/_next/image?url=https%3A%2F%2Fproductimages.coles.com.au%2Fproductimages%2F9%2F9445618.jpg&w=640&q=90",
    "source_id": "Coles - 9445618",
    "barcode": "9323975101611",
    "shop": "coles",
    "category_id": "22060",
    "weight": "700g",
    "prices": [
      {
        "state": "TAS",
        "price": "43",
        "price_per_unit": "300",
        "price_unit": "g"
      }
    ]
  },
  {
    "source_url": "https://www.woolworths.com.au/shop/productdetails/185315/cripps-master-wholemeal-sandwich-bread",
    "name": "Cripps Master Wholemeal Sandwich Bread 700g",
    "image_url": "https://cdn1.woolworths.media/content/wowproductimages/large/185315.jpg",
    "source_id": "Woolworths - 185315",
    "barcode": "9323975101611",
    "shop": "Woolworths",
    "category_id": "22060",
    "weight": "100G",
    "prices": [
      {
        "state": "TAS",
        "price": "300",
        "price_per_unit": "43",
        "price_unit": "G"
      }
    ]
  },
  {
    "source_url": "https://www.coles.com.au/product/cripps-master-bread-whole-meal-toast-700g-9445662",
    "name": "Cripps Master Bread Whole Meal Toast | 700g",
    "image_url": "https://www.coles.com.au/_next/image?url=https%3A%2F%2Fproductimages.coles.com.au%2Fproductimages%2F9%2F9445662.jpg&w=640&q=90",
    "source_id": "Coles - 9445662",
    "barcode": "9323975101628",
    "shop": "coles",
    "category_id": "22060",
    "weight": "700g",
    "prices": [
      {
        "state": "TAS",
        "price": "43",
        "price_per_unit": "300",
        "price_unit": "g"
      }
    ]
  },
  {
    "source_url": "https://www.woolworths.com.au/shop/productdetails/185316/cripps-master-wholemeal-toast-bread",
    "name": "Cripps Master Wholemeal Toast Bread 700g",
    "image_url": "https://cdn1.woolworths.media/content/wowproductimages/large/185316.jpg",
    "source_id": "Woolworths - 185316",
    "barcode": "9323975101628",
    "shop": "Woolworths",
    "category_id": "22060",
    "weight": "100G",
    "prices": [
      {
        "state": "TAS",
        "price": "300",
        "price_per_unit": "43",
        "price_unit": "G"
      }
    ]
  },
  {
    "source_url": "https://www.coles.com.au/product/cripps-master-bread-white-700g-9293597",
    "name": "Cripps Master Bread White | 700g",
    "image_url": "https://www.coles.com.au/_next/image?url=https%3A%2F%2Fproductimages.coles.com.au%2Fproductimages%2F9%2F9293597.jpg&w=640&q=90",
    "source_id": "Coles - 9293597",
    "barcode": "9323975101529",
    "shop": "coles",
    "category_id": "22060",
    "weight": "700g",
    "prices": [
      {
        "state": "TAS",
        "price": "43",
        "price_per_unit": "300",
        "price_unit": "g"
      }
    ]
  },
  {
    "source_url": "https://www.woolworths.com.au/shop/productdetails/172525/cripps-nubake-master-white-loaf",
    "name": "Cripps Nubake Master White Loaf 700g",
    "image_url": "https://cdn1.woolworths.media/content/wowproductimages/large/172525.jpg",
    "source_id": "Woolworths - 172525",
    "barcode": "9323975101529",
    "shop": "Woolworths",
    "category_id": "22060",
    "weight": "100G",
    "prices": [
      {
        "state": "TAS",
        "price": "300",
        "price_per_unit": "43",
        "price_unit": "G"
      }
    ]
  },
  {
    "source_url": "https://www.coles.com.au/product/cripps-master-bread-white-toast-700g-9293611",
    "name": "Cripps Master Bread White Toast | 700g",
    "image_url": "https://www.coles.com.au/_next/image?url=https%3A%2F%2Fproductimages.coles.com.au%2Fproductimages%2F9%2F9293611.jpg&w=640&q=90",
    "source_id": "Coles - 9293611",
    "barcode": "9323975101536",
    "shop": "coles",
    "category_id": "22060",
    "weight": "700g",
    "prices": [
      {
        "state": "TAS",
        "price": "43",
        "price_per_unit": "300",
        "price_unit": "g"
      }
    ]
  },
  {
    "source_url": "https://www.woolworths.com.au/shop/productdetails/172529/cripps-nubake-master-white-toast-bread",
    "name": "Cripps Nubake Master White Toast Bread 700g",
    "image_url": "https://cdn1.woolworths.media/content/wowproductimages/large/172529.jpg",
    "source_id": "Woolworths - 172529",
    "barcode": "9323975101536",
    "shop": "Woolworths",
    "category_id": "22060",
    "weight": "100G",
    "prices": [
      {
        "state": "TAS",
        "price": "300",
        "price_per_unit": "43",
        "price_unit": "G"
      }
    ]
  },
  {
    "source_url": "https://www.coles.com.au/product/eliza's-white-bread-500g-7041877",
    "name": "Eliza's White Bread | 500g",
    "image_url": "https://www.coles.com.au/_next/image?url=https%3A%2F%2Fproductimages.coles.com.au%2Fproductimages%2F7%2F7041877.jpg&w=640&q=90",
    "source_id": "Coles - 7041877",
    "barcode": "9323975105923",
    "shop": "coles",
    "category_id": "22060",
    "weight": "500g",
    "prices": [
      {
        "state": "TAS",
        "price": "80",
        "price_per_unit": "400",
        "price_unit": "g"
      }
    ]
  },
  {
    "source_url": "https://www.woolworths.com.au/shop/productdetails/296218/eliza-s-bread-loaf-white",
    "name": "Eliza's Bread Loaf White 500g",
    "image_url": "https://cdn1.woolworths.media/content/wowproductimages/large/296218.jpg",
    "source_id": "Woolworths - 296218",
    "barcode": "9323975105923",
    "shop": "Woolworths",
    "category_id": "22060",
    "weight": "100G",
    "prices": [
      {
        "state": "TAS",
        "price": "400",
        "price_per_unit": "80",
        "price_unit": "G"
      }
    ]
  },
  {
    "source_url": "https://www.coles.com.au/product/eliza's-white-white-sourdough-bread-500g-7041811",
    "name": "Eliza's White White Sourdough Bread | 500g",
    "image_url": "https://www.coles.com.au/_next/image?url=https%3A%2F%2Fproductimages.coles.com.au%2Fproductimages%2F7%2F7041811.jpg&w=640&q=90",
    "source_id": "Coles - 7041811",
    "barcode": "9323975105930",
    "shop": "coles",
    "category_id": "22060",
    "weight": "500g",
    "prices": [
      {
        "state": "TAS",
        "price": "80",
        "price_per_unit": "400",
        "price_unit": "g"
      }
    ]
  },
  {
    "source_url": "https://www.woolworths.com.au/shop/productdetails/296217/eliza-s-bread-loaf-white-sourdough",
    "name": "Eliza's Bread Loaf White Sourdough 500g",
    "image_url": "https://cdn1.woolworths.media/content/wowproductimages/large/296217.jpg",
    "source_id": "Woolworths - 296217",
    "barcode": "9323975105930",
    "shop": "Woolworths",
    "category_id": "22060",
    "weight": "100G",
    "prices": [
      {
        "state": "TAS",
        "price": "400",
        "price_per_unit": "80",
        "price_unit": "G"
      }
    ]
  },
  {
    "source_url": "https://www.coles.com.au/product/eliza's-wholemeal-sourdough-bread-500g-7041844",
    "name": "Eliza's Wholemeal Sourdough Bread | 500g",
    "image_url": "https://www.coles.com.au/_next/image?url=https%3A%2F%2Fproductimages.coles.com.au%2Fproductimages%2F7%2F7041844.jpg&w=640&q=90",
    "source_id": "Coles - 7041844",
    "barcode": "9323975105947",
    "shop": "coles",
    "category_id": "22060",
    "weight": "500g",
    "prices": [
      {
        "state": "TAS",
        "price": "80",
        "price_per_unit": "400",
        "price_unit": "g"
      }
    ]
  },
  {
    "source_url": "https://www.woolworths.com.au/shop/productdetails/296811/eliza-s-bread-loaf-wholemeal-sourdough",
    "name": "Eliza's Bread Loaf Wholemeal Sourdough 500g",
    "image_url": "https://cdn1.woolworths.media/content/wowproductimages/large/296811.jpg",
    "source_id": "Woolworths - 296811",
    "barcode": "9323975105947",
    "shop": "Woolworths",
    "category_id": "22060",
    "weight": "100G",
    "prices": [
      {
        "state": "TAS",
        "price": "400",
        "price_per_unit": "80",
        "price_unit": "G"
      }
    ]
  },
  {
    "source_url": "https://www.coles.com.au/product/mighty-soft-white-thick-bread-700g-9714640",
    "name": "Mighty Soft White Thick Bread | 700g",
    "image_url": "https://www.coles.com.au/_next/image?url=https%3A%2F%2Fproductimages.coles.com.au%2Fproductimages%2F9%2F9714640.jpg&w=640&q=90",
    "source_id": "Coles - 9714640",
    "barcode": "9310023134738",
    "shop": "coles",
    "category_id": "22060",
    "weight": "700g",
    "prices": [
      {
        "state": "TAS",
        "price": "46",
        "price_per_unit": "320",
        "price_unit": "g"
      }
    ]
  },
  {
    "source_url": "https://www.woolworths.com.au/shop/productdetails/159585/mighty-soft-white-large-slice-thick",
    "name": "Mighty Soft White Large Slice Thick 700g",
    "image_url": "https://cdn1.woolworths.media/content/wowproductimages/large/159585.jpg",
    "source_id": "Woolworths - 159585",
    "barcode": "9310023134738",
    "shop": "Woolworths",
    "category_id": "22060",
    "weight": "100G",
    "prices": [
      {
        "state": "TAS",
        "price": "320",
        "price_per_unit": "46",
        "price_unit": "G"
      }
    ]
  },
  {
    "source_url": "https://www.coles.com.au/product/williams-harvest-grains-and-seeds-with-quinoa-800g-2270480",
    "name": "Williams Harvest Grains & Seeds With Quinoa | 800g",
    "image_url": "https://www.coles.com.au/_next/image?url=https%3A%2F%2Fproductimages.coles.com.au%2Fproductimages%2F2%2F2270480.jpg&w=640&q=90",
    "source_id": "Coles - 2270480",
    "barcode": "9323975104803",
    "shop": "coles",
    "category_id": "22060",
    "weight": "800g",
    "prices": [
      {
        "state": "TAS",
        "price": "50",
        "price_per_unit": "400",
        "price_unit": "g"
      }
    ]
  },
  {
    "source_url": "https://www.woolworths.com.au/shop/productdetails/829724/william-s-harvest-grains-seeds-with-quinoa-sliced-bread",
    "name": "William's Harvest Grains & Seeds With Quinoa Sliced Bread 800G",
    "image_url": "https://cdn1.woolworths.media/content/wowproductimages/large/829724.jpg",
    "source_id": "Woolworths - 829724",
    "barcode": "9323975104803",
    "shop": "Woolworths",
    "category_id": "22060",
    "weight": "100G",
    "prices": [
      {
        "state": "TAS",
        "price": "480",
        "price_per_unit": "60",
        "price_unit": "G"
      }
    ]
  },
  {
    "source_url": "https://www.coles.com.au/product/williams-original-sourdough-850g-3525259",
    "name": "Williams Original Sourdough | 850g",
    "image_url": "https://www.coles.com.au/_next/image?url=https%3A%2F%2Fproductimages.coles.com.au%2Fproductimages%2F3%2F3525259.jpg&w=640&q=90",
    "source_id": "Coles - 3525259",
    "barcode": "9323975105619",
    "shop": "coles",
    "category_id": "22060",
    "weight": "850g",
    "prices": [
      {
        "state": "TAS",
        "price": "47",
        "price_per_unit": "400",
        "price_unit": "g"
      }
    ]
  },
  {
    "source_url": "https://www.woolworths.com.au/shop/productdetails/21211/william-s-original-sourdough",
    "name": "William's Original Sourdough 850G",
    "image_url": "https://cdn1.woolworths.media/content/wowproductimages/large/021211.jpg",
    "source_id": "Woolworths - 21211",
    "barcode": "9323975105619",
    "shop": "Woolworths",
    "category_id": "22060",
    "weight": "100G",
    "prices": [
      {
        "state": "TAS",
        "price": "480",
        "price_per_unit": "56",
        "price_unit": "G"
      }
    ]
  },
  {
    "source_url": "https://www.coles.com.au/product/williams-sourdough-dark-rye-800g-3525281",
    "name": "Williams Sourdough Dark Rye | 800g",
    "image_url": "https://www.coles.com.au/_next/image?url=https%3A%2F%2Fproductimages.coles.com.au%2Fproductimages%2F3%2F3525281.jpg&w=640&q=90",
    "source_id": "Coles - 3525281",
    "barcode": "9323975105633",
    "shop": "coles",
    "category_id": "22060",
    "weight": "800g",
    "prices": [
      {
        "state": "TAS",
        "price": "50",
        "price_per_unit": "400",
        "price_unit": "g"
      }
    ]
  },
  {
    "source_url": "https://www.woolworths.com.au/shop/productdetails/21173/william-s-sourdough-dark-rye-sourdough",
    "name": "William's Sourdough Dark Rye Sourdough 800G",
    "image_url": "https://cdn1.woolworths.media/content/wowproductimages/large/021173.jpg",
    "source_id": "Woolworths - 21173",
    "barcode": "9323975105633",
    "shop": "Woolworths",
    "category_id": "22060",
    "weight": "100G",
    "prices": [
      {
        "state": "TAS",
        "price": "480",
        "price_per_unit": "60",
        "price_unit": "G"
      }
    ]
  },
  {
    "source_url": "https://www.coles.com.au/product/williams-tasmanian-rye-800g-3525260",
    "name": "Williams Tasmanian Rye | 800g",
    "image_url": "https://www.coles.com.au/_next/image?url=https%3A%2F%2Fproductimages.coles.com.au%2Fproductimages%2F3%2F3525260.jpg&w=640&q=90",
    "source_id": "Coles - 3525260",
    "barcode": "9323975105626",
    "shop": "coles",
    "category_id": "22060",
    "weight": "800g",
    "prices": [
      {
        "state": "TAS",
        "price": "50",
        "price_per_unit": "400",
        "price_unit": "g"
      }
    ]
  },
  {
    "source_url": "https://www.woolworths.com.au/shop/productdetails/21184/william-s-tasmanian-rye-sourdough",
    "name": "William's Tasmanian Rye Sourdough 800G",
    "image_url": "https://cdn1.woolworths.media/content/wowproductimages/large/021184.jpg",
    "source_id": "Woolworths - 21184",
    "barcode": "9323975105626",
    "shop": "Woolworths",
    "category_id": "22060",
    "weight": "100G",
    "prices": [
      {
        "state": "TAS",
        "price": "480",
        "price_per_unit": "60",
        "price_unit": "G"
      }
    ]
  },
  {
    "source_url": "https://www.coles.com.au/product/williams-wholemeal-sourdough-800g-2898013",
    "name": "Williams Wholemeal Sourdough | 800g",
    "image_url": "https://www.coles.com.au/_next/image?url=https%3A%2F%2Fproductimages.coles.com.au%2Fproductimages%2F2%2F2898013.jpg&w=640&q=90",
    "source_id": "Coles - 2898013",
    "barcode": "9323975105251",
    "shop": "coles",
    "category_id": "22060",
    "weight": "800g",
    "prices": [
      {
        "state": "TAS",
        "price": "50",
        "price_per_unit": "400",
        "price_unit": "g"
      }
    ]
  },
  {
    "source_url": "https://www.woolworths.com.au/shop/productdetails/477636/william-s-wholemeal-sourdough-loaf-wholemeal",
    "name": "William's Wholemeal Sourdough Loaf Wholemeal 800g",
    "image_url": "https://cdn1.woolworths.media/content/wowproductimages/large/477636.jpg",
    "source_id": "Woolworths - 477636",
    "barcode": "9323975105251",
    "shop": "Woolworths",
    "category_id": "22060",
    "weight": "100G",
    "prices": [
      {
        "state": "TAS",
        "price": "480",
        "price_per_unit": "60",
        "price_unit": "G"
      }
    ]
  },
  {
    "source_url": "https://www.coles.com.au/product/helga's-gluten-free-white-bread-slices-470g-3237913",
    "name": "Helga's Gluten Free White Bread Slices | 470g",
    "image_url": "https://www.coles.com.au/_next/image?url=https%3A%2F%2Fproductimages.coles.com.au%2Fproductimages%2F3%2F3237913.jpg&w=640&q=90",
    "source_id": "Coles - 3237913",
    "barcode": "9310023143990",
    "shop": "coles",
    "category_id": "22060",
    "weight": "470g",
    "prices": [
      {
        "state": "VIC",
        "price": "166",
        "price_per_unit": "780",
        "price_unit": "g"
      },
      {
        "state": "NSW",
        "price": "166",
        "price_per_unit": "780",
        "price_unit": "g"
      },
      {
        "state": "QLD",
        "price": "166",
        "price_per_unit": "780",
        "price_unit": "g"
      },
      {
        "state": "SA",
        "price": "166",
        "price_per_unit": "780",
        "price_unit": "g"
      },
      {
        "state": "ACT",
        "price": "166",
        "price_per_unit": "780",
        "price_unit": "g"
      }
    ]
  },
  {
    "source_url": "https://www.woolworths.com.au/shop/productdetails/688815/helga-s-gluten-free-traditional-white-loaf",
    "name": "Helga's Gluten Free Traditional White Loaf 470g",
    "image_url": "https://cdn1.woolworths.media/content/wowproductimages/large/688815.jpg",
    "source_id": "Woolworths - 688815",
    "barcode": "9310023143990",
    "shop": "Woolworths",
    "category_id": "22060",
    "weight": "100G",
    "prices": [
      {
        "state": "ACT",
        "price": "780",
        "price_per_unit": "166",
        "price_unit": "G"
      }
    ]
  }
]