[
  {
    "source_url": "https://www.woolworths.com.au/shop/productdetails/261309/always-fresh-capsicum-wood-roasted-piquillo-peppers",
    "name": "Always Fresh Capsicum Wood Roasted Piquillo Peppers 285g",
    "image_url": "https://cdn1.woolworths.media/content/wowproductimages/large/261309.jpg",
    "source_id": "Woolworths - 261309",
    "barcode": "9300602359270",
    "category_id": "22770",
    "shop": "Woolworths",
    "weight": "1KG",
    "prices": [
      {
        "state": "NSW",
        "price": "360",
        "price_per_unit": "1263",
        "price_unit": "KG"
      },
      {
        "state": "VIC",
        "price": "370",
        "price_per_unit": "1298",
        "price_unit": "KG"
      },
      {
        "state": "QLD",
        "price": "370",
        "price_per_unit": "1298",
        "price_unit": "KG"
      },
      {
        "state": "WA",
        "price": "370",
        "price_per_unit": "1298",
        "price_unit": "KG"
      },
      {
        "state": "SA",
        "price": "370",
        "price_per_unit": "1298",
        "price_unit": "KG"
      },
      {
        "state": "TAS",
        "price": "370",
        "price_per_unit": "1298",
        "price_unit": "KG"
      },
      {
        "state": "ACT",
        "price": "360",
        "price_per_unit": "1263",
        "price_unit": "KG"
      },
      {
        "state": "NT",
        "price": "370",
        "price_per_unit": "1298",
        "price_unit": "KG"
      }
    ]
  },
  {
    "source_url": "https://www.woolworths.com.au/shop/productdetails/465084/always-fresh-kalamata-olives-pitted",
    "name": "Always Fresh Kalamata Olives Pitted 220g",
    "image_url": "https://cdn1.woolworths.media/content/wowproductimages/large/465084.jpg",
    "source_id": "Woolworths - 465084",
    "barcode": "9300602371081",
    "category_id": "22770",
    "shop": "Woolworths",
    "weight": "1KG",
    "prices": [
      {
        "state": "NSW",
        "price": "480",
        "price_per_unit": "2182",
        "price_unit": "KG"
      },
      {
        "state": "VIC",
        "price": "480",
        "price_per_unit": "2182",
        "price_unit": "KG"
      },
      {
        "state": "QLD",
        "price": "480",
        "price_per_unit": "2182",
        "price_unit": "KG"
      },
      {
        "state": "WA",
        "price": "480",
        "price_per_unit": "2182",
        "price_unit": "KG"
      },
      {
        "state": "SA",
        "price": "480",
        "price_per_unit": "2182",
        "price_unit": "KG"
      },
      {
        "state": "TAS",
        "price": "480",
        "price_per_unit": "2182",
        "price_unit": "KG"
      },
      {
        "state": "ACT",
        "price": "480",
        "price_per_unit": "2182",
        "price_unit": "KG"
      },
      {
        "state": "NT",
        "price": "480",
        "price_per_unit": "2182",
        "price_unit": "KG"
      }
    ]
  },
  {
    "source_url": "https://www.woolworths.com.au/shop/productdetails/465079/always-fresh-kalamata-olives-sliced",
    "name": "Always Fresh Kalamata Olives Sliced 220g",
    "image_url": "https://cdn1.woolworths.media/content/wowproductimages/large/465079.jpg",
    "source_id": "Woolworths - 465079",
    "barcode": "9300602371241",
    "category_id": "22770",
    "shop": "Woolworths",
    "weight": "1KG",
    "prices": [
      {
        "state": "NSW",
        "price": "480",
        "price_per_unit": "2182",
        "price_unit": "KG"
      },
      {
        "state": "VIC",
        "price": "480",
        "price_per_unit": "2182",
        "price_unit": "KG"
      },
      {
        "state": "QLD",
        "price": "480",
        "price_per_unit": "2182",
        "price_unit": "KG"
      },
      {
        "state": "WA",
        "price": "480",
        "price_per_unit": "2182",
        "price_unit": "KG"
      },
      {
        "state": "SA",
        "price": "480",
        "price_per_unit": "2182",
        "price_unit": "KG"
      },
      {
        "state": "TAS",
        "price": "480",
        "price_per_unit": "2182",
        "price_unit": "KG"
      },
      {
        "state": "ACT",
        "price": "480",
        "price_per_unit": "2182",
        "price_unit": "KG"
      },
      {
        "state": "NT",
        "price": "480",
        "price_per_unit": "2182",
        "price_unit": "KG"
      }
    ]
  },
  {
    "source_url": "https://www.woolworths.com.au/shop/productdetails/72424/always-fresh-olives-anchovy-stuffed",
    "name": "Always Fresh Olives Anchovy Stuffed 235g",
    "image_url": "https://cdn1.woolworths.media/content/wowproductimages/large/072424.jpg",
    "source_id": "Woolworths - 72424",
    "barcode": "93602617",
    "category_id": "22770",
    "shop": "Woolworths",
    "weight": "1KG",
    "prices": [
      {
        "state": "NSW",
        "price": "350",
        "price_per_unit": "1489",
        "price_unit": "KG"
      },
      {
        "state": "VIC",
        "price": "350",
        "price_per_unit": "1489",
        "price_unit": "KG"
      },
      {
        "state": "QLD",
        "price": "350",
        "price_per_unit": "1489",
        "price_unit": "KG"
      },
      {
        "state": "WA",
        "price": "350",
        "price_per_unit": "1489",
        "price_unit": "KG"
      },
      {
        "state": "SA",
        "price": "350",
        "price_per_unit": "1489",
        "price_unit": "KG"
      },
      {
        "state": "TAS",
        "price": "350",
        "price_per_unit": "1489",
        "price_unit": "KG"
      },
      {
        "state": "ACT",
        "price": "350",
        "price_per_unit": "1489",
        "price_unit": "KG"
      },
      {
        "state": "NT",
        "price": "350",
        "price_per_unit": "1489",
        "price_unit": "KG"
      }
    ]
  },
  {
    "source_url": "https://www.woolworths.com.au/shop/productdetails/789822/always-fresh-olives-parmesan-stuffed",
    "name": "Always Fresh Olives Parmesan Stuffed 235g",
    "image_url": "https://cdn1.woolworths.media/content/wowproductimages/large/789822.jpg",
    "source_id": "Woolworths - 789822",
    "barcode": "9300602357801",
    "category_id": "22770",
    "shop": "Woolworths",
    "weight": "1KG",
    "prices": [
      {
        "state": "NSW",
        "price": "600",
        "price_per_unit": "2553",
        "price_unit": "KG"
      },
      {
        "state": "VIC",
        "price": "600",
        "price_per_unit": "2553",
        "price_unit": "KG"
      },
      {
        "state": "QLD",
        "price": "600",
        "price_per_unit": "2553",
        "price_unit": "KG"
      },
      {
        "state": "WA",
        "price": "600",
        "price_per_unit": "2553",
        "price_unit": "KG"
      },
      {
        "state": "SA",
        "price": "600",
        "price_per_unit": "2553",
        "price_unit": "KG"
      },
      {
        "state": "TAS",
        "price": "600",
        "price_per_unit": "2553",
        "price_unit": "KG"
      },
      {
        "state": "ACT",
        "price": "600",
        "price_per_unit": "2553",
        "price_unit": "KG"
      },
      {
        "state": "NT",
        "price": "630",
        "price_per_unit": "2681",
        "price_unit": "KG"
      }
    ]
  },
  {
    "source_url": "https://www.woolworths.com.au/shop/productdetails/252358/always-fresh-pitted-kalamata-olives",
    "name": "Always Fresh Pitted Kalamata Olives 670g",
    "image_url": "https://cdn1.woolworths.media/content/wowproductimages/large/252358.jpg",
    "source_id": "Woolworths - 252358",
    "barcode": "9300602359713",
    "category_id": "22770",
    "shop": "Woolworths",
    "weight": "1KG",
    "prices": [
      {
        "state": "NSW",
        "price": "840",
        "price_per_unit": "1254",
        "price_unit": "KG"
      },
      {
        "state": "VIC",
        "price": "840",
        "price_per_unit": "1254",
        "price_unit": "KG"
      },
      {
        "state": "QLD",
        "price": "840",
        "price_per_unit": "1254",
        "price_unit": "KG"
      },
      {
        "state": "WA",
        "price": "840",
        "price_per_unit": "1254",
        "price_unit": "KG"
      },
      {
        "state": "SA",
        "price": "840",
        "price_per_unit": "1254",
        "price_unit": "KG"
      },
      {
        "state": "TAS",
        "price": "840",
        "price_per_unit": "1254",
        "price_unit": "KG"
      },
      {
        "state": "ACT",
        "price": "840",
        "price_per_unit": "1254",
        "price_unit": "KG"
      },
      {
        "state": "NT",
        "price": "840",
        "price_per_unit": "1254",
        "price_unit": "KG"
      }
    ]
  },
  {
    "source_url": "https://www.woolworths.com.au/shop/productdetails/465039/always-fresh-sicilian-olives-pitted",
    "name": "Always Fresh Sicilian Olives Pitted 230g",
    "image_url": "https://cdn1.woolworths.media/content/wowproductimages/large/465039.jpg",
    "source_id": "Woolworths - 465039",
    "barcode": "9300602368043",
    "category_id": "22770",
    "shop": "Woolworths",
    "weight": "1KG",
    "prices": [
      {
        "state": "NSW",
        "price": "400",
        "price_per_unit": "1739",
        "price_unit": "KG"
      },
      {
        "state": "VIC",
        "price": "400",
        "price_per_unit": "1739",
        "price_unit": "KG"
      },
      {
        "state": "QLD",
        "price": "400",
        "price_per_unit": "1739",
        "price_unit": "KG"
      },
      {
        "state": "WA",
        "price": "400",
        "price_per_unit": "1739",
        "price_unit": "KG"
      },
      {
        "state": "SA",
        "price": "400",
        "price_per_unit": "1739",
        "price_unit": "KG"
      },
      {
        "state": "TAS",
        "price": "400",
        "price_per_unit": "1739",
        "price_unit": "KG"
      },
      {
        "state": "ACT",
        "price": "400",
        "price_per_unit": "1739",
        "price_unit": "KG"
      },
      {
        "state": "NT",
        "price": "420",
        "price_per_unit": "1826",
        "price_unit": "KG"
      }
    ]
  },
  {
    "source_url": "https://www.woolworths.com.au/shop/productdetails/203170/artisanology-australian-quince-paste",
    "name": "Artisanology Australian Quince Paste 60g",
    "image_url": "https://cdn1.woolworths.media/content/wowproductimages/large/203170.jpg",
    "source_id": "Woolworths - 203170",
    "barcode": "9318939001786",
    "category_id": "22770",
    "shop": "Woolworths",
    "weight": "100G",
    "prices": [
      {
        "state": "NSW",
        "price": "500",
        "price_per_unit": "833",
        "price_unit": "G"
      },
      {
        "state": "SA",
        "price": "500",
        "price_per_unit": "833",
        "price_unit": "G"
      },
      {
        "state": "ACT",
        "price": "500",
        "price_per_unit": "833",
        "price_unit": "G"
      }
    ]
  },
  {
    "source_url": "https://www.woolworths.com.au/shop/productdetails/202950/artisanology-australian-spiced-per-paste",
    "name": "Artisanology Australian Spiced Per Paste 60g",
    "image_url": "https://cdn1.woolworths.media/content/wowproductimages/large/202950.jpg",
    "source_id": "Woolworths - 202950",
    "barcode": "9318939001793",
    "category_id": "22770",
    "shop": "Woolworths",
    "weight": "100G",
    "prices": [
      {
        "state": "NSW",
        "price": "500",
        "price_per_unit": "833",
        "price_unit": "G"
      },
      {
        "state": "SA",
        "price": "500",
        "price_per_unit": "833",
        "price_unit": "G"
      },
      {
        "state": "ACT",
        "price": "500",
        "price_per_unit": "833",
        "price_unit": "G"
      }
    ]
  },
  {
    "source_url": "https://www.woolworths.com.au/shop/productdetails/202660/artisanology-tapenade-kalamata-roasted-garlic-gluten-free",
    "name": "Artisanology Tapenade Kalamata & Roasted Garlic Gluten Free 190g",
    "image_url": "https://cdn1.woolworths.media/content/wowproductimages/large/202660.jpg",
    "source_id": "Woolworths - 202660",
    "barcode": "9318939001847",
    "category_id": "22770",
    "shop": "Woolworths",
    "weight": "100G",
    "prices": [
      {
        "state": "NSW",
        "price": "1200",
        "price_per_unit": "632",
        "price_unit": "G"
      },
      {
        "state": "WA",
        "price": "1200",
        "price_per_unit": "632",
        "price_unit": "G"
      },
      {
        "state": "SA",
        "price": "1200",
        "price_per_unit": "632",
        "price_unit": "G"
      },
      {
        "state": "TAS",
        "price": "1200",
        "price_per_unit": "632",
        "price_unit": "G"
      },
      {
        "state": "ACT",
        "price": "1200",
        "price_per_unit": "632",
        "price_unit": "G"
      }
    ]
  },
  {
    "source_url": "https://www.woolworths.com.au/shop/productdetails/622040/baxter-s-fig-date-balsamic-chutney",
    "name": "Baxter's Fig & Date Balsamic Chutney 235g",
    "image_url": "https://cdn1.woolworths.media/content/wowproductimages/large/622040.jpg",
    "source_id": "Woolworths - 622040",
    "barcode": "9340398000512",
    "category_id": "22770",
    "shop": "Woolworths",
    "weight": "100G",
    "prices": [
      {
        "state": "NSW",
        "price": "540",
        "price_per_unit": "230",
        "price_unit": "G"
      },
      {
        "state": "VIC",
        "price": "540",
        "price_per_unit": "230",
        "price_unit": "G"
      },
      {
        "state": "QLD",
        "price": "540",
        "price_per_unit": "230",
        "price_unit": "G"
      },
      {
        "state": "WA",
        "price": "540",
        "price_per_unit": "230",
        "price_unit": "G"
      },
      {
        "state": "SA",
        "price": "540",
        "price_per_unit": "230",
        "price_unit": "G"
      },
      {
        "state": "TAS",
        "price": "540",
        "price_per_unit": "230",
        "price_unit": "G"
      },
      {
        "state": "ACT",
        "price": "540",
        "price_per_unit": "230",
        "price_unit": "G"
      },
      {
        "state": "NT",
        "price": "565",
        "price_per_unit": "240",
        "price_unit": "G"
      }
    ]
  },
  {
    "source_url": "https://www.woolworths.com.au/shop/productdetails/10788/baxters-chilli-jam",
    "name": "Baxters Chilli Jam 225G",
    "image_url": "https://cdn1.woolworths.media/content/wowproductimages/large/010788.jpg",
    "source_id": "Woolworths - 10788",
    "barcode": "9340398000154",
    "category_id": "22770",
    "shop": "Woolworths",
    "weight": "100G",
    "prices": [
      {
        "state": "NSW",
        "price": "540",
        "price_per_unit": "240",
        "price_unit": "G"
      },
      {
        "state": "VIC",
        "price": "540",
        "price_per_unit": "240",
        "price_unit": "G"
      },
      {
        "state": "QLD",
        "price": "540",
        "price_per_unit": "240",
        "price_unit": "G"
      },
      {
        "state": "WA",
        "price": "540",
        "price_per_unit": "240",
        "price_unit": "G"
      },
      {
        "state": "SA",
        "price": "540",
        "price_per_unit": "240",
        "price_unit": "G"
      },
      {
        "state": "TAS",
        "price": "540",
        "price_per_unit": "240",
        "price_unit": "G"
      },
      {
        "state": "ACT",
        "price": "540",
        "price_per_unit": "240",
        "price_unit": "G"
      },
      {
        "state": "NT",
        "price": "565",
        "price_per_unit": "251",
        "price_unit": "G"
      }
    ]
  },
  {
    "source_url": "https://www.woolworths.com.au/shop/productdetails/310572/beerenberg-caramelised-onion",
    "name": "Beerenberg Caramelised Onion 280g",
    "image_url": "https://cdn1.woolworths.media/content/wowproductimages/large/310572.jpg",
    "source_id": "Woolworths - 310572",
    "barcode": "9311485001101",
    "category_id": "22770",
    "shop": "Woolworths",
    "weight": "100G",
    "prices": [
      {
        "state": "NSW",
        "price": "630",
        "price_per_unit": "225",
        "price_unit": "G"
      },
      {
        "state": "VIC",
        "price": "630",
        "price_per_unit": "225",
        "price_unit": "G"
      },
      {
        "state": "QLD",
        "price": "630",
        "price_per_unit": "225",
        "price_unit": "G"
      },
      {
        "state": "WA",
        "price": "630",
        "price_per_unit": "225",
        "price_unit": "G"
      },
      {
        "state": "SA",
        "price": "630",
        "price_per_unit": "225",
        "price_unit": "G"
      },
      {
        "state": "TAS",
        "price": "630",
        "price_per_unit": "225",
        "price_unit": "G"
      },
      {
        "state": "ACT",
        "price": "630",
        "price_per_unit": "225",
        "price_unit": "G"
      },
      {
        "state": "NT",
        "price": "660",
        "price_per_unit": "236",
        "price_unit": "G"
      }
    ]
  },
  {
    "source_url": "https://www.woolworths.com.au/shop/productdetails/4412/beerenberg-hot-tomato-chutney",
    "name": "Beerenberg Hot Tomato Chutney 260g",
    "image_url": "https://cdn1.woolworths.media/content/wowproductimages/large/004412.jpg",
    "source_id": "Woolworths - 4412",
    "barcode": "9311485502004",
    "category_id": "22770",
    "shop": "Woolworths",
    "weight": "100G",
    "prices": [
      {
        "state": "NSW",
        "price": "630",
        "price_per_unit": "242",
        "price_unit": "G"
      },
      {
        "state": "VIC",
        "price": "630",
        "price_per_unit": "242",
        "price_unit": "G"
      },
      {
        "state": "QLD",
        "price": "630",
        "price_per_unit": "242",
        "price_unit": "G"
      },
      {
        "state": "WA",
        "price": "630",
        "price_per_unit": "242",
        "price_unit": "G"
      },
      {
        "state": "SA",
        "price": "630",
        "price_per_unit": "242",
        "price_unit": "G"
      },
      {
        "state": "TAS",
        "price": "630",
        "price_per_unit": "242",
        "price_unit": "G"
      },
      {
        "state": "ACT",
        "price": "630",
        "price_per_unit": "242",
        "price_unit": "G"
      },
      {
        "state": "NT",
        "price": "660",
        "price_per_unit": "254",
        "price_unit": "G"
      }
    ]
  },
  {
    "source_url": "https://www.woolworths.com.au/shop/productdetails/732537/beerenberg-relish-balsamic-beetroot",
    "name": "Beerenberg Relish Balsamic Beetroot 280g",
    "image_url": "https://cdn1.woolworths.media/content/wowproductimages/large/732537.jpg",
    "source_id": "Woolworths - 732537",
    "barcode": "9311485001835",
    "category_id": "22770",
    "shop": "Woolworths",
    "weight": "100G",
    "prices": [
      {
        "state": "NSW",
        "price": "630",
        "price_per_unit": "225",
        "price_unit": "G"
      },
      {
        "state": "VIC",
        "price": "630",
        "price_per_unit": "225",
        "price_unit": "G"
      },
      {
        "state": "QLD",
        "price": "630",
        "price_per_unit": "225",
        "price_unit": "G"
      },
      {
        "state": "WA",
        "price": "630",
        "price_per_unit": "225",
        "price_unit": "G"
      },
      {
        "state": "SA",
        "price": "630",
        "price_per_unit": "225",
        "price_unit": "G"
      },
      {
        "state": "TAS",
        "price": "630",
        "price_per_unit": "225",
        "price_unit": "G"
      },
      {
        "state": "ACT",
        "price": "630",
        "price_per_unit": "225",
        "price_unit": "G"
      },
      {
        "state": "NT",
        "price": "660",
        "price_per_unit": "236",
        "price_unit": "G"
      }
    ]
  },
  {
    "source_url": "https://www.woolworths.com.au/shop/productdetails/788565/beerenberg-relish-burger",
    "name": "Beerenberg Relish Burger 260g",
    "image_url": "https://cdn1.woolworths.media/content/wowproductimages/large/788565.jpg",
    "source_id": "Woolworths - 788565",
    "barcode": "9311485002405",
    "category_id": "22770",
    "shop": "Woolworths",
    "weight": "100G",
    "prices": [
      {
        "state": "NSW",
        "price": "630",
        "price_per_unit": "242",
        "price_unit": "G"
      },
      {
        "state": "VIC",
        "price": "630",
        "price_per_unit": "242",
        "price_unit": "G"
      },
      {
        "state": "QLD",
        "price": "630",
        "price_per_unit": "242",
        "price_unit": "G"
      },
      {
        "state": "WA",
        "price": "630",
        "price_per_unit": "242",
        "price_unit": "G"
      },
      {
        "state": "SA",
        "price": "630",
        "price_per_unit": "242",
        "price_unit": "G"
      },
      {
        "state": "TAS",
        "price": "630",
        "price_per_unit": "242",
        "price_unit": "G"
      },
      {
        "state": "ACT",
        "price": "630",
        "price_per_unit": "242",
        "price_unit": "G"
      },
      {
        "state": "NT",
        "price": "660",
        "price_per_unit": "254",
        "price_unit": "G"
      }
    ]
  },
  {
    "source_url": "https://www.woolworths.com.au/shop/productdetails/3151/beerenberg-tomato-chutney",
    "name": "Beerenberg Tomato Chutney 260g",
    "image_url": "https://cdn1.woolworths.media/content/wowproductimages/large/003151.jpg",
    "source_id": "Woolworths - 3151",
    "barcode": "9311485501700",
    "category_id": "22770",
    "shop": "Woolworths",
    "weight": "100G",
    "prices": [
      {
        "state": "NSW",
        "price": "630",
        "price_per_unit": "242",
        "price_unit": "G"
      },
      {
        "state": "VIC",
        "price": "630",
        "price_per_unit": "242",
        "price_unit": "G"
      },
      {
        "state": "QLD",
        "price": "630",
        "price_per_unit": "242",
        "price_unit": "G"
      },
      {
        "state": "WA",
        "price": "630",
        "price_per_unit": "242",
        "price_unit": "G"
      },
      {
        "state": "SA",
        "price": "630",
        "price_per_unit": "242",
        "price_unit": "G"
      },
      {
        "state": "TAS",
        "price": "630",
        "price_per_unit": "242",
        "price_unit": "G"
      },
      {
        "state": "ACT",
        "price": "630",
        "price_per_unit": "242",
        "price_unit": "G"
      },
      {
        "state": "NT",
        "price": "660",
        "price_per_unit": "254",
        "price_unit": "G"
      }
    ]
  },
  {
    "source_url": "https://www.woolworths.com.au/shop/productdetails/285969/bippi-chilli-olive-tapenade",
    "name": "Bippi Chilli Olive Tapenade 250g",
    "image_url": "https://cdn1.woolworths.media/content/wowproductimages/large/285969.jpg",
    "source_id": "Woolworths - 285969",
    "barcode": "9369998207879",
    "category_id": "22770",
    "shop": "Woolworths",
    "weight": "100G",
    "prices": [
      {
        "state": "NSW",
        "price": "1300",
        "price_per_unit": "520",
        "price_unit": "G"
      },
      {
        "state": "VIC",
        "price": "1300",
        "price_per_unit": "520",
        "price_unit": "G"
      },
      {
        "state": "QLD",
        "price": "1300",
        "price_per_unit": "520",
        "price_unit": "G"
      },
      {
        "state": "WA",
        "price": "1300",
        "price_per_unit": "520",
        "price_unit": "G"
      },
      {
        "state": "SA",
        "price": "1300",
        "price_per_unit": "520",
        "price_unit": "G"
      },
      {
        "state": "ACT",
        "price": "1300",
        "price_per_unit": "520",
        "price_unit": "G"
      }
    ]
  },
  {
    "source_url": "https://www.woolworths.com.au/shop/productdetails/300764/bitton-black-olive-tapenade",
    "name": "Bitton Black Olive Tapenade 190g",
    "image_url": "https://cdn1.woolworths.media/content/wowproductimages/large/300764.jpg",
    "source_id": "Woolworths - 300764",
    "barcode": "9331132004019",
    "category_id": "22770",
    "shop": "Woolworths",
    "weight": "100ML",
    "prices": [
      {
        "state": "NSW",
        "price": "1500",
        "price_per_unit": "789",
        "price_unit": "ML"
      },
      {
        "state": "VIC",
        "price": "1500",
        "price_per_unit": "789",
        "price_unit": "ML"
      },
      {
        "state": "QLD",
        "price": "1500",
        "price_per_unit": "789",
        "price_unit": "ML"
      },
      {
        "state": "SA",
        "price": "1500",
        "price_per_unit": "789",
        "price_unit": "ML"
      },
      {
        "state": "ACT",
        "price": "1500",
        "price_per_unit": "789",
        "price_unit": "ML"
      }
    ]
  },
  {
    "source_url": "https://www.woolworths.com.au/shop/productdetails/789722/blue-m-caramelised-onion-jam",
    "name": "Blue M Caramelised Onion Jam 360g",
    "image_url": "https://cdn1.woolworths.media/content/wowproductimages/large/789722.jpg",
    "source_id": "Woolworths - 789722",
    "barcode": "9326577005127",
    "category_id": "22770",
    "shop": "Woolworths",
    "weight": "1KG",
    "prices": [
      {
        "state": "NSW",
        "price": "1000",
        "price_per_unit": "2778",
        "price_unit": "KG"
      },
      {
        "state": "ACT",
        "price": "1000",
        "price_per_unit": "2778",
        "price_unit": "KG"
      }
    ]
  },
  {
    "source_url": "https://www.woolworths.com.au/shop/productdetails/789734/blue-m-chutney-tomato-apple",
    "name": "Blue M Chutney Tomato & Apple 340g",
    "image_url": "https://cdn1.woolworths.media/content/wowproductimages/large/789734.jpg",
    "source_id": "Woolworths - 789734",
    "barcode": "9326577005011",
    "category_id": "22770",
    "shop": "Woolworths",
    "weight": "1KG",
    "prices": [
      {
        "state": "NSW",
        "price": "800",
        "price_per_unit": "2353",
        "price_unit": "KG"
      }
    ]
  },
  {
    "source_url": "https://www.woolworths.com.au/shop/productdetails/789732/blue-m-relish-beetroot",
    "name": "Blue M Relish Beetroot 340G",
    "image_url": "https://cdn1.woolworths.media/content/wowproductimages/large/789732.jpg",
    "source_id": "Woolworths - 789732",
    "barcode": "9326577005158",
    "category_id": "22770",
    "shop": "Woolworths",
    "weight": "1KG",
    "prices": [
      {
        "state": "NSW",
        "price": "1000",
        "price_per_unit": "2941",
        "price_unit": "KG"
      },
      {
        "state": "ACT",
        "price": "1000",
        "price_per_unit": "2941",
        "price_unit": "KG"
      }
    ]
  },
  {
    "source_url": "https://www.woolworths.com.au/shop/productdetails/789723/blue-m-relish-caramelised-chilli-onion-jam",
    "name": "Blue M Relish Caramelised Chilli Onion Jam 360G",
    "image_url": "https://cdn1.woolworths.media/content/wowproductimages/large/789723.jpg",
    "source_id": "Woolworths - 789723",
    "barcode": "9326577005134",
    "category_id": "22770",
    "shop": "Woolworths",
    "weight": "1KG",
    "prices": [
      {
        "state": "NSW",
        "price": "1000",
        "price_per_unit": "2778",
        "price_unit": "KG"
      },
      {
        "state": "ACT",
        "price": "1000",
        "price_per_unit": "2778",
        "price_unit": "KG"
      }
    ]
  },
  {
    "source_url": "https://www.woolworths.com.au/shop/productdetails/34434/cornwell-s-mint-sauce-mint",
    "name": "Cornwell's Mint Sauce Mint 200ml",
    "image_url": "https://cdn1.woolworths.media/content/wowproductimages/large/034434.jpg",
    "source_id": "Woolworths - 34434",
    "barcode": "93203029",
    "category_id": "22770",
    "shop": "Woolworths",
    "weight": "100ML",
    "prices": [
      {
        "state": "NSW",
        "price": "250",
        "price_per_unit": "125",
        "price_unit": "ML"
      },
      {
        "state": "VIC",
        "price": "250",
        "price_per_unit": "125",
        "price_unit": "ML"
      },
      {
        "state": "QLD",
        "price": "250",
        "price_per_unit": "125",
        "price_unit": "ML"
      },
      {
        "state": "WA",
        "price": "250",
        "price_per_unit": "125",
        "price_unit": "ML"
      },
      {
        "state": "SA",
        "price": "250",
        "price_per_unit": "125",
        "price_unit": "ML"
      },
      {
        "state": "TAS",
        "price": "250",
        "price_per_unit": "125",
        "price_unit": "ML"
      },
      {
        "state": "ACT",
        "price": "250",
        "price_per_unit": "125",
        "price_unit": "ML"
      },
      {
        "state": "NT",
        "price": "265",
        "price_per_unit": "133",
        "price_unit": "ML"
      }
    ]
  },
  {
    "source_url": "https://www.woolworths.com.au/shop/productdetails/302994/doodles-creek-spicy-tomato-relish",
    "name": "Doodles Creek Spicy Tomato Relish 250g",
    "image_url": "https://cdn1.woolworths.media/content/wowproductimages/large/302994.jpg",
    "source_id": "Woolworths - 302994",
    "barcode": "9338516000131",
    "category_id": "22770",
    "shop": "Woolworths",
    "weight": "1KG",
    "prices": [
      {
        "state": "NSW",
        "price": "1200",
        "price_per_unit": "4800",
        "price_unit": "KG"
      },
      {
        "state": "VIC",
        "price": "1200",
        "price_per_unit": "4800",
        "price_unit": "KG"
      },
      {
        "state": "WA",
        "price": "1200",
        "price_per_unit": "4800",
        "price_unit": "KG"
      },
      {
        "state": "SA",
        "price": "1200",
        "price_per_unit": "4800",
        "price_unit": "KG"
      },
      {
        "state": "TAS",
        "price": "1200",
        "price_per_unit": "4800",
        "price_unit": "KG"
      },
      {
        "state": "ACT",
        "price": "1200",
        "price_per_unit": "4800",
        "price_unit": "KG"
      }
    ]
  },
  {
    "source_url": "https://www.woolworths.com.au/shop/productdetails/59360/fountain-thick-mint-sauce",
    "name": "Fountain Thick Mint Sauce 250ml",
    "image_url": "https://cdn1.woolworths.media/content/wowproductimages/large/059360.jpg",
    "source_id": "Woolworths - 59360",
    "barcode": "9300681195738",
    "category_id": "22770",
    "shop": "Woolworths",
    "weight": "100ML",
    "prices": [
      {
        "state": "NSW",
        "price": "380",
        "price_per_unit": "152",
        "price_unit": "ML"
      },
      {
        "state": "VIC",
        "price": "380",
        "price_per_unit": "152",
        "price_unit": "ML"
      },
      {
        "state": "QLD",
        "price": "380",
        "price_per_unit": "152",
        "price_unit": "ML"
      },
      {
        "state": "WA",
        "price": "380",
        "price_per_unit": "152",
        "price_unit": "ML"
      },
      {
        "state": "SA",
        "price": "380",
        "price_per_unit": "152",
        "price_unit": "ML"
      },
      {
        "state": "TAS",
        "price": "380",
        "price_per_unit": "152",
        "price_unit": "ML"
      },
      {
        "state": "ACT",
        "price": "380",
        "price_per_unit": "152",
        "price_unit": "ML"
      },
      {
        "state": "NT",
        "price": "380",
        "price_per_unit": "152",
        "price_unit": "ML"
      }
    ]
  },
  {
    "source_url": "https://www.woolworths.com.au/shop/productdetails/36957/leggo-s-sandwich-pickles-sweet-mustard-spreadable",
    "name": "Leggo's Sandwich Pickles Sweet Mustard Spreadable 250g",
    "image_url": "https://cdn1.woolworths.media/content/wowproductimages/large/036957.jpg",
    "source_id": "Woolworths - 36957",
    "barcode": "93645041",
    "category_id": "22770",
    "shop": "Woolworths",
    "weight": "1KG",
    "prices": [
      {
        "state": "NSW",
        "price": "250",
        "price_per_unit": "1000",
        "price_unit": "KG"
      },
      {
        "state": "VIC",
        "price": "250",
        "price_per_unit": "1000",
        "price_unit": "KG"
      },
      {
        "state": "QLD",
        "price": "250",
        "price_per_unit": "1000",
        "price_unit": "KG"
      },
      {
        "state": "WA",
        "price": "250",
        "price_per_unit": "1000",
        "price_unit": "KG"
      },
      {
        "state": "SA",
        "price": "250",
        "price_per_unit": "1000",
        "price_unit": "KG"
      },
      {
        "state": "TAS",
        "price": "250",
        "price_per_unit": "1000",
        "price_unit": "KG"
      },
      {
        "state": "ACT",
        "price": "250",
        "price_per_unit": "1000",
        "price_unit": "KG"
      },
      {
        "state": "NT",
        "price": "265",
        "price_per_unit": "1060",
        "price_unit": "KG"
      }
    ]
  },
  {
    "source_url": "https://www.woolworths.com.au/shop/productdetails/306386/macro-organic-burger-pickles",
    "name": "Macro Organic Burger Pickles 500g",
    "image_url": "https://cdn1.woolworths.media/content/wowproductimages/large/306386.jpg",
    "source_id": "Woolworths - 306386",
    "barcode": "9339687344581",
    "category_id": "22770",
    "shop": "Woolworths",
    "weight": "100G",
    "prices": [
      {
        "state": "NSW",
        "price": "450",
        "price_per_unit": "90",
        "price_unit": "G"
      },
      {
        "state": "SA",
        "price": "450",
        "price_per_unit": "90",
        "price_unit": "G"
      },
      {
        "state": "TAS",
        "price": "450",
        "price_per_unit": "90",
        "price_unit": "G"
      },
      {
        "state": "ACT",
        "price": "450",
        "price_per_unit": "90",
        "price_unit": "G"
      },
      {
        "state": "NT",
        "price": "450",
        "price_per_unit": "90",
        "price_unit": "G"
      }
    ]
  },
  {
    "source_url": "https://www.woolworths.com.au/shop/productdetails/298978/masterfoods-classic-corn-relish",
    "name": "MasterFoods Classic Corn Relish 250g",
    "image_url": "https://cdn1.woolworths.media/content/wowproductimages/large/298978.jpg",
    "source_id": "Woolworths - 298978",
    "barcode": "9310012034537",
    "category_id": "22770",
    "shop": "Woolworths",
    "weight": "1KG",
    "prices": [
      {
        "state": "NSW",
        "price": "400",
        "price_per_unit": "1600",
        "price_unit": "KG"
      },
      {
        "state": "VIC",
        "price": "400",
        "price_per_unit": "1600",
        "price_unit": "KG"
      },
      {
        "state": "QLD",
        "price": "400",
        "price_per_unit": "1600",
        "price_unit": "KG"
      },
      {
        "state": "WA",
        "price": "400",
        "price_per_unit": "1600",
        "price_unit": "KG"
      },
      {
        "state": "SA",
        "price": "400",
        "price_per_unit": "1600",
        "price_unit": "KG"
      },
      {
        "state": "TAS",
        "price": "400",
        "price_per_unit": "1600",
        "price_unit": "KG"
      },
      {
        "state": "ACT",
        "price": "400",
        "price_per_unit": "1600",
        "price_unit": "KG"
      },
      {
        "state": "NT",
        "price": "420",
        "price_per_unit": "1680",
        "price_unit": "KG"
      }
    ]
  },
  {
    "source_url": "https://www.woolworths.com.au/shop/productdetails/298987/masterfoods-mango-chutney-relish",
    "name": "MasterFoods Mango Chutney Relish 250g",
    "image_url": "https://cdn1.woolworths.media/content/wowproductimages/large/298987.jpg",
    "source_id": "Woolworths - 298987",
    "barcode": "9310012034599",
    "category_id": "22770",
    "shop": "Woolworths",
    "weight": "1KG",
    "prices": [
      {
        "state": "NSW",
        "price": "400",
        "price_per_unit": "1600",
        "price_unit": "KG"
      },
      {
        "state": "VIC",
        "price": "400",
        "price_per_unit": "1600",
        "price_unit": "KG"
      },
      {
        "state": "QLD",
        "price": "400",
        "price_per_unit": "1600",
        "price_unit": "KG"
      },
      {
        "state": "WA",
        "price": "400",
        "price_per_unit": "1600",
        "price_unit": "KG"
      },
      {
        "state": "SA",
        "price": "400",
        "price_per_unit": "1600",
        "price_unit": "KG"
      },
      {
        "state": "TAS",
        "price": "400",
        "price_per_unit": "1600",
        "price_unit": "KG"
      },
      {
        "state": "ACT",
        "price": "400",
        "price_per_unit": "1600",
        "price_unit": "KG"
      },
      {
        "state": "NT",
        "price": "420",
        "price_per_unit": "1680",
        "price_unit": "KG"
      }
    ]
  },
  {
    "source_url": "https://www.woolworths.com.au/shop/productdetails/38443/masterfoods-mint-jelly-sauce",
    "name": "MasterFoods Mint Jelly Sauce 290g",
    "image_url": "https://cdn1.woolworths.media/content/wowproductimages/large/038443.jpg",
    "source_id": "Woolworths - 38443",
    "barcode": "93718134",
    "category_id": "22770",
    "shop": "Woolworths",
    "weight": "100G",
    "prices": [
      {
        "state": "NSW",
        "price": "300",
        "price_per_unit": "103",
        "price_unit": "G"
      },
      {
        "state": "VIC",
        "price": "300",
        "price_per_unit": "103",
        "price_unit": "G"
      },
      {
        "state": "QLD",
        "price": "300",
        "price_per_unit": "103",
        "price_unit": "G"
      },
      {
        "state": "WA",
        "price": "300",
        "price_per_unit": "103",
        "price_unit": "G"
      },
      {
        "state": "SA",
        "price": "300",
        "price_per_unit": "103",
        "price_unit": "G"
      },
      {
        "state": "TAS",
        "price": "300",
        "price_per_unit": "103",
        "price_unit": "G"
      },
      {
        "state": "ACT",
        "price": "300",
        "price_per_unit": "103",
        "price_unit": "G"
      },
      {
        "state": "NT",
        "price": "315",
        "price_per_unit": "109",
        "price_unit": "G"
      }
    ]
  },
  {
    "source_url": "https://www.woolworths.com.au/shop/productdetails/708283/sandhurst-olives-green-pitted",
    "name": "Sandhurst Olives Green Pitted 350g",
    "image_url": "https://cdn1.woolworths.media/content/wowproductimages/large/708283.jpg",
    "source_id": "Woolworths - 708283",
    "barcode": "9313839007104",
    "category_id": "22770",
    "shop": "Woolworths",
    "weight": "1KG",
    "prices": [
      {
        "state": "NSW",
        "price": "450",
        "price_per_unit": "1286",
        "price_unit": "KG"
      },
      {
        "state": "VIC",
        "price": "450",
        "price_per_unit": "1286",
        "price_unit": "KG"
      },
      {
        "state": "QLD",
        "price": "450",
        "price_per_unit": "1286",
        "price_unit": "KG"
      },
      {
        "state": "WA",
        "price": "450",
        "price_per_unit": "1286",
        "price_unit": "KG"
      },
      {
        "state": "SA",
        "price": "450",
        "price_per_unit": "1286",
        "price_unit": "KG"
      },
      {
        "state": "TAS",
        "price": "450",
        "price_per_unit": "1286",
        "price_unit": "KG"
      },
      {
        "state": "ACT",
        "price": "450",
        "price_per_unit": "1286",
        "price_unit": "KG"
      },
      {
        "state": "NT",
        "price": "475",
        "price_per_unit": "1357",
        "price_unit": "KG"
      }
    ]
  },
  {
    "source_url": "https://www.woolworths.com.au/shop/productdetails/733305/sandhurst-sauerkraut",
    "name": "Sandhurst Sauerkraut 500g",
    "image_url": "https://cdn1.woolworths.media/content/wowproductimages/large/733305.jpg",
    "source_id": "Woolworths - 733305",
    "barcode": "9313839007531",
    "category_id": "22770",
    "shop": "Woolworths",
    "weight": "1KG",
    "prices": [
      {
        "state": "NSW",
        "price": "450",
        "price_per_unit": "900",
        "price_unit": "KG"
      },
      {
        "state": "VIC",
        "price": "450",
        "price_per_unit": "900",
        "price_unit": "KG"
      },
      {
        "state": "QLD",
        "price": "450",
        "price_per_unit": "900",
        "price_unit": "KG"
      },
      {
        "state": "WA",
        "price": "450",
        "price_per_unit": "900",
        "price_unit": "KG"
      },
      {
        "state": "SA",
        "price": "450",
        "price_per_unit": "900",
        "price_unit": "KG"
      },
      {
        "state": "TAS",
        "price": "450",
        "price_per_unit": "900",
        "price_unit": "KG"
      },
      {
        "state": "ACT",
        "price": "450",
        "price_per_unit": "900",
        "price_unit": "KG"
      },
      {
        "state": "NT",
        "price": "475",
        "price_per_unit": "950",
        "price_unit": "KG"
      }
    ]
  },
  {
    "source_url": "https://www.woolworths.com.au/shop/productdetails/195294/spring-gully-pickles-green-tomato",
    "name": "Spring Gully Pickles Green Tomato 415g",
    "image_url": "https://cdn1.woolworths.media/content/wowproductimages/large/195294.jpg",
    "source_id": "Woolworths - 195294",
    "barcode": "9300733000294",
    "category_id": "22770",
    "shop": "Woolworths",
    "weight": "1KG",
    "prices": [
      {
        "state": "NSW",
        "price": "400",
        "price_per_unit": "964",
        "price_unit": "KG"
      },
      {
        "state": "VIC",
        "price": "400",
        "price_per_unit": "964",
        "price_unit": "KG"
      },
      {
        "state": "QLD",
        "price": "400",
        "price_per_unit": "964",
        "price_unit": "KG"
      },
      {
        "state": "WA",
        "price": "400",
        "price_per_unit": "964",
        "price_unit": "KG"
      },
      {
        "state": "SA",
        "price": "400",
        "price_per_unit": "964",
        "price_unit": "KG"
      },
      {
        "state": "TAS",
        "price": "400",
        "price_per_unit": "964",
        "price_unit": "KG"
      },
      {
        "state": "ACT",
        "price": "400",
        "price_per_unit": "964",
        "price_unit": "KG"
      },
      {
        "state": "NT",
        "price": "420",
        "price_per_unit": "1012",
        "price_unit": "KG"
      }
    ]
  },
  {
    "source_url": "https://www.woolworths.com.au/shop/productdetails/47553/three-threes-spreadable-sweet-mustard-pickles",
    "name": "Three Threes Spreadable Sweet Mustard Pickles 390g",
    "image_url": "https://cdn1.woolworths.media/content/wowproductimages/large/047553.jpg",
    "source_id": "Woolworths - 47553",
    "barcode": "9310480333187",
    "category_id": "22770",
    "shop": "Woolworths",
    "weight": "1KG",
    "prices": [
      {
        "state": "NSW",
        "price": "305",
        "price_per_unit": "782",
        "price_unit": "KG"
      },
      {
        "state": "VIC",
        "price": "305",
        "price_per_unit": "782",
        "price_unit": "KG"
      },
      {
        "state": "QLD",
        "price": "305",
        "price_per_unit": "782",
        "price_unit": "KG"
      },
      {
        "state": "WA",
        "price": "305",
        "price_per_unit": "782",
        "price_unit": "KG"
      },
      {
        "state": "SA",
        "price": "305",
        "price_per_unit": "782",
        "price_unit": "KG"
      },
      {
        "state": "TAS",
        "price": "305",
        "price_per_unit": "782",
        "price_unit": "KG"
      },
      {
        "state": "ACT",
        "price": "305",
        "price_per_unit": "782",
        "price_unit": "KG"
      },
      {
        "state": "NT",
        "price": "305",
        "price_per_unit": "782",
        "price_unit": "KG"
      }
    ]
  },
  {
    "source_url": "https://www.woolworths.com.au/shop/productdetails/34498/three-threes-sweet-mustard-pickles",
    "name": "Three Threes Sweet Mustard Pickles 520g",
    "image_url": "https://cdn1.woolworths.media/content/wowproductimages/large/034498.jpg",
    "source_id": "Woolworths - 34498",
    "barcode": "9310480333019",
    "category_id": "22770",
    "shop": "Woolworths",
    "weight": "1KG",
    "prices": [
      {
        "state": "NSW",
        "price": "350",
        "price_per_unit": "673",
        "price_unit": "KG"
      },
      {
        "state": "VIC",
        "price": "350",
        "price_per_unit": "673",
        "price_unit": "KG"
      },
      {
        "state": "QLD",
        "price": "350",
        "price_per_unit": "673",
        "price_unit": "KG"
      },
      {
        "state": "WA",
        "price": "350",
        "price_per_unit": "673",
        "price_unit": "KG"
      },
      {
        "state": "SA",
        "price": "350",
        "price_per_unit": "673",
        "price_unit": "KG"
      },
      {
        "state": "TAS",
        "price": "350",
        "price_per_unit": "673",
        "price_unit": "KG"
      },
      {
        "state": "ACT",
        "price": "350",
        "price_per_unit": "673",
        "price_unit": "KG"
      },
      {
        "state": "NT",
        "price": "370",
        "price_per_unit": "712",
        "price_unit": "KG"
      }
    ]
  },
  {
    "source_url": "https://www.woolworths.com.au/shop/productdetails/524432/woolworths-black-sliced-olives",
    "name": "Woolworths Black Sliced Olives 430g",
    "image_url": "https://cdn1.woolworths.media/content/wowproductimages/large/524432.jpg",
    "source_id": "Woolworths - 524432",
    "barcode": "9300633615307",
    "category_id": "22770",
    "shop": "Woolworths",
    "weight": "100G",
    "prices": [
      {
        "state": "NSW",
        "price": "245",
        "price_per_unit": "57",
        "price_unit": "G"
      },
      {
        "state": "VIC",
        "price": "245",
        "price_per_unit": "57",
        "price_unit": "G"
      },
      {
        "state": "QLD",
        "price": "245",
        "price_per_unit": "57",
        "price_unit": "G"
      },
      {
        "state": "WA",
        "price": "245",
        "price_per_unit": "57",
        "price_unit": "G"
      },
      {
        "state": "SA",
        "price": "245",
        "price_per_unit": "57",
        "price_unit": "G"
      },
      {
        "state": "TAS",
        "price": "245",
        "price_per_unit": "57",
        "price_unit": "G"
      },
      {
        "state": "ACT",
        "price": "245",
        "price_per_unit": "57",
        "price_unit": "G"
      },
      {
        "state": "NT",
        "price": "245",
        "price_per_unit": "57",
        "price_unit": "G"
      }
    ]
  },
  {
    "source_url": "https://www.woolworths.com.au/shop/productdetails/262151/woolworths-dolmades-traditional-traditional",
    "name": "Woolworths Dolmades Traditional Traditional 280g",
    "image_url": "https://cdn1.woolworths.media/content/wowproductimages/large/262151.jpg",
    "source_id": "Woolworths - 262151",
    "barcode": "9300633973223",
    "category_id": "22770",
    "shop": "Woolworths",
    "weight": "1KG",
    "prices": [
      {
        "state": "NSW",
        "price": "330",
        "price_per_unit": "1179",
        "price_unit": "KG"
      },
      {
        "state": "VIC",
        "price": "330",
        "price_per_unit": "1179",
        "price_unit": "KG"
      },
      {
        "state": "QLD",
        "price": "330",
        "price_per_unit": "1179",
        "price_unit": "KG"
      },
      {
        "state": "WA",
        "price": "330",
        "price_per_unit": "1179",
        "price_unit": "KG"
      },
      {
        "state": "SA",
        "price": "330",
        "price_per_unit": "1179",
        "price_unit": "KG"
      },
      {
        "state": "TAS",
        "price": "330",
        "price_per_unit": "1179",
        "price_unit": "KG"
      },
      {
        "state": "ACT",
        "price": "330",
        "price_per_unit": "1179",
        "price_unit": "KG"
      },
      {
        "state": "NT",
        "price": "330",
        "price_per_unit": "1179",
        "price_unit": "KG"
      }
    ]
  },
  {
    "source_url": "https://www.woolworths.com.au/shop/productdetails/690365/woolworths-pitted-kalamata-olives",
    "name": "Woolworths Pitted Kalamata Olives 345g",
    "image_url": "https://cdn1.woolworths.media/content/wowproductimages/large/690365.jpg",
    "source_id": "Woolworths - 690365",
    "barcode": "9300633248536",
    "category_id": "22770",
    "shop": "Woolworths",
    "weight": "1KG",
    "prices": [
      {
        "state": "NSW",
        "price": "350",
        "price_per_unit": "1014",
        "price_unit": "KG"
      },
      {
        "state": "VIC",
        "price": "350",
        "price_per_unit": "1014",
        "price_unit": "KG"
      },
      {
        "state": "QLD",
        "price": "350",
        "price_per_unit": "1014",
        "price_unit": "KG"
      },
      {
        "state": "WA",
        "price": "350",
        "price_per_unit": "1014",
        "price_unit": "KG"
      },
      {
        "state": "SA",
        "price": "350",
        "price_per_unit": "1014",
        "price_unit": "KG"
      },
      {
        "state": "TAS",
        "price": "350",
        "price_per_unit": "1014",
        "price_unit": "KG"
      },
      {
        "state": "ACT",
        "price": "350",
        "price_per_unit": "1014",
        "price_unit": "KG"
      }
    ]
  },
  {
    "source_url": "https://www.woolworths.com.au/shop/productdetails/484311/always-fresh-black-olives-pitted",
    "name": "Always Fresh Black Olives Pitted 220g",
    "image_url": "https://cdn1.woolworths.media/content/wowproductimages/large/484311.jpg",
    "source_id": "Woolworths - 484311",
    "barcode": "9300602357009",
    "category_id": "22770",
    "shop": "Woolworths",
    "weight": "100G",
    "prices": [
      {
        "state": "VIC",
        "price": "350",
        "price_per_unit": "159",
        "price_unit": "G"
      },
      {
        "state": "QLD",
        "price": "350",
        "price_per_unit": "159",
        "price_unit": "G"
      },
      {
        "state": "WA",
        "price": "350",
        "price_per_unit": "159",
        "price_unit": "G"
      },
      {
        "state": "SA",
        "price": "350",
        "price_per_unit": "159",
        "price_unit": "G"
      },
      {
        "state": "TAS",
        "price": "350",
        "price_per_unit": "159",
        "price_unit": "G"
      },
      {
        "state": "ACT",
        "price": "350",
        "price_per_unit": "159",
        "price_unit": "G"
      },
      {
        "state": "NT",
        "price": "370",
        "price_per_unit": "168",
        "price_unit": "G"
      }
    ]
  },
  {
    "source_url": "https://www.woolworths.com.au/shop/productdetails/464822/always-fresh-capers-vinegar",
    "name": "Always Fresh Capers Vinegar 230g",
    "image_url": "https://cdn1.woolworths.media/content/wowproductimages/large/464822.jpg",
    "source_id": "Woolworths - 464822",
    "barcode": "9300602367886",
    "category_id": "22770",
    "shop": "Woolworths",
    "weight": "100G",
    "prices": [
      {
        "state": "VIC",
        "price": "400",
        "price_per_unit": "174",
        "price_unit": "G"
      },
      {
        "state": "QLD",
        "price": "400",
        "price_per_unit": "174",
        "price_unit": "G"
      },
      {
        "state": "WA",
        "price": "400",
        "price_per_unit": "174",
        "price_unit": "G"
      },
      {
        "state": "SA",
        "price": "400",
        "price_per_unit": "174",
        "price_unit": "G"
      },
      {
        "state": "TAS",
        "price": "400",
        "price_per_unit": "174",
        "price_unit": "G"
      },
      {
        "state": "ACT",
        "price": "400",
        "price_per_unit": "174",
        "price_unit": "G"
      },
      {
        "state": "NT",
        "price": "420",
        "price_per_unit": "183",
        "price_unit": "G"
      }
    ]
  },
  {
    "source_url": "https://www.woolworths.com.au/shop/productdetails/198678/always-fresh-dolmades",
    "name": "Always Fresh Dolmades 280g",
    "image_url": "https://cdn1.woolworths.media/content/wowproductimages/large/198678.jpg",
    "source_id": "Woolworths - 198678",
    "barcode": "9300602357658",
    "category_id": "22770",
    "shop": "Woolworths",
    "weight": "1KG",
    "prices": [
      {
        "state": "VIC",
        "price": "490",
        "price_per_unit": "1750",
        "price_unit": "KG"
      },
      {
        "state": "QLD",
        "price": "490",
        "price_per_unit": "1750",
        "price_unit": "KG"
      },
      {
        "state": "WA",
        "price": "490",
        "price_per_unit": "1750",
        "price_unit": "KG"
      },
      {
        "state": "SA",
        "price": "490",
        "price_per_unit": "1750",
        "price_unit": "KG"
      },
      {
        "state": "TAS",
        "price": "490",
        "price_per_unit": "1750",
        "price_unit": "KG"
      },
      {
        "state": "ACT",
        "price": "490",
        "price_per_unit": "1750",
        "price_unit": "KG"
      },
      {
        "state": "NT",
        "price": "515",
        "price_per_unit": "1839",
        "price_unit": "KG"
      }
    ]
  },
  {
    "source_url": "https://www.woolworths.com.au/shop/productdetails/464637/always-fresh-marinated-artichoke-hearts",
    "name": "Always Fresh Marinated Artichoke Hearts 230g",
    "image_url": "https://cdn1.woolworths.media/content/wowproductimages/large/464637.jpg",
    "source_id": "Woolworths - 464637",
    "barcode": "9300602367404",
    "category_id": "22770",
    "shop": "Woolworths",
    "weight": "1KG",
    "prices": [
      {
        "state": "VIC",
        "price": "350",
        "price_per_unit": "1522",
        "price_unit": "KG"
      },
      {
        "state": "QLD",
        "price": "350",
        "price_per_unit": "1522",
        "price_unit": "KG"
      },
      {
        "state": "SA",
        "price": "350",
        "price_per_unit": "1522",
        "price_unit": "KG"
      },
      {
        "state": "TAS",
        "price": "350",
        "price_per_unit": "1522",
        "price_unit": "KG"
      },
      {
        "state": "ACT",
        "price": "350",
        "price_per_unit": "1522",
        "price_unit": "KG"
      },
      {
        "state": "NT",
        "price": "370",
        "price_per_unit": "1609",
        "price_unit": "KG"
      }
    ]
  },
  {
    "source_url": "https://www.woolworths.com.au/shop/productdetails/72511/always-fresh-olives-black-sliced",
    "name": "Always Fresh Olives Black Sliced 235g",
    "image_url": "https://cdn1.woolworths.media/content/wowproductimages/large/072511.jpg",
    "source_id": "Woolworths - 72511",
    "barcode": "9300602355876",
    "category_id": "22770",
    "shop": "Woolworths",
    "weight": "1KG",
    "prices": [
      {
        "state": "VIC",
        "price": "350",
        "price_per_unit": "1489",
        "price_unit": "KG"
      },
      {
        "state": "QLD",
        "price": "350",
        "price_per_unit": "1489",
        "price_unit": "KG"
      },
      {
        "state": "WA",
        "price": "350",
        "price_per_unit": "1489",
        "price_unit": "KG"
      },
      {
        "state": "SA",
        "price": "350",
        "price_per_unit": "1489",
        "price_unit": "KG"
      },
      {
        "state": "TAS",
        "price": "350",
        "price_per_unit": "1489",
        "price_unit": "KG"
      },
      {
        "state": "ACT",
        "price": "350",
        "price_per_unit": "1489",
        "price_unit": "KG"
      },
      {
        "state": "NT",
        "price": "370",
        "price_per_unit": "1574",
        "price_unit": "KG"
      }
    ]
  },
  {
    "source_url": "https://www.woolworths.com.au/shop/productdetails/32842/always-fresh-olives-stuffed-green-pimento",
    "name": "Always Fresh Olives Stuffed Green Pimento 450g",
    "image_url": "https://cdn1.woolworths.media/content/wowproductimages/large/032842.jpg",
    "source_id": "Woolworths - 32842",
    "barcode": "9300602604257",
    "category_id": "22770",
    "shop": "Woolworths",
    "weight": "1KG",
    "prices": [
      {
        "state": "VIC",
        "price": "480",
        "price_per_unit": "1067",
        "price_unit": "KG"
      },
      {
        "state": "QLD",
        "price": "480",
        "price_per_unit": "1067",
        "price_unit": "KG"
      },
      {
        "state": "WA",
        "price": "480",
        "price_per_unit": "1067",
        "price_unit": "KG"
      },
      {
        "state": "SA",
        "price": "480",
        "price_per_unit": "1067",
        "price_unit": "KG"
      },
      {
        "state": "TAS",
        "price": "480",
        "price_per_unit": "1067",
        "price_unit": "KG"
      },
      {
        "state": "ACT",
        "price": "480",
        "price_per_unit": "1067",
        "price_unit": "KG"
      },
      {
        "state": "NT",
        "price": "505",
        "price_per_unit": "1122",
        "price_unit": "KG"
      }
    ]
  },
  {
    "source_url": "https://www.woolworths.com.au/shop/productdetails/465076/always-fresh-roasted-pepper-strips",
    "name": "Always Fresh Roasted Pepper Strips 310g",
    "image_url": "https://cdn1.woolworths.media/content/wowproductimages/large/465076.jpg",
    "source_id": "Woolworths - 465076",
    "barcode": "9300602368845",
    "category_id": "22770",
    "shop": "Woolworths",
    "weight": "1KG",
    "prices": [
      {
        "state": "VIC",
        "price": "550",
        "price_per_unit": "1774",
        "price_unit": "KG"
      },
      {
        "state": "QLD",
        "price": "550",
        "price_per_unit": "1774",
        "price_unit": "KG"
      },
      {
        "state": "WA",
        "price": "550",
        "price_per_unit": "1774",
        "price_unit": "KG"
      },
      {
        "state": "SA",
        "price": "550",
        "price_per_unit": "1774",
        "price_unit": "KG"
      },
      {
        "state": "TAS",
        "price": "550",
        "price_per_unit": "1774",
        "price_unit": "KG"
      },
      {
        "state": "ACT",
        "price": "550",
        "price_per_unit": "1774",
        "price_unit": "KG"
      },
      {
        "state": "NT",
        "price": "580",
        "price_per_unit": "1871",
        "price_unit": "KG"
      }
    ]
  },
  {
    "source_url": "https://www.woolworths.com.au/shop/productdetails/465062/always-fresh-roasted-peppers-whole",
    "name": "Always Fresh Roasted Peppers Whole 330g",
    "image_url": "https://cdn1.woolworths.media/content/wowproductimages/large/465062.jpg",
    "source_id": "Woolworths - 465062",
    "barcode": "9300602366605",
    "category_id": "22770",
    "shop": "Woolworths",
    "weight": "1KG",
    "prices": [
      {
        "state": "VIC",
        "price": "550",
        "price_per_unit": "1667",
        "price_unit": "KG"
      },
      {
        "state": "QLD",
        "price": "550",
        "price_per_unit": "1667",
        "price_unit": "KG"
      },
      {
        "state": "WA",
        "price": "550",
        "price_per_unit": "1667",
        "price_unit": "KG"
      },
      {
        "state": "SA",
        "price": "550",
        "price_per_unit": "1667",
        "price_unit": "KG"
      },
      {
        "state": "TAS",
        "price": "550",
        "price_per_unit": "1667",
        "price_unit": "KG"
      },
      {
        "state": "ACT",
        "price": "550",
        "price_per_unit": "1667",
        "price_unit": "KG"
      },
      {
        "state": "NT",
        "price": "580",
        "price_per_unit": "1758",
        "price_unit": "KG"
      }
    ]
  },
  {
    "source_url": "https://www.woolworths.com.au/shop/productdetails/465135/always-fresh-traditional-sauerkraut",
    "name": "Always Fresh Traditional Sauerkraut 460g",
    "image_url": "https://cdn1.woolworths.media/content/wowproductimages/large/465135.jpg",
    "source_id": "Woolworths - 465135",
    "barcode": "9300602366612",
    "category_id": "22770",
    "shop": "Woolworths",
    "weight": "1KG",
    "prices": [
      {
        "state": "VIC",
        "price": "380",
        "price_per_unit": "826",
        "price_unit": "KG"
      },
      {
        "state": "QLD",
        "price": "380",
        "price_per_unit": "826",
        "price_unit": "KG"
      },
      {
        "state": "WA",
        "price": "380",
        "price_per_unit": "826",
        "price_unit": "KG"
      },
      {
        "state": "SA",
        "price": "380",
        "price_per_unit": "826",
        "price_unit": "KG"
      },
      {
        "state": "TAS",
        "price": "380",
        "price_per_unit": "826",
        "price_unit": "KG"
      },
      {
        "state": "ACT",
        "price": "380",
        "price_per_unit": "826",
        "price_unit": "KG"
      },
      {
        "state": "NT",
        "price": "400",
        "price_per_unit": "870",
        "price_unit": "KG"
      }
    ]
  },
  {
    "source_url": "https://www.woolworths.com.au/shop/productdetails/622091/baxter-s-caramelised-onion-relish",
    "name": "Baxter's Caramelised Onion Relish 240g",
    "image_url": "https://cdn1.woolworths.media/content/wowproductimages/large/622091.jpg",
    "source_id": "Woolworths - 622091",
    "barcode": "9340398000505",
    "category_id": "22770",
    "shop": "Woolworths",
    "weight": "100G",
    "prices": [
      {
        "state": "VIC",
        "price": "540",
        "price_per_unit": "225",
        "price_unit": "G"
      },
      {
        "state": "QLD",
        "price": "540",
        "price_per_unit": "225",
        "price_unit": "G"
      },
      {
        "state": "WA",
        "price": "540",
        "price_per_unit": "225",
        "price_unit": "G"
      },
      {
        "state": "SA",
        "price": "540",
        "price_per_unit": "225",
        "price_unit": "G"
      },
      {
        "state": "TAS",
        "price": "540",
        "price_per_unit": "225",
        "price_unit": "G"
      },
      {
        "state": "ACT",
        "price": "540",
        "price_per_unit": "225",
        "price_unit": "G"
      },
      {
        "state": "NT",
        "price": "565",
        "price_per_unit": "235",
        "price_unit": "G"
      }
    ]
  },
  {
    "source_url": "https://www.woolworths.com.au/shop/productdetails/622043/baxter-s-classic-tomato-chutney",
    "name": "Baxter's Classic Tomato Chutney 225g",
    "image_url": "https://cdn1.woolworths.media/content/wowproductimages/large/622043.jpg",
    "source_id": "Woolworths - 622043",
    "barcode": "9340398000529",
    "category_id": "22770",
    "shop": "Woolworths",
    "weight": "100G",
    "prices": [
      {
        "state": "VIC",
        "price": "540",
        "price_per_unit": "240",
        "price_unit": "G"
      },
      {
        "state": "QLD",
        "price": "540",
        "price_per_unit": "240",
        "price_unit": "G"
      },
      {
        "state": "WA",
        "price": "540",
        "price_per_unit": "240",
        "price_unit": "G"
      },
      {
        "state": "SA",
        "price": "540",
        "price_per_unit": "240",
        "price_unit": "G"
      },
      {
        "state": "TAS",
        "price": "540",
        "price_per_unit": "240",
        "price_unit": "G"
      },
      {
        "state": "ACT",
        "price": "540",
        "price_per_unit": "240",
        "price_unit": "G"
      },
      {
        "state": "NT",
        "price": "565",
        "price_per_unit": "251",
        "price_unit": "G"
      }
    ]
  },
  {
    "source_url": "https://www.woolworths.com.au/shop/productdetails/320534/beerenberg-australian-fruit-chutney",
    "name": "Beerenberg Australian Fruit Chutney 180g",
    "image_url": "https://cdn1.woolworths.media/content/wowproductimages/large/320534.jpg",
    "source_id": "Woolworths - 320534",
    "barcode": "9311485004232",
    "category_id": "22770",
    "shop": "Woolworths",
    "weight": "100G",
    "prices": [
      {
        "state": "VIC",
        "price": "480",
        "price_per_unit": "267",
        "price_unit": "G"
      },
      {
        "state": "QLD",
        "price": "480",
        "price_per_unit": "267",
        "price_unit": "G"
      },
      {
        "state": "WA",
        "price": "480",
        "price_per_unit": "267",
        "price_unit": "G"
      },
      {
        "state": "SA",
        "price": "480",
        "price_per_unit": "267",
        "price_unit": "G"
      },
      {
        "state": "TAS",
        "price": "480",
        "price_per_unit": "267",
        "price_unit": "G"
      },
      {
        "state": "ACT",
        "price": "480",
        "price_per_unit": "267",
        "price_unit": "G"
      },
      {
        "state": "NT",
        "price": "505",
        "price_per_unit": "281",
        "price_unit": "G"
      }
    ]
  },
  {
    "source_url": "https://www.woolworths.com.au/shop/productdetails/319390/beerenberg-chilli-jam",
    "name": "Beerenberg Chilli Jam 190g",
    "image_url": "https://cdn1.woolworths.media/content/wowproductimages/large/319390.jpg",
    "source_id": "Woolworths - 319390",
    "barcode": "9311485004249",
    "category_id": "22770",
    "shop": "Woolworths",
    "weight": "100G",
    "prices": [
      {
        "state": "VIC",
        "price": "480",
        "price_per_unit": "253",
        "price_unit": "G"
      },
      {
        "state": "QLD",
        "price": "480",
        "price_per_unit": "253",
        "price_unit": "G"
      },
      {
        "state": "WA",
        "price": "480",
        "price_per_unit": "253",
        "price_unit": "G"
      },
      {
        "state": "SA",
        "price": "480",
        "price_per_unit": "253",
        "price_unit": "G"
      },
      {
        "state": "TAS",
        "price": "480",
        "price_per_unit": "253",
        "price_unit": "G"
      },
      {
        "state": "ACT",
        "price": "480",
        "price_per_unit": "253",
        "price_unit": "G"
      },
      {
        "state": "NT",
        "price": "505",
        "price_per_unit": "266",
        "price_unit": "G"
      }
    ]
  },
  {
    "source_url": "https://www.woolworths.com.au/shop/productdetails/788574/beerenberg-mango-chutney",
    "name": "Beerenberg Mango Chutney 280g",
    "image_url": "https://cdn1.woolworths.media/content/wowproductimages/large/788574.jpg",
    "source_id": "Woolworths - 788574",
    "barcode": "9311485000760",
    "category_id": "22770",
    "shop": "Woolworths",
    "weight": "100G",
    "prices": [
      {
        "state": "VIC",
        "price": "630",
        "price_per_unit": "225",
        "price_unit": "G"
      },
      {
        "state": "QLD",
        "price": "630",
        "price_per_unit": "225",
        "price_unit": "G"
      },
      {
        "state": "WA",
        "price": "630",
        "price_per_unit": "225",
        "price_unit": "G"
      },
      {
        "state": "SA",
        "price": "630",
        "price_per_unit": "225",
        "price_unit": "G"
      },
      {
        "state": "TAS",
        "price": "630",
        "price_per_unit": "225",
        "price_unit": "G"
      },
      {
        "state": "ACT",
        "price": "630",
        "price_per_unit": "225",
        "price_unit": "G"
      },
      {
        "state": "NT",
        "price": "660",
        "price_per_unit": "236",
        "price_unit": "G"
      }
    ]
  },
  {
    "source_url": "https://www.woolworths.com.au/shop/productdetails/828794/beerenberg-relish-tomato-cracked-pepper",
    "name": "Beerenberg Relish Tomato & Cracked Pepper 265g",
    "image_url": "https://cdn1.woolworths.media/content/wowproductimages/large/828794.jpg",
    "source_id": "Woolworths - 828794",
    "barcode": "9311485002672",
    "category_id": "22770",
    "shop": "Woolworths",
    "weight": "100G",
    "prices": [
      {
        "state": "VIC",
        "price": "630",
        "price_per_unit": "238",
        "price_unit": "G"
      },
      {
        "state": "QLD",
        "price": "630",
        "price_per_unit": "238",
        "price_unit": "G"
      },
      {
        "state": "WA",
        "price": "630",
        "price_per_unit": "238",
        "price_unit": "G"
      },
      {
        "state": "SA",
        "price": "630",
        "price_per_unit": "238",
        "price_unit": "G"
      },
      {
        "state": "TAS",
        "price": "630",
        "price_per_unit": "238",
        "price_unit": "G"
      },
      {
        "state": "ACT",
        "price": "630",
        "price_per_unit": "238",
        "price_unit": "G"
      },
      {
        "state": "NT",
        "price": "660",
        "price_per_unit": "249",
        "price_unit": "G"
      }
    ]
  },
  {
    "source_url": "https://www.woolworths.com.au/shop/productdetails/320703/beerenberg-sweet-chilli-relish",
    "name": "Beerenberg Sweet Chilli Relish 180g",
    "image_url": "https://cdn1.woolworths.media/content/wowproductimages/large/320703.jpg",
    "source_id": "Woolworths - 320703",
    "barcode": "9311485004256",
    "category_id": "22770",
    "shop": "Woolworths",
    "weight": "100G",
    "prices": [
      {
        "state": "VIC",
        "price": "480",
        "price_per_unit": "267",
        "price_unit": "G"
      },
      {
        "state": "QLD",
        "price": "480",
        "price_per_unit": "267",
        "price_unit": "G"
      },
      {
        "state": "WA",
        "price": "480",
        "price_per_unit": "267",
        "price_unit": "G"
      },
      {
        "state": "SA",
        "price": "480",
        "price_per_unit": "267",
        "price_unit": "G"
      },
      {
        "state": "TAS",
        "price": "480",
        "price_per_unit": "267",
        "price_unit": "G"
      },
      {
        "state": "ACT",
        "price": "480",
        "price_per_unit": "267",
        "price_unit": "G"
      },
      {
        "state": "NT",
        "price": "505",
        "price_per_unit": "281",
        "price_unit": "G"
      }
    ]
  },
  {
    "source_url": "https://www.woolworths.com.au/shop/productdetails/94330/beerenberg-sweet-mustard-pickle",
    "name": "Beerenberg Sweet Mustard Pickle 265g",
    "image_url": "https://cdn1.woolworths.media/content/wowproductimages/large/094330.jpg",
    "source_id": "Woolworths - 94330",
    "barcode": "9311485003648",
    "category_id": "22770",
    "shop": "Woolworths",
    "weight": "100G",
    "prices": [
      {
        "state": "VIC",
        "price": "630",
        "price_per_unit": "238",
        "price_unit": "G"
      },
      {
        "state": "QLD",
        "price": "630",
        "price_per_unit": "238",
        "price_unit": "G"
      },
      {
        "state": "WA",
        "price": "630",
        "price_per_unit": "238",
        "price_unit": "G"
      },
      {
        "state": "SA",
        "price": "630",
        "price_per_unit": "238",
        "price_unit": "G"
      },
      {
        "state": "TAS",
        "price": "630",
        "price_per_unit": "238",
        "price_unit": "G"
      },
      {
        "state": "ACT",
        "price": "630",
        "price_per_unit": "238",
        "price_unit": "G"
      },
      {
        "state": "NT",
        "price": "660",
        "price_per_unit": "249",
        "price_unit": "G"
      }
    ]
  },
  {
    "source_url": "https://www.woolworths.com.au/shop/productdetails/39891/branston-pickle",
    "name": "Branston Pickle 310g",
    "image_url": "https://cdn1.woolworths.media/content/wowproductimages/large/039891.jpg",
    "source_id": "Woolworths - 39891",
    "barcode": "5000354900013",
    "category_id": "22770",
    "shop": "Woolworths",
    "weight": "1KG",
    "prices": [
      {
        "state": "VIC",
        "price": "620",
        "price_per_unit": "2000",
        "price_unit": "KG"
      },
      {
        "state": "QLD",
        "price": "620",
        "price_per_unit": "2000",
        "price_unit": "KG"
      },
      {
        "state": "WA",
        "price": "620",
        "price_per_unit": "2000",
        "price_unit": "KG"
      },
      {
        "state": "SA",
        "price": "620",
        "price_per_unit": "2000",
        "price_unit": "KG"
      },
      {
        "state": "TAS",
        "price": "620",
        "price_per_unit": "2000",
        "price_unit": "KG"
      },
      {
        "state": "ACT",
        "price": "620",
        "price_per_unit": "2000",
        "price_unit": "KG"
      },
      {
        "state": "NT",
        "price": "620",
        "price_per_unit": "2000",
        "price_unit": "KG"
      }
    ]
  },
  {
    "source_url": "https://www.woolworths.com.au/shop/productdetails/466162/f-whitlock-sons-caramelised-onion-relish",
    "name": "F. Whitlock & Sons Caramelised Onion Relish 275g",
    "image_url": "https://cdn1.woolworths.media/content/wowproductimages/large/466162.jpg",
    "source_id": "Woolworths - 466162",
    "barcode": "9419741002975",
    "category_id": "22770",
    "shop": "Woolworths",
    "weight": "100G",
    "prices": [
      {
        "state": "VIC",
        "price": "450",
        "price_per_unit": "164",
        "price_unit": "G"
      },
      {
        "state": "QLD",
        "price": "450",
        "price_per_unit": "164",
        "price_unit": "G"
      },
      {
        "state": "WA",
        "price": "450",
        "price_per_unit": "164",
        "price_unit": "G"
      },
      {
        "state": "SA",
        "price": "450",
        "price_per_unit": "164",
        "price_unit": "G"
      },
      {
        "state": "TAS",
        "price": "450",
        "price_per_unit": "164",
        "price_unit": "G"
      },
      {
        "state": "ACT",
        "price": "450",
        "price_per_unit": "164",
        "price_unit": "G"
      },
      {
        "state": "NT",
        "price": "450",
        "price_per_unit": "164",
        "price_unit": "G"
      }
    ]
  },
  {
    "source_url": "https://www.woolworths.com.au/shop/productdetails/619816/fehlbergs-jalapenos-chilli-mix",
    "name": "Fehlbergs Jalapenos & Chilli Mix 470g",
    "image_url": "https://cdn1.woolworths.media/content/wowproductimages/large/619816.jpg",
    "source_id": "Woolworths - 619816",
    "barcode": "9300602370299",
    "category_id": "22770",
    "shop": "Woolworths",
    "weight": "100G",
    "prices": [
      {
        "state": "VIC",
        "price": "400",
        "price_per_unit": "85",
        "price_unit": "G"
      },
      {
        "state": "QLD",
        "price": "400",
        "price_per_unit": "85",
        "price_unit": "G"
      },
      {
        "state": "WA",
        "price": "400",
        "price_per_unit": "85",
        "price_unit": "G"
      },
      {
        "state": "SA",
        "price": "400",
        "price_per_unit": "85",
        "price_unit": "G"
      },
      {
        "state": "TAS",
        "price": "400",
        "price_per_unit": "85",
        "price_unit": "G"
      },
      {
        "state": "ACT",
        "price": "400",
        "price_per_unit": "85",
        "price_unit": "G"
      },
      {
        "state": "NT",
        "price": "420",
        "price_per_unit": "89",
        "price_unit": "G"
      }
    ]
  },
  {
    "source_url": "https://www.woolworths.com.au/shop/productdetails/829338/fehlbergs-jalapenos-pickled",
    "name": "Fehlbergs Jalapenos Pickled 470g",
    "image_url": "https://cdn1.woolworths.media/content/wowproductimages/large/829338.jpg",
    "source_id": "Woolworths - 829338",
    "barcode": "9311978001205",
    "category_id": "22770",
    "shop": "Woolworths",
    "weight": "1KG",
    "prices": [
      {
        "state": "VIC",
        "price": "400",
        "price_per_unit": "851",
        "price_unit": "KG"
      },
      {
        "state": "QLD",
        "price": "400",
        "price_per_unit": "851",
        "price_unit": "KG"
      },
      {
        "state": "WA",
        "price": "400",
        "price_per_unit": "851",
        "price_unit": "KG"
      },
      {
        "state": "SA",
        "price": "400",
        "price_per_unit": "851",
        "price_unit": "KG"
      },
      {
        "state": "TAS",
        "price": "400",
        "price_per_unit": "851",
        "price_unit": "KG"
      },
      {
        "state": "ACT",
        "price": "400",
        "price_per_unit": "851",
        "price_unit": "KG"
      },
      {
        "state": "NT",
        "price": "420",
        "price_per_unit": "894",
        "price_unit": "KG"
      }
    ]
  },
  {
    "source_url": "https://www.woolworths.com.au/shop/productdetails/320541/gardener-corn-relish",
    "name": "Gardener Corn Relish 250g",
    "image_url": "https://cdn1.woolworths.media/content/wowproductimages/large/320541.jpg",
    "source_id": "Woolworths - 320541",
    "barcode": "9300733004452",
    "category_id": "22770",
    "shop": "Woolworths",
    "weight": "10G",
    "prices": [
      {
        "state": "VIC",
        "price": "280",
        "price_per_unit": "11",
        "price_unit": "G"
      },
      {
        "state": "QLD",
        "price": "280",
        "price_per_unit": "11",
        "price_unit": "G"
      },
      {
        "state": "WA",
        "price": "280",
        "price_per_unit": "11",
        "price_unit": "G"
      },
      {
        "state": "SA",
        "price": "280",
        "price_per_unit": "11",
        "price_unit": "G"
      },
      {
        "state": "TAS",
        "price": "280",
        "price_per_unit": "11",
        "price_unit": "G"
      },
      {
        "state": "ACT",
        "price": "280",
        "price_per_unit": "11",
        "price_unit": "G"
      },
      {
        "state": "NT",
        "price": "295",
        "price_per_unit": "12",
        "price_unit": "G"
      }
    ]
  },
  {
    "source_url": "https://www.woolworths.com.au/shop/productdetails/325959/gardener-gherkin-relish",
    "name": "Gardener Gherkin Relish 250g",
    "image_url": "https://cdn1.woolworths.media/content/wowproductimages/large/325959.jpg",
    "source_id": "Woolworths - 325959",
    "barcode": "9300733004483",
    "category_id": "22770",
    "shop": "Woolworths",
    "weight": "100G",
    "prices": [
      {
        "state": "VIC",
        "price": "280",
        "price_per_unit": "112",
        "price_unit": "G"
      },
      {
        "state": "QLD",
        "price": "280",
        "price_per_unit": "112",
        "price_unit": "G"
      },
      {
        "state": "WA",
        "price": "280",
        "price_per_unit": "112",
        "price_unit": "G"
      },
      {
        "state": "SA",
        "price": "280",
        "price_per_unit": "112",
        "price_unit": "G"
      },
      {
        "state": "TAS",
        "price": "280",
        "price_per_unit": "112",
        "price_unit": "G"
      },
      {
        "state": "ACT",
        "price": "280",
        "price_per_unit": "112",
        "price_unit": "G"
      },
      {
        "state": "NT",
        "price": "295",
        "price_per_unit": "118",
        "price_unit": "G"
      }
    ]
  },
  {
    "source_url": "https://www.woolworths.com.au/shop/productdetails/326219/gardener-tomato-relish",
    "name": "Gardener Tomato Relish 250g",
    "image_url": "https://cdn1.woolworths.media/content/wowproductimages/large/326219.jpg",
    "source_id": "Woolworths - 326219",
    "barcode": "9300733004476",
    "category_id": "22770",
    "shop": "Woolworths",
    "weight": "10G",
    "prices": [
      {
        "state": "VIC",
        "price": "280",
        "price_per_unit": "11",
        "price_unit": "G"
      },
      {
        "state": "QLD",
        "price": "280",
        "price_per_unit": "11",
        "price_unit": "G"
      },
      {
        "state": "WA",
        "price": "280",
        "price_per_unit": "11",
        "price_unit": "G"
      },
      {
        "state": "SA",
        "price": "280",
        "price_per_unit": "11",
        "price_unit": "G"
      },
      {
        "state": "TAS",
        "price": "280",
        "price_per_unit": "11",
        "price_unit": "G"
      },
      {
        "state": "ACT",
        "price": "280",
        "price_per_unit": "11",
        "price_unit": "G"
      },
      {
        "state": "NT",
        "price": "295",
        "price_per_unit": "12",
        "price_unit": "G"
      }
    ]
  },
  {
    "source_url": "https://www.woolworths.com.au/shop/productdetails/690366/macro-organic-olives-whole-greek-kalamata",
    "name": "Macro Organic Olives Whole Greek Kalamata 350g",
    "image_url": "https://cdn1.woolworths.media/content/wowproductimages/large/690366.jpg",
    "source_id": "Woolworths - 690366",
    "barcode": "9300633248543",
    "category_id": "22770",
    "shop": "Woolworths",
    "weight": "1KG",
    "prices": [
      {
        "state": "VIC",
        "price": "330",
        "price_per_unit": "943",
        "price_unit": "KG"
      },
      {
        "state": "QLD",
        "price": "330",
        "price_per_unit": "943",
        "price_unit": "KG"
      },
      {
        "state": "WA",
        "price": "330",
        "price_per_unit": "943",
        "price_unit": "KG"
      },
      {
        "state": "SA",
        "price": "330",
        "price_per_unit": "943",
        "price_unit": "KG"
      },
      {
        "state": "TAS",
        "price": "420",
        "price_per_unit": "1200",
        "price_unit": "KG"
      },
      {
        "state": "ACT",
        "price": "330",
        "price_per_unit": "943",
        "price_unit": "KG"
      },
      {
        "state": "NT",
        "price": "350",
        "price_per_unit": "1000",
        "price_unit": "KG"
      }
    ]
  },
  {
    "source_url": "https://www.woolworths.com.au/shop/productdetails/330654/masterfoods-relish-cafe-green-tomato",
    "name": "MasterFoods Relish Cafe Green Tomato 250g",
    "image_url": "https://cdn1.woolworths.media/content/wowproductimages/large/330654.jpg",
    "source_id": "Woolworths - 330654",
    "barcode": "9310012035473",
    "category_id": "22770",
    "shop": "Woolworths",
    "weight": "1KG",
    "prices": [
      {
        "state": "VIC",
        "price": "400",
        "price_per_unit": "1600",
        "price_unit": "KG"
      },
      {
        "state": "QLD",
        "price": "400",
        "price_per_unit": "1600",
        "price_unit": "KG"
      },
      {
        "state": "WA",
        "price": "400",
        "price_per_unit": "1600",
        "price_unit": "KG"
      },
      {
        "state": "SA",
        "price": "400",
        "price_per_unit": "1600",
        "price_unit": "KG"
      },
      {
        "state": "TAS",
        "price": "400",
        "price_per_unit": "1600",
        "price_unit": "KG"
      },
      {
        "state": "ACT",
        "price": "400",
        "price_per_unit": "1600",
        "price_unit": "KG"
      },
      {
        "state": "NT",
        "price": "420",
        "price_per_unit": "1680",
        "price_unit": "KG"
      }
    ]
  },
  {
    "source_url": "https://www.woolworths.com.au/shop/productdetails/298986/masterfoods-tomato-relish",
    "name": "MasterFoods Tomato Relish 250g",
    "image_url": "https://cdn1.woolworths.media/content/wowproductimages/large/298986.jpg",
    "source_id": "Woolworths - 298986",
    "barcode": "9310012034605",
    "category_id": "22770",
    "shop": "Woolworths",
    "weight": "1KG",
    "prices": [
      {
        "state": "VIC",
        "price": "400",
        "price_per_unit": "1600",
        "price_unit": "KG"
      },
      {
        "state": "QLD",
        "price": "400",
        "price_per_unit": "1600",
        "price_unit": "KG"
      },
      {
        "state": "WA",
        "price": "400",
        "price_per_unit": "1600",
        "price_unit": "KG"
      },
      {
        "state": "SA",
        "price": "400",
        "price_per_unit": "1600",
        "price_unit": "KG"
      },
      {
        "state": "TAS",
        "price": "400",
        "price_per_unit": "1600",
        "price_unit": "KG"
      },
      {
        "state": "ACT",
        "price": "400",
        "price_per_unit": "1600",
        "price_unit": "KG"
      },
      {
        "state": "NT",
        "price": "420",
        "price_per_unit": "1680",
        "price_unit": "KG"
      }
    ]
  },
  {
    "source_url": "https://www.woolworths.com.au/shop/productdetails/34460/rosella-chutney-fruit",
    "name": "Rosella Chutney Fruit 250g",
    "image_url": "https://cdn1.woolworths.media/content/wowproductimages/large/034460.jpg",
    "source_id": "Woolworths - 34460",
    "barcode": "9300660444338",
    "category_id": "22770",
    "shop": "Woolworths",
    "weight": "1KG",
    "prices": [
      {
        "state": "VIC",
        "price": "300",
        "price_per_unit": "1200",
        "price_unit": "KG"
      },
      {
        "state": "QLD",
        "price": "300",
        "price_per_unit": "1200",
        "price_unit": "KG"
      },
      {
        "state": "WA",
        "price": "300",
        "price_per_unit": "1200",
        "price_unit": "KG"
      },
      {
        "state": "SA",
        "price": "300",
        "price_per_unit": "1200",
        "price_unit": "KG"
      },
      {
        "state": "TAS",
        "price": "300",
        "price_per_unit": "1200",
        "price_unit": "KG"
      },
      {
        "state": "ACT",
        "price": "300",
        "price_per_unit": "1200",
        "price_unit": "KG"
      },
      {
        "state": "NT",
        "price": "315",
        "price_per_unit": "1260",
        "price_unit": "KG"
      }
    ]
  },
  {
    "source_url": "https://www.woolworths.com.au/shop/productdetails/38497/rosella-chutney-fruit",
    "name": "Rosella Chutney Fruit 525g",
    "image_url": "https://cdn1.woolworths.media/content/wowproductimages/large/038497.jpg",
    "source_id": "Woolworths - 38497",
    "barcode": "9300660444352",
    "category_id": "22770",
    "shop": "Woolworths",
    "weight": "1KG",
    "prices": [
      {
        "state": "VIC",
        "price": "500",
        "price_per_unit": "952",
        "price_unit": "KG"
      },
      {
        "state": "QLD",
        "price": "500",
        "price_per_unit": "952",
        "price_unit": "KG"
      },
      {
        "state": "WA",
        "price": "500",
        "price_per_unit": "952",
        "price_unit": "KG"
      },
      {
        "state": "SA",
        "price": "500",
        "price_per_unit": "952",
        "price_unit": "KG"
      },
      {
        "state": "TAS",
        "price": "500",
        "price_per_unit": "952",
        "price_unit": "KG"
      },
      {
        "state": "ACT",
        "price": "500",
        "price_per_unit": "952",
        "price_unit": "KG"
      },
      {
        "state": "NT",
        "price": "525",
        "price_per_unit": "1000",
        "price_unit": "KG"
      }
    ]
  },
  {
    "source_url": "https://www.woolworths.com.au/shop/productdetails/252378/sandhurst-artichoke-hearts-in-brine",
    "name": "Sandhurst Artichoke Hearts In Brine 280g",
    "image_url": "https://cdn1.woolworths.media/content/wowproductimages/large/252378.jpg",
    "source_id": "Woolworths - 252378",
    "barcode": "9313839002802",
    "category_id": "22770",
    "shop": "Woolworths",
    "weight": "1KG",
    "prices": [
      {
        "state": "VIC",
        "price": "450",
        "price_per_unit": "1607",
        "price_unit": "KG"
      },
      {
        "state": "QLD",
        "price": "450",
        "price_per_unit": "1607",
        "price_unit": "KG"
      },
      {
        "state": "WA",
        "price": "450",
        "price_per_unit": "1607",
        "price_unit": "KG"
      },
      {
        "state": "SA",
        "price": "450",
        "price_per_unit": "1607",
        "price_unit": "KG"
      },
      {
        "state": "TAS",
        "price": "450",
        "price_per_unit": "1607",
        "price_unit": "KG"
      },
      {
        "state": "ACT",
        "price": "450",
        "price_per_unit": "1607",
        "price_unit": "KG"
      },
      {
        "state": "NT",
        "price": "450",
        "price_per_unit": "1607",
        "price_unit": "KG"
      }
    ]
  },
  {
    "source_url": "https://www.woolworths.com.au/shop/productdetails/242762/sandhurst-baby-capers-in-wine-vinegar",
    "name": "Sandhurst Baby Capers In Wine Vinegar 110g",
    "image_url": "https://cdn1.woolworths.media/content/wowproductimages/large/242762.jpg",
    "source_id": "Woolworths - 242762",
    "barcode": "9313839002918",
    "category_id": "22770",
    "shop": "Woolworths",
    "weight": "100G",
    "prices": [
      {
        "state": "VIC",
        "price": "300",
        "price_per_unit": "273",
        "price_unit": "G"
      },
      {
        "state": "QLD",
        "price": "300",
        "price_per_unit": "273",
        "price_unit": "G"
      },
      {
        "state": "WA",
        "price": "300",
        "price_per_unit": "273",
        "price_unit": "G"
      },
      {
        "state": "SA",
        "price": "300",
        "price_per_unit": "273",
        "price_unit": "G"
      },
      {
        "state": "TAS",
        "price": "300",
        "price_per_unit": "273",
        "price_unit": "G"
      },
      {
        "state": "ACT",
        "price": "300",
        "price_per_unit": "273",
        "price_unit": "G"
      },
      {
        "state": "NT",
        "price": "315",
        "price_per_unit": "286",
        "price_unit": "G"
      }
    ]
  },
  {
    "source_url": "https://www.woolworths.com.au/shop/productdetails/64075/sandhurst-capsicum-chargrilled",
    "name": "Sandhurst Capsicum Chargrilled 260g",
    "image_url": "https://cdn1.woolworths.media/content/wowproductimages/large/064075.jpg",
    "source_id": "Woolworths - 64075",
    "barcode": "9313839007579",
    "category_id": "22770",
    "shop": "Woolworths",
    "weight": "1KG",
    "prices": [
      {
        "state": "VIC",
        "price": "650",
        "price_per_unit": "2500",
        "price_unit": "KG"
      },
      {
        "state": "WA",
        "price": "650",
        "price_per_unit": "2500",
        "price_unit": "KG"
      },
      {
        "state": "NT",
        "price": "685",
        "price_per_unit": "2635",
        "price_unit": "KG"
      }
    ]
  },
  {
    "source_url": "https://www.woolworths.com.au/shop/productdetails/41049/sandhurst-chillies-jalapeno-medium-hot",
    "name": "Sandhurst Chillies Jalapeno Medium Hot 270g",
    "image_url": "https://cdn1.woolworths.media/content/wowproductimages/large/041049.jpg",
    "source_id": "Woolworths - 41049",
    "barcode": "9313839001348",
    "category_id": "22770",
    "shop": "Woolworths",
    "weight": "1KG",
    "prices": [
      {
        "state": "VIC",
        "price": "380",
        "price_per_unit": "1407",
        "price_unit": "KG"
      },
      {
        "state": "QLD",
        "price": "380",
        "price_per_unit": "1407",
        "price_unit": "KG"
      },
      {
        "state": "WA",
        "price": "380",
        "price_per_unit": "1407",
        "price_unit": "KG"
      },
      {
        "state": "SA",
        "price": "380",
        "price_per_unit": "1407",
        "price_unit": "KG"
      },
      {
        "state": "TAS",
        "price": "380",
        "price_per_unit": "1407",
        "price_unit": "KG"
      },
      {
        "state": "ACT",
        "price": "380",
        "price_per_unit": "1407",
        "price_unit": "KG"
      },
      {
        "state": "NT",
        "price": "400",
        "price_per_unit": "1481",
        "price_unit": "KG"
      }
    ]
  },
  {
    "source_url": "https://www.woolworths.com.au/shop/productdetails/329746/sandhurst-olives-green-sicilian",
    "name": "Sandhurst Olives Green Sicilian 280g",
    "image_url": "https://cdn1.woolworths.media/content/wowproductimages/large/329746.jpg",
    "source_id": "Woolworths - 329746",
    "barcode": "9313839009016",
    "category_id": "22770",
    "shop": "Woolworths",
    "weight": "1KG",
    "prices": [
      {
        "state": "VIC",
        "price": "350",
        "price_per_unit": "1250",
        "price_unit": "KG"
      },
      {
        "state": "QLD",
        "price": "350",
        "price_per_unit": "1250",
        "price_unit": "KG"
      },
      {
        "state": "WA",
        "price": "350",
        "price_per_unit": "1250",
        "price_unit": "KG"
      },
      {
        "state": "SA",
        "price": "350",
        "price_per_unit": "1250",
        "price_unit": "KG"
      },
      {
        "state": "TAS",
        "price": "350",
        "price_per_unit": "1250",
        "price_unit": "KG"
      },
      {
        "state": "ACT",
        "price": "350",
        "price_per_unit": "1250",
        "price_unit": "KG"
      },
      {
        "state": "NT",
        "price": "350",
        "price_per_unit": "1250",
        "price_unit": "KG"
      }
    ]
  },
  {
    "source_url": "https://www.woolworths.com.au/shop/productdetails/180260/sandhurst-olives-kalamata-pitted",
    "name": "Sandhurst Olives Kalamata Pitted 500g",
    "image_url": "https://cdn1.woolworths.media/content/wowproductimages/large/180260.jpg",
    "source_id": "Woolworths - 180260",
    "barcode": "9313839008255",
    "category_id": "22770",
    "shop": "Woolworths",
    "weight": "1KG",
    "prices": [
      {
        "state": "VIC",
        "price": "520",
        "price_per_unit": "1040",
        "price_unit": "KG"
      },
      {
        "state": "QLD",
        "price": "520",
        "price_per_unit": "1040",
        "price_unit": "KG"
      },
      {
        "state": "WA",
        "price": "520",
        "price_per_unit": "1040",
        "price_unit": "KG"
      },
      {
        "state": "SA",
        "price": "520",
        "price_per_unit": "1040",
        "price_unit": "KG"
      },
      {
        "state": "TAS",
        "price": "520",
        "price_per_unit": "1040",
        "price_unit": "KG"
      },
      {
        "state": "ACT",
        "price": "520",
        "price_per_unit": "1040",
        "price_unit": "KG"
      },
      {
        "state": "NT",
        "price": "550",
        "price_per_unit": "1100",
        "price_unit": "KG"
      }
    ]
  },
  {
    "source_url": "https://www.woolworths.com.au/shop/productdetails/172303/three-threes-australian-gherkins-sweet-sliced",
    "name": "Three Threes Australian Gherkins Sweet Sliced 400g",
    "image_url": "https://cdn1.woolworths.media/content/wowproductimages/large/172303.jpg",
    "source_id": "Woolworths - 172303",
    "barcode": "9310480334467",
    "category_id": "22770",
    "shop": "Woolworths",
    "weight": "100G",
    "prices": [
      {
        "state": "VIC",
        "price": "450",
        "price_per_unit": "113",
        "price_unit": "G"
      },
      {
        "state": "QLD",
        "price": "450",
        "price_per_unit": "113",
        "price_unit": "G"
      },
      {
        "state": "WA",
        "price": "450",
        "price_per_unit": "113",
        "price_unit": "G"
      },
      {
        "state": "SA",
        "price": "450",
        "price_per_unit": "113",
        "price_unit": "G"
      },
      {
        "state": "TAS",
        "price": "450",
        "price_per_unit": "113",
        "price_unit": "G"
      },
      {
        "state": "ACT",
        "price": "450",
        "price_per_unit": "113",
        "price_unit": "G"
      },
      {
        "state": "NT",
        "price": "475",
        "price_per_unit": "119",
        "price_unit": "G"
      }
    ]
  },
  {
    "source_url": "https://www.woolworths.com.au/shop/productdetails/172426/three-threes-australian-pickles-dill-flavoured",
    "name": "Three Threes Australian Pickles Dill Flavoured 370g",
    "image_url": "https://cdn1.woolworths.media/content/wowproductimages/large/172426.jpg",
    "source_id": "Woolworths - 172426",
    "barcode": "9310480334474",
    "category_id": "22770",
    "shop": "Woolworths",
    "weight": "100G",
    "prices": [
      {
        "state": "VIC",
        "price": "450",
        "price_per_unit": "122",
        "price_unit": "G"
      },
      {
        "state": "QLD",
        "price": "450",
        "price_per_unit": "122",
        "price_unit": "G"
      },
      {
        "state": "WA",
        "price": "450",
        "price_per_unit": "122",
        "price_unit": "G"
      },
      {
        "state": "SA",
        "price": "450",
        "price_per_unit": "122",
        "price_unit": "G"
      },
      {
        "state": "TAS",
        "price": "450",
        "price_per_unit": "122",
        "price_unit": "G"
      },
      {
        "state": "ACT",
        "price": "450",
        "price_per_unit": "122",
        "price_unit": "G"
      },
      {
        "state": "NT",
        "price": "475",
        "price_per_unit": "128",
        "price_unit": "G"
      }
    ]
  },
  {
    "source_url": "https://www.woolworths.com.au/shop/productdetails/71077/three-threes-olives-stuffed",
    "name": "Three Threes Olives Stuffed 250g",
    "image_url": "https://cdn1.woolworths.media/content/wowproductimages/large/071077.jpg",
    "source_id": "Woolworths - 71077",
    "barcode": "9310480333118",
    "category_id": "22770",
    "shop": "Woolworths",
    "weight": "1KG",
    "prices": [
      {
        "state": "VIC",
        "price": "335",
        "price_per_unit": "1340",
        "price_unit": "KG"
      },
      {
        "state": "QLD",
        "price": "335",
        "price_per_unit": "1340",
        "price_unit": "KG"
      },
      {
        "state": "WA",
        "price": "335",
        "price_per_unit": "1340",
        "price_unit": "KG"
      },
      {
        "state": "SA",
        "price": "335",
        "price_per_unit": "1340",
        "price_unit": "KG"
      },
      {
        "state": "TAS",
        "price": "335",
        "price_per_unit": "1340",
        "price_unit": "KG"
      },
      {
        "state": "ACT",
        "price": "335",
        "price_per_unit": "1340",
        "price_unit": "KG"
      },
      {
        "state": "NT",
        "price": "350",
        "price_per_unit": "1400",
        "price_unit": "KG"
      }
    ]
  },
  {
    "source_url": "https://www.woolworths.com.au/shop/productdetails/89565/three-threes-olives-stuffed",
    "name": "Three Threes Olives Stuffed 500g",
    "image_url": "https://cdn1.woolworths.media/content/wowproductimages/large/089565.jpg",
    "source_id": "Woolworths - 89565",
    "barcode": "9310480333170",
    "category_id": "22770",
    "shop": "Woolworths",
    "weight": "1KG",
    "prices": [
      {
        "state": "VIC",
        "price": "500",
        "price_per_unit": "1000",
        "price_unit": "KG"
      },
      {
        "state": "QLD",
        "price": "500",
        "price_per_unit": "1000",
        "price_unit": "KG"
      },
      {
        "state": "WA",
        "price": "500",
        "price_per_unit": "1000",
        "price_unit": "KG"
      },
      {
        "state": "SA",
        "price": "500",
        "price_per_unit": "1000",
        "price_unit": "KG"
      },
      {
        "state": "TAS",
        "price": "500",
        "price_per_unit": "1000",
        "price_unit": "KG"
      },
      {
        "state": "ACT",
        "price": "500",
        "price_per_unit": "1000",
        "price_unit": "KG"
      },
      {
        "state": "NT",
        "price": "525",
        "price_per_unit": "1050",
        "price_unit": "KG"
      }
    ]
  },
  {
    "source_url": "https://www.woolworths.com.au/shop/productdetails/34497/three-threes-sweet-mustard-pickles",
    "name": "Three Threes Sweet Mustard Pickles 250g",
    "image_url": "https://cdn1.woolworths.media/content/wowproductimages/large/034497.jpg",
    "source_id": "Woolworths - 34497",
    "barcode": "9310480333002",
    "category_id": "22770",
    "shop": "Woolworths",
    "weight": "1KG",
    "prices": [
      {
        "state": "VIC",
        "price": "225",
        "price_per_unit": "900",
        "price_unit": "KG"
      },
      {
        "state": "QLD",
        "price": "225",
        "price_per_unit": "900",
        "price_unit": "KG"
      },
      {
        "state": "WA",
        "price": "225",
        "price_per_unit": "900",
        "price_unit": "KG"
      },
      {
        "state": "SA",
        "price": "225",
        "price_per_unit": "900",
        "price_unit": "KG"
      },
      {
        "state": "TAS",
        "price": "225",
        "price_per_unit": "900",
        "price_unit": "KG"
      },
      {
        "state": "ACT",
        "price": "225",
        "price_per_unit": "900",
        "price_unit": "KG"
      },
      {
        "state": "NT",
        "price": "225",
        "price_per_unit": "900",
        "price_unit": "KG"
      }
    ]
  },
  {
    "source_url": "https://www.woolworths.com.au/shop/productdetails/663612/woolworths-fruit-chutney",
    "name": "Woolworths Fruit Chutney 260g",
    "image_url": "https://cdn1.woolworths.media/content/wowproductimages/large/663612.jpg",
    "source_id": "Woolworths - 663612",
    "barcode": "9339687380763",
    "category_id": "22770",
    "shop": "Woolworths",
    "weight": "100G",
    "prices": [
      {
        "state": "VIC",
        "price": "280",
        "price_per_unit": "108",
        "price_unit": "G"
      },
      {
        "state": "QLD",
        "price": "280",
        "price_per_unit": "108",
        "price_unit": "G"
      },
      {
        "state": "WA",
        "price": "280",
        "price_per_unit": "108",
        "price_unit": "G"
      },
      {
        "state": "SA",
        "price": "280",
        "price_per_unit": "108",
        "price_unit": "G"
      },
      {
        "state": "TAS",
        "price": "280",
        "price_per_unit": "108",
        "price_unit": "G"
      },
      {
        "state": "ACT",
        "price": "280",
        "price_per_unit": "108",
        "price_unit": "G"
      },
      {
        "state": "NT",
        "price": "280",
        "price_per_unit": "108",
        "price_unit": "G"
      }
    ]
  },
  {
    "source_url": "https://www.woolworths.com.au/shop/productdetails/663279/woolworths-sweet-mustard-pickles",
    "name": "Woolworths Sweet Mustard Pickles 520g",
    "image_url": "https://cdn1.woolworths.media/content/wowproductimages/large/663279.jpg",
    "source_id": "Woolworths - 663279",
    "barcode": "9339687380732",
    "category_id": "22770",
    "shop": "Woolworths",
    "weight": "100G",
    "prices": [
      {
        "state": "VIC",
        "price": "170",
        "price_per_unit": "33",
        "price_unit": "G"
      },
      {
        "state": "QLD",
        "price": "170",
        "price_per_unit": "33",
        "price_unit": "G"
      },
      {
        "state": "WA",
        "price": "170",
        "price_per_unit": "33",
        "price_unit": "G"
      },
      {
        "state": "SA",
        "price": "170",
        "price_per_unit": "33",
        "price_unit": "G"
      },
      {
        "state": "TAS",
        "price": "170",
        "price_per_unit": "33",
        "price_unit": "G"
      },
      {
        "state": "ACT",
        "price": "170",
        "price_per_unit": "33",
        "price_unit": "G"
      },
      {
        "state": "NT",
        "price": "170",
        "price_per_unit": "33",
        "price_unit": "G"
      }
    ]
  },
  {
    "source_url": "https://www.woolworths.com.au/shop/productdetails/690367/woolworths-whole-kalamata-olives",
    "name": "Woolworths Whole Kalamata Olives 350g",
    "image_url": "https://cdn1.woolworths.media/content/wowproductimages/large/690367.jpg",
    "source_id": "Woolworths - 690367",
    "barcode": "9300633248550",
    "category_id": "22770",
    "shop": "Woolworths",
    "weight": "1KG",
    "prices": [
      {
        "state": "VIC",
        "price": "280",
        "price_per_unit": "800",
        "price_unit": "KG"
      },
      {
        "state": "QLD",
        "price": "280",
        "price_per_unit": "800",
        "price_unit": "KG"
      },
      {
        "state": "WA",
        "price": "280",
        "price_per_unit": "800",
        "price_unit": "KG"
      },
      {
        "state": "SA",
        "price": "280",
        "price_per_unit": "800",
        "price_unit": "KG"
      },
      {
        "state": "TAS",
        "price": "350",
        "price_per_unit": "1000",
        "price_unit": "KG"
      },
      {
        "state": "ACT",
        "price": "280",
        "price_per_unit": "800",
        "price_unit": "KG"
      },
      {
        "state": "NT",
        "price": "370",
        "price_per_unit": "1057",
        "price_unit": "KG"
      }
    ]
  },
  {
    "source_url": "https://www.woolworths.com.au/shop/productdetails/202669/bippi-italian-style-extra-hot-chilli",
    "name": "Bippi Italian Style Extra Hot Chilli 250g",
    "image_url": "https://cdn1.woolworths.media/content/wowproductimages/large/202669.jpg",
    "source_id": "Woolworths - 202669",
    "barcode": "9369998093755",
    "category_id": "22770",
    "shop": "Woolworths",
    "weight": "100G",
    "prices": [
      {
        "state": "QLD",
        "price": "950",
        "price_per_unit": "380",
        "price_unit": "G"
      },
      {
        "state": "SA",
        "price": "950",
        "price_per_unit": "380",
        "price_unit": "G"
      },
      {
        "state": "TAS",
        "price": "950",
        "price_per_unit": "380",
        "price_unit": "G"
      },
      {
        "state": "ACT",
        "price": "950",
        "price_per_unit": "380",
        "price_unit": "G"
      }
    ]
  },
  {
    "source_url": "https://www.woolworths.com.au/shop/productdetails/201377/bippi-italian-style-hot-chilli",
    "name": "Bippi Italian Style Hot Chilli 250g",
    "image_url": "https://cdn1.woolworths.media/content/wowproductimages/large/201377.jpg",
    "source_id": "Woolworths - 201377",
    "barcode": "9369998078189",
    "category_id": "22770",
    "shop": "Woolworths",
    "weight": "100G",
    "prices": [
      {
        "state": "QLD",
        "price": "950",
        "price_per_unit": "380",
        "price_unit": "G"
      },
      {
        "state": "WA",
        "price": "950",
        "price_per_unit": "380",
        "price_unit": "G"
      },
      {
        "state": "SA",
        "price": "950",
        "price_per_unit": "380",
        "price_unit": "G"
      },
      {
        "state": "TAS",
        "price": "950",
        "price_per_unit": "380",
        "price_unit": "G"
      },
      {
        "state": "ACT",
        "price": "950",
        "price_per_unit": "380",
        "price_unit": "G"
      }
    ]
  },
  {
    "source_url": "https://www.woolworths.com.au/shop/productdetails/203083/bippi-italian-style-mild-chilli",
    "name": "Bippi Italian Style Mild Chilli 250g",
    "image_url": "https://cdn1.woolworths.media/content/wowproductimages/large/203083.jpg",
    "source_id": "Woolworths - 203083",
    "barcode": "9369998104123",
    "category_id": "22770",
    "shop": "Woolworths",
    "weight": "100G",
    "prices": [
      {
        "state": "QLD",
        "price": "950",
        "price_per_unit": "380",
        "price_unit": "G"
      },
      {
        "state": "WA",
        "price": "950",
        "price_per_unit": "380",
        "price_unit": "G"
      },
      {
        "state": "SA",
        "price": "950",
        "price_per_unit": "380",
        "price_unit": "G"
      },
      {
        "state": "TAS",
        "price": "950",
        "price_per_unit": "380",
        "price_unit": "G"
      },
      {
        "state": "ACT",
        "price": "950",
        "price_per_unit": "380",
        "price_unit": "G"
      }
    ]
  },
  {
    "source_url": "https://www.woolworths.com.au/shop/productdetails/717836/maleny-cuisine-maleny-cuisine-chilli-jam",
    "name": "Maleny Cuisine Maleny Cuisine Chilli Jam 300g",
    "image_url": "https://cdn1.woolworths.media/content/wowproductimages/large/717836.jpg",
    "source_id": "Woolworths - 717836",
    "barcode": "9321374000962",
    "category_id": "22770",
    "shop": "Woolworths",
    "weight": "1KG",
    "prices": [
      {
        "state": "QLD",
        "price": "900",
        "price_per_unit": "3000",
        "price_unit": "KG"
      }
    ]
  },
  {
    "source_url": "https://www.woolworths.com.au/shop/productdetails/717867/maleny-cuisine-maleny-cuisine-spicy-tomato-relish",
    "name": "Maleny Cuisine Maleny Cuisine Spicy Tomato Relish 275g",
    "image_url": "https://cdn1.woolworths.media/content/wowproductimages/large/717867.jpg",
    "source_id": "Woolworths - 717867",
    "barcode": "9321374000740",
    "category_id": "22770",
    "shop": "Woolworths",
    "weight": "1KG",
    "prices": [
      {
        "state": "QLD",
        "price": "900",
        "price_per_unit": "3273",
        "price_unit": "KG"
      }
    ]
  },
  {
    "source_url": "https://www.woolworths.com.au/shop/productdetails/196234/spring-gully-pickles-sweet-mustard",
    "name": "Spring Gully Pickles Sweet Mustard 400g",
    "image_url": "https://cdn1.woolworths.media/content/wowproductimages/large/196234.jpg",
    "source_id": "Woolworths - 196234",
    "barcode": "9300733000300",
    "category_id": "22770",
    "shop": "Woolworths",
    "weight": "1KG",
    "prices": [
      {
        "state": "WA",
        "price": "400",
        "price_per_unit": "1000",
        "price_unit": "KG"
      },
      {
        "state": "SA",
        "price": "400",
        "price_per_unit": "1000",
        "price_unit": "KG"
      },
      {
        "state": "NT",
        "price": "420",
        "price_per_unit": "1050",
        "price_unit": "KG"
      }
    ]
  },
  {
    "source_url": "https://www.woolworths.com.au/shop/productdetails/918010/beerenberg-lemon-drop-chilli-relish",
    "name": "Beerenberg Lemon Drop Chilli Relish 175g",
    "image_url": "https://cdn1.woolworths.media/content/wowproductimages/large/918010.jpg",
    "source_id": "Woolworths - 918010",
    "barcode": "9311485004270",
    "category_id": "22770",
    "shop": "Woolworths",
    "weight": "1KG",
    "prices": [
      {
        "state": "SA",
        "price": "480",
        "price_per_unit": "2743",
        "price_unit": "KG"
      },
      {
        "state": "TAS",
        "price": "480",
        "price_per_unit": "2743",
        "price_unit": "KG"
      },
      {
        "state": "ACT",
        "price": "480",
        "price_per_unit": "2743",
        "price_unit": "KG"
      },
      {
        "state": "NT",
        "price": "505",
        "price_per_unit": "2886",
        "price_unit": "KG"
      }
    ]
  },
  {
    "source_url": "https://www.woolworths.com.au/shop/productdetails/918297/beerenberg-ploughman-s-chutney",
    "name": "Beerenberg Ploughman's Chutney 170g",
    "image_url": "https://cdn1.woolworths.media/content/wowproductimages/large/918297.jpg",
    "source_id": "Woolworths - 918297",
    "barcode": "9311485004263",
    "category_id": "22770",
    "shop": "Woolworths",
    "weight": "1KG",
    "prices": [
      {
        "state": "SA",
        "price": "480",
        "price_per_unit": "2824",
        "price_unit": "KG"
      },
      {
        "state": "TAS",
        "price": "480",
        "price_per_unit": "2824",
        "price_unit": "KG"
      },
      {
        "state": "ACT",
        "price": "480",
        "price_per_unit": "2824",
        "price_unit": "KG"
      },
      {
        "state": "NT",
        "price": "505",
        "price_per_unit": "2971",
        "price_unit": "KG"
      }
    ]
  },
  {
    "source_url": "https://www.woolworths.com.au/shop/productdetails/917600/beerenberg-smoky-bbq-relish",
    "name": "Beerenberg Smoky BBQ Relish 260g",
    "image_url": "https://cdn1.woolworths.media/content/wowproductimages/large/917600.jpg",
    "source_id": "Woolworths - 917600",
    "barcode": "9311485004287",
    "category_id": "22770",
    "shop": "Woolworths",
    "weight": "1KG",
    "prices": [
      {
        "state": "SA",
        "price": "630",
        "price_per_unit": "2423",
        "price_unit": "KG"
      },
      {
        "state": "TAS",
        "price": "630",
        "price_per_unit": "2423",
        "price_unit": "KG"
      },
      {
        "state": "ACT",
        "price": "630",
        "price_per_unit": "2423",
        "price_unit": "KG"
      },
      {
        "state": "NT",
        "price": "660",
        "price_per_unit": "2538",
        "price_unit": "KG"
      }
    ]
  },
  {
    "source_url": "https://www.woolworths.com.au/shop/productdetails/167347/beerenberg-the-tomato-roasted-garlic-relish",
    "name": "Beerenberg The Tomato & Roasted Garlic Relish 260g",
    "image_url": "https://cdn1.woolworths.media/content/wowproductimages/large/167347.jpg",
    "source_id": "Woolworths - 167347",
    "barcode": "9311485003037",
    "category_id": "22770",
    "shop": "Woolworths",
    "weight": "100G",
    "prices": [
      {
        "state": "SA",
        "price": "630",
        "price_per_unit": "242",
        "price_unit": "G"
      },
      {
        "state": "TAS",
        "price": "630",
        "price_per_unit": "242",
        "price_unit": "G"
      },
      {
        "state": "ACT",
        "price": "630",
        "price_per_unit": "242",
        "price_unit": "G"
      },
      {
        "state": "NT",
        "price": "660",
        "price_per_unit": "254",
        "price_unit": "G"
      }
    ]
  },
  {
    "source_url": "https://www.woolworths.com.au/shop/productdetails/41178/cornwell-s-lancashire-relish",
    "name": "Cornwell's Lancashire Relish 500ml",
    "image_url": "https://cdn1.woolworths.media/content/wowproductimages/large/041178.jpg",
    "source_id": "Woolworths - 41178",
    "barcode": "9310159557104",
    "category_id": "22770",
    "shop": "Woolworths",
    "weight": "100ML",
    "prices": [
      {
        "state": "SA",
        "price": "600",
        "price_per_unit": "120",
        "price_unit": "ML"
      },
      {
        "state": "TAS",
        "price": "600",
        "price_per_unit": "120",
        "price_unit": "ML"
      },
      {
        "state": "ACT",
        "price": "600",
        "price_per_unit": "120",
        "price_unit": "ML"
      },
      {
        "state": "NT",
        "price": "630",
        "price_per_unit": "126",
        "price_unit": "ML"
      }
    ]
  },
  {
    "source_url": "https://www.woolworths.com.au/shop/productdetails/22560/hoyt-s-giardiniera",
    "name": "Hoyt's Giardiniera 750g",
    "image_url": "https://cdn1.woolworths.media/content/wowproductimages/large/022560.jpg",
    "source_id": "Woolworths - 22560",
    "barcode": "9300725000028",
    "category_id": "22770",
    "shop": "Woolworths",
    "weight": "1KG",
    "prices": [
      {
        "state": "SA",
        "price": "350",
        "price_per_unit": "467",
        "price_unit": "KG"
      },
      {
        "state": "TAS",
        "price": "350",
        "price_per_unit": "467",
        "price_unit": "KG"
      },
      {
        "state": "ACT",
        "price": "350",
        "price_per_unit": "467",
        "price_unit": "KG"
      },
      {
        "state": "NT",
        "price": "370",
        "price_per_unit": "493",
        "price_unit": "KG"
      }
    ]
  },
  {
    "source_url": "https://www.woolworths.com.au/shop/productdetails/781425/lake-prespa-red-peppers-fire-roasted",
    "name": "Lake Prespa Red Peppers Fire Roasted 1kg",
    "image_url": "https://cdn1.woolworths.media/content/wowproductimages/large/781425.jpg",
    "source_id": "Woolworths - 781425",
    "barcode": "9315054001264",
    "category_id": "22770",
    "shop": "Woolworths",
    "weight": "1KG",
    "prices": [
      {
        "state": "SA",
        "price": "1100",
        "price_per_unit": "1100",
        "price_unit": "KG"
      },
      {
        "state": "TAS",
        "price": "1100",
        "price_per_unit": "1100",
        "price_unit": "KG"
      },
      {
        "state": "ACT",
        "price": "1100",
        "price_per_unit": "1100",
        "price_unit": "KG"
      },
      {
        "state": "NT",
        "price": "1155",
        "price_per_unit": "1155",
        "price_unit": "KG"
      }
    ]
  },
  {
    "source_url": "https://www.woolworths.com.au/shop/productdetails/306385/macro-organic-dill-cucumbers",
    "name": "Macro Organic Dill Cucumbers 500g",
    "image_url": "https://cdn1.woolworths.media/content/wowproductimages/large/306385.jpg",
    "source_id": "Woolworths - 306385",
    "barcode": "9339687344574",
    "category_id": "22770",
    "shop": "Woolworths",
    "weight": "100G",
    "prices": [
      {
        "state": "SA",
        "price": "450",
        "price_per_unit": "90",
        "price_unit": "G"
      },
      {
        "state": "TAS",
        "price": "450",
        "price_per_unit": "90",
        "price_unit": "G"
      },
      {
        "state": "ACT",
        "price": "450",
        "price_per_unit": "90",
        "price_unit": "G"
      },
      {
        "state": "NT",
        "price": "450",
        "price_per_unit": "90",
        "price_unit": "G"
      }
    ]
  },
  {
    "source_url": "https://www.woolworths.com.au/shop/productdetails/558783/sandhurst-chargrilled-eggplant-strips",
    "name": "Sandhurst Chargrilled Eggplant Strips 270g",
    "image_url": "https://cdn1.woolworths.media/content/wowproductimages/large/558783.jpg",
    "source_id": "Woolworths - 558783",
    "barcode": "9313839004196",
    "category_id": "22770",
    "shop": "Woolworths",
    "weight": "100G",
    "prices": [
      {
        "state": "SA",
        "price": "480",
        "price_per_unit": "178",
        "price_unit": "G"
      },
      {
        "state": "NT",
        "price": "505",
        "price_per_unit": "187",
        "price_unit": "G"
      }
    ]
  },
  {
    "source_url": "https://www.woolworths.com.au/shop/productdetails/663611/woolworths-caramelised-onion-relish",
    "name": "Woolworths Caramelised Onion Relish 260g",
    "image_url": "https://cdn1.woolworths.media/content/wowproductimages/large/663611.jpg",
    "source_id": "Woolworths - 663611",
    "barcode": "9339687380756",
    "category_id": "22770",
    "shop": "Woolworths",
    "weight": "100G",
    "prices": [
      {
        "state": "SA",
        "price": "280",
        "price_per_unit": "108",
        "price_unit": "G"
      },
      {
        "state": "TAS",
        "price": "280",
        "price_per_unit": "108",
        "price_unit": "G"
      },
      {
        "state": "ACT",
        "price": "280",
        "price_per_unit": "108",
        "price_unit": "G"
      },
      {
        "state": "NT",
        "price": "280",
        "price_per_unit": "108",
        "price_unit": "G"
      }
    ]
  },
  {
    "source_url": "https://www.woolworths.com.au/shop/productdetails/663613/woolworths-corn-relish",
    "name": "Woolworths Corn Relish 250g",
    "image_url": "https://cdn1.woolworths.media/content/wowproductimages/large/663613.jpg",
    "source_id": "Woolworths - 663613",
    "barcode": "9339687380770",
    "category_id": "22770",
    "shop": "Woolworths",
    "weight": "100G",
    "prices": [
      {
        "state": "SA",
        "price": "280",
        "price_per_unit": "112",
        "price_unit": "G"
      },
      {
        "state": "TAS",
        "price": "280",
        "price_per_unit": "112",
        "price_unit": "G"
      },
      {
        "state": "ACT",
        "price": "280",
        "price_per_unit": "112",
        "price_unit": "G"
      },
      {
        "state": "NT",
        "price": "280",
        "price_per_unit": "112",
        "price_unit": "G"
      }
    ]
  },
  {
    "source_url": "https://www.woolworths.com.au/shop/productdetails/663610/woolworths-tomato-relish",
    "name": "Woolworths Tomato Relish 260g",
    "image_url": "https://cdn1.woolworths.media/content/wowproductimages/large/663610.jpg",
    "source_id": "Woolworths - 663610",
    "barcode": "9339687380749",
    "category_id": "22770",
    "shop": "Woolworths",
    "weight": "100G",
    "prices": [
      {
        "state": "SA",
        "price": "280",
        "price_per_unit": "108",
        "price_unit": "G"
      },
      {
        "state": "TAS",
        "price": "280",
        "price_per_unit": "108",
        "price_unit": "G"
      },
      {
        "state": "ACT",
        "price": "280",
        "price_per_unit": "108",
        "price_unit": "G"
      },
      {
        "state": "NT",
        "price": "280",
        "price_per_unit": "108",
        "price_unit": "G"
      }
    ]
  }
]