[
  {
    "source_url": "https://www.woolworths.com.au/shop/productdetails/202499/barilla-al-bronzo-linguine",
    "name": "Barilla Al Bronzo Linguine 400g",
    "image_url": "https://cdn1.woolworths.media/content/wowproductimages/large/202499.jpg",
    "source_id": "Woolworths - 202499",
    "barcode": "8076809581165",
    "category_id": "22770",
    "shop": "Woolworths",
    "weight": "100G",
    "prices": [
      {
        "state": "NSW",
        "price": "400",
        "price_per_unit": "100",
        "price_unit": "G"
      },
      {
        "state": "VIC",
        "price": "400",
        "price_per_unit": "100",
        "price_unit": "G"
      },
      {
        "state": "QLD",
        "price": "400",
        "price_per_unit": "100",
        "price_unit": "G"
      },
      {
        "state": "WA",
        "price": "400",
        "price_per_unit": "100",
        "price_unit": "G"
      },
      {
        "state": "SA",
        "price": "400",
        "price_per_unit": "100",
        "price_unit": "G"
      },
      {
        "state": "TAS",
        "price": "400",
        "price_per_unit": "100",
        "price_unit": "G"
      },
      {
        "state": "ACT",
        "price": "400",
        "price_per_unit": "100",
        "price_unit": "G"
      },
      {
        "state": "NT",
        "price": "400",
        "price_per_unit": "100",
        "price_unit": "G"
      }
    ]
  },
  {
    "source_url": "https://www.woolworths.com.au/shop/productdetails/202127/barilla-al-bronzo-penne-rigate",
    "name": "Barilla Al Bronzo Penne Rigate 400g",
    "image_url": "https://cdn1.woolworths.media/content/wowproductimages/large/202127.jpg",
    "source_id": "Woolworths - 202127",
    "barcode": "8076809581073",
    "category_id": "22770",
    "shop": "Woolworths",
    "weight": "100G",
    "prices": [
      {
        "state": "NSW",
        "price": "400",
        "price_per_unit": "100",
        "price_unit": "G"
      },
      {
        "state": "VIC",
        "price": "400",
        "price_per_unit": "100",
        "price_unit": "G"
      },
      {
        "state": "QLD",
        "price": "400",
        "price_per_unit": "100",
        "price_unit": "G"
      },
      {
        "state": "WA",
        "price": "400",
        "price_per_unit": "100",
        "price_unit": "G"
      },
      {
        "state": "SA",
        "price": "400",
        "price_per_unit": "100",
        "price_unit": "G"
      },
      {
        "state": "TAS",
        "price": "400",
        "price_per_unit": "100",
        "price_unit": "G"
      },
      {
        "state": "ACT",
        "price": "400",
        "price_per_unit": "100",
        "price_unit": "G"
      },
      {
        "state": "NT",
        "price": "400",
        "price_per_unit": "100",
        "price_unit": "G"
      }
    ]
  },
  {
    "source_url": "https://www.woolworths.com.au/shop/productdetails/88215/barilla-pasta-risoni-no-26",
    "name": "Barilla Pasta Risoni 500g",
    "image_url": "https://cdn1.woolworths.media/content/wowproductimages/large/088215.jpg",
    "source_id": "Woolworths - 88215",
    "barcode": "8076800315264",
    "category_id": "22770",
    "shop": "Woolworths",
    "weight": "100G",
    "prices": [
      {
        "state": "NSW",
        "price": "350",
        "price_per_unit": "70",
        "price_unit": "G"
      },
      {
        "state": "VIC",
        "price": "350",
        "price_per_unit": "70",
        "price_unit": "G"
      },
      {
        "state": "QLD",
        "price": "350",
        "price_per_unit": "70",
        "price_unit": "G"
      },
      {
        "state": "WA",
        "price": "350",
        "price_per_unit": "70",
        "price_unit": "G"
      },
      {
        "state": "SA",
        "price": "350",
        "price_per_unit": "70",
        "price_unit": "G"
      },
      {
        "state": "TAS",
        "price": "350",
        "price_per_unit": "70",
        "price_unit": "G"
      },
      {
        "state": "ACT",
        "price": "350",
        "price_per_unit": "70",
        "price_unit": "G"
      }
    ]
  },
  {
    "source_url": "https://www.woolworths.com.au/shop/productdetails/83763/barilla-pasta-spaghetti-pasta-no-5",
    "name": "Barilla Pasta Spaghetti 500g",
    "image_url": "https://cdn1.woolworths.media/content/wowproductimages/large/083763.jpg",
    "source_id": "Woolworths - 83763",
    "barcode": "8076800195057",
    "category_id": "22770",
    "shop": "Woolworths",
    "weight": "100G",
    "prices": [
      {
        "state": "NSW",
        "price": "350",
        "price_per_unit": "70",
        "price_unit": "G"
      },
      {
        "state": "VIC",
        "price": "350",
        "price_per_unit": "70",
        "price_unit": "G"
      },
      {
        "state": "QLD",
        "price": "350",
        "price_per_unit": "70",
        "price_unit": "G"
      },
      {
        "state": "WA",
        "price": "350",
        "price_per_unit": "70",
        "price_unit": "G"
      },
      {
        "state": "SA",
        "price": "350",
        "price_per_unit": "70",
        "price_unit": "G"
      },
      {
        "state": "TAS",
        "price": "350",
        "price_per_unit": "70",
        "price_unit": "G"
      },
      {
        "state": "ACT",
        "price": "350",
        "price_per_unit": "70",
        "price_unit": "G"
      },
      {
        "state": "NT",
        "price": "350",
        "price_per_unit": "70",
        "price_unit": "G"
      }
    ]
  },
  {
    "source_url": "https://www.woolworths.com.au/shop/productdetails/193723/buontempo-gluten-free-pasta-penne",
    "name": "Buontempo Gluten Free Pasta Penne 600g",
    "image_url": "https://cdn1.woolworths.media/content/wowproductimages/large/193723.jpg",
    "source_id": "Woolworths - 193723",
    "barcode": "720516026072",
    "category_id": "22770",
    "shop": "Woolworths",
    "weight": "100G",
    "prices": [
      {
        "state": "NSW",
        "price": "600",
        "price_per_unit": "100",
        "price_unit": "G"
      },
      {
        "state": "VIC",
        "price": "600",
        "price_per_unit": "100",
        "price_unit": "G"
      },
      {
        "state": "QLD",
        "price": "600",
        "price_per_unit": "100",
        "price_unit": "G"
      },
      {
        "state": "WA",
        "price": "600",
        "price_per_unit": "100",
        "price_unit": "G"
      },
      {
        "state": "SA",
        "price": "600",
        "price_per_unit": "100",
        "price_unit": "G"
      },
      {
        "state": "TAS",
        "price": "600",
        "price_per_unit": "100",
        "price_unit": "G"
      },
      {
        "state": "ACT",
        "price": "600",
        "price_per_unit": "100",
        "price_unit": "G"
      },
      {
        "state": "NT",
        "price": "600",
        "price_per_unit": "100",
        "price_unit": "G"
      }
    ]
  },
  {
    "source_url": "https://www.woolworths.com.au/shop/productdetails/188832/buontempo-gluten-free-pasta-spirals",
    "name": "Buontempo Gluten Free Pasta Spirals 600g",
    "image_url": "https://cdn1.woolworths.media/content/wowproductimages/large/188832.jpg",
    "source_id": "Woolworths - 188832",
    "barcode": "720516026065",
    "category_id": "22770",
    "shop": "Woolworths",
    "weight": "100G",
    "prices": [
      {
        "state": "NSW",
        "price": "600",
        "price_per_unit": "100",
        "price_unit": "G"
      },
      {
        "state": "VIC",
        "price": "600",
        "price_per_unit": "100",
        "price_unit": "G"
      },
      {
        "state": "QLD",
        "price": "600",
        "price_per_unit": "100",
        "price_unit": "G"
      },
      {
        "state": "WA",
        "price": "600",
        "price_per_unit": "100",
        "price_unit": "G"
      },
      {
        "state": "SA",
        "price": "600",
        "price_per_unit": "100",
        "price_unit": "G"
      },
      {
        "state": "ACT",
        "price": "600",
        "price_per_unit": "100",
        "price_unit": "G"
      },
      {
        "state": "NT",
        "price": "600",
        "price_per_unit": "100",
        "price_unit": "G"
      }
    ]
  },
  {
    "source_url": "https://www.woolworths.com.au/shop/productdetails/123906/la-molisana-extra-di-lusso-28-fusilli",
    "name": "La Molisana Extra Di Lusso 28 Fusilli 500g",
    "image_url": "https://cdn1.woolworths.media/content/wowproductimages/large/123906.jpg",
    "source_id": "Woolworths - 123906",
    "barcode": "8004690310281",
    "category_id": "22770",
    "shop": "Woolworths",
    "weight": "100G",
    "prices": [
      {
        "state": "NSW",
        "price": "400",
        "price_per_unit": "80",
        "price_unit": "G"
      },
      {
        "state": "VIC",
        "price": "400",
        "price_per_unit": "80",
        "price_unit": "G"
      },
      {
        "state": "WA",
        "price": "400",
        "price_per_unit": "80",
        "price_unit": "G"
      },
      {
        "state": "SA",
        "price": "400",
        "price_per_unit": "80",
        "price_unit": "G"
      },
      {
        "state": "TAS",
        "price": "400",
        "price_per_unit": "80",
        "price_unit": "G"
      },
      {
        "state": "ACT",
        "price": "400",
        "price_per_unit": "80",
        "price_unit": "G"
      },
      {
        "state": "NT",
        "price": "400",
        "price_per_unit": "80",
        "price_unit": "G"
      }
    ]
  },
  {
    "source_url": "https://www.woolworths.com.au/shop/productdetails/123905/la-molisana-extra-di-lusso-egg-pappardelle",
    "name": "La Molisana Extra Di Lusso Egg Pappardelle 250g",
    "image_url": "https://cdn1.woolworths.media/content/wowproductimages/large/123905.jpg",
    "source_id": "Woolworths - 123905",
    "barcode": "8004690158869",
    "category_id": "22770",
    "shop": "Woolworths",
    "weight": "100G",
    "prices": [
      {
        "state": "NSW",
        "price": "350",
        "price_per_unit": "140",
        "price_unit": "G"
      },
      {
        "state": "VIC",
        "price": "350",
        "price_per_unit": "140",
        "price_unit": "G"
      },
      {
        "state": "QLD",
        "price": "350",
        "price_per_unit": "140",
        "price_unit": "G"
      },
      {
        "state": "WA",
        "price": "350",
        "price_per_unit": "140",
        "price_unit": "G"
      },
      {
        "state": "SA",
        "price": "350",
        "price_per_unit": "140",
        "price_unit": "G"
      },
      {
        "state": "TAS",
        "price": "350",
        "price_per_unit": "140",
        "price_unit": "G"
      },
      {
        "state": "ACT",
        "price": "350",
        "price_per_unit": "140",
        "price_unit": "G"
      },
      {
        "state": "NT",
        "price": "350",
        "price_per_unit": "140",
        "price_unit": "G"
      }
    ]
  },
  {
    "source_url": "https://www.woolworths.com.au/shop/productdetails/528209/la-molisana-high-protein-fusilli",
    "name": "La Molisana High Protein Fusilli 400g",
    "image_url": "https://cdn1.woolworths.media/content/wowproductimages/large/528209.jpg",
    "source_id": "Woolworths - 528209",
    "barcode": "8004690490280",
    "category_id": "22770",
    "shop": "Woolworths",
    "weight": "100G",
    "prices": [
      {
        "state": "NSW",
        "price": "280",
        "price_per_unit": "70",
        "price_unit": "G"
      },
      {
        "state": "VIC",
        "price": "280",
        "price_per_unit": "70",
        "price_unit": "G"
      },
      {
        "state": "WA",
        "price": "280",
        "price_per_unit": "70",
        "price_unit": "G"
      },
      {
        "state": "SA",
        "price": "280",
        "price_per_unit": "70",
        "price_unit": "G"
      },
      {
        "state": "TAS",
        "price": "280",
        "price_per_unit": "70",
        "price_unit": "G"
      },
      {
        "state": "ACT",
        "price": "280",
        "price_per_unit": "70",
        "price_unit": "G"
      },
      {
        "state": "NT",
        "price": "280",
        "price_per_unit": "70",
        "price_unit": "G"
      }
    ]
  },
  {
    "source_url": "https://www.woolworths.com.au/shop/productdetails/528210/la-molisana-high-protein-penne-rigate",
    "name": "La Molisana High Protein Penne Rigate 400g",
    "image_url": "https://cdn1.woolworths.media/content/wowproductimages/large/528210.jpg",
    "source_id": "Woolworths - 528210",
    "barcode": "8004690490204",
    "category_id": "22770",
    "shop": "Woolworths",
    "weight": "100G",
    "prices": [
      {
        "state": "NSW",
        "price": "280",
        "price_per_unit": "70",
        "price_unit": "G"
      },
      {
        "state": "VIC",
        "price": "280",
        "price_per_unit": "70",
        "price_unit": "G"
      },
      {
        "state": "QLD",
        "price": "280",
        "price_per_unit": "70",
        "price_unit": "G"
      },
      {
        "state": "SA",
        "price": "280",
        "price_per_unit": "70",
        "price_unit": "G"
      },
      {
        "state": "TAS",
        "price": "280",
        "price_per_unit": "70",
        "price_unit": "G"
      },
      {
        "state": "ACT",
        "price": "280",
        "price_per_unit": "70",
        "price_unit": "G"
      },
      {
        "state": "NT",
        "price": "280",
        "price_per_unit": "70",
        "price_unit": "G"
      }
    ]
  },
  {
    "source_url": "https://www.woolworths.com.au/shop/productdetails/528208/la-molisana-high-protein-spaghetti",
    "name": "La Molisana High Protein Spaghetti 400g",
    "image_url": "https://cdn1.woolworths.media/content/wowproductimages/large/528208.jpg",
    "source_id": "Woolworths - 528208",
    "barcode": "8004690490150",
    "category_id": "22770",
    "shop": "Woolworths",
    "weight": "100G",
    "prices": [
      {
        "state": "NSW",
        "price": "280",
        "price_per_unit": "70",
        "price_unit": "G"
      },
      {
        "state": "VIC",
        "price": "280",
        "price_per_unit": "70",
        "price_unit": "G"
      },
      {
        "state": "WA",
        "price": "280",
        "price_per_unit": "70",
        "price_unit": "G"
      },
      {
        "state": "SA",
        "price": "280",
        "price_per_unit": "70",
        "price_unit": "G"
      },
      {
        "state": "TAS",
        "price": "280",
        "price_per_unit": "70",
        "price_unit": "G"
      },
      {
        "state": "ACT",
        "price": "280",
        "price_per_unit": "70",
        "price_unit": "G"
      },
      {
        "state": "NT",
        "price": "280",
        "price_per_unit": "70",
        "price_unit": "G"
      }
    ]
  },
  {
    "source_url": "https://www.woolworths.com.au/shop/productdetails/74783/la-molisana-pastificio-extra-di-lusso-egg-fettuccine",
    "name": "La Molisana Pastificio Extra Di Lusso Egg Fettuccine 250g",
    "image_url": "https://cdn1.woolworths.media/content/wowproductimages/large/074783.jpg",
    "source_id": "Woolworths - 74783",
    "barcode": "8004690158852",
    "category_id": "22770",
    "shop": "Woolworths",
    "weight": "100G",
    "prices": [
      {
        "state": "NSW",
        "price": "350",
        "price_per_unit": "140",
        "price_unit": "G"
      },
      {
        "state": "VIC",
        "price": "350",
        "price_per_unit": "140",
        "price_unit": "G"
      },
      {
        "state": "QLD",
        "price": "350",
        "price_per_unit": "140",
        "price_unit": "G"
      },
      {
        "state": "WA",
        "price": "350",
        "price_per_unit": "140",
        "price_unit": "G"
      },
      {
        "state": "SA",
        "price": "350",
        "price_per_unit": "140",
        "price_unit": "G"
      },
      {
        "state": "TAS",
        "price": "350",
        "price_per_unit": "140",
        "price_unit": "G"
      },
      {
        "state": "ACT",
        "price": "350",
        "price_per_unit": "140",
        "price_unit": "G"
      },
      {
        "state": "NT",
        "price": "350",
        "price_per_unit": "140",
        "price_unit": "G"
      }
    ]
  },
  {
    "source_url": "https://www.woolworths.com.au/shop/productdetails/74920/la-molisana-pastificio-extra-di-lusso-farfalle-rigate",
    "name": "La Molisana Pastificio Extra Di Lusso Farfalle Rigate 500G",
    "image_url": "https://cdn1.woolworths.media/content/wowproductimages/large/074920.jpg",
    "source_id": "Woolworths - 74920",
    "barcode": "8004690210666",
    "category_id": "22770",
    "shop": "Woolworths",
    "weight": "100G",
    "prices": [
      {
        "state": "NSW",
        "price": "400",
        "price_per_unit": "80",
        "price_unit": "G"
      },
      {
        "state": "VIC",
        "price": "400",
        "price_per_unit": "80",
        "price_unit": "G"
      },
      {
        "state": "QLD",
        "price": "400",
        "price_per_unit": "80",
        "price_unit": "G"
      },
      {
        "state": "WA",
        "price": "400",
        "price_per_unit": "80",
        "price_unit": "G"
      },
      {
        "state": "SA",
        "price": "400",
        "price_per_unit": "80",
        "price_unit": "G"
      },
      {
        "state": "TAS",
        "price": "400",
        "price_per_unit": "80",
        "price_unit": "G"
      },
      {
        "state": "ACT",
        "price": "400",
        "price_per_unit": "80",
        "price_unit": "G"
      },
      {
        "state": "NT",
        "price": "400",
        "price_per_unit": "80",
        "price_unit": "G"
      }
    ]
  },
  {
    "source_url": "https://www.woolworths.com.au/shop/productdetails/74782/la-molisana-pastificio-extra-di-lusso-fettuccine",
    "name": "La Molisana Pastificio Extra Di Lusso Fettuccine 500g",
    "image_url": "https://cdn1.woolworths.media/content/wowproductimages/large/074782.jpg",
    "source_id": "Woolworths - 74782",
    "barcode": "8004690310502",
    "category_id": "22770",
    "shop": "Woolworths",
    "weight": "100G",
    "prices": [
      {
        "state": "NSW",
        "price": "400",
        "price_per_unit": "80",
        "price_unit": "G"
      },
      {
        "state": "VIC",
        "price": "400",
        "price_per_unit": "80",
        "price_unit": "G"
      },
      {
        "state": "QLD",
        "price": "400",
        "price_per_unit": "80",
        "price_unit": "G"
      },
      {
        "state": "WA",
        "price": "400",
        "price_per_unit": "80",
        "price_unit": "G"
      },
      {
        "state": "SA",
        "price": "400",
        "price_per_unit": "80",
        "price_unit": "G"
      },
      {
        "state": "TAS",
        "price": "400",
        "price_per_unit": "80",
        "price_unit": "G"
      },
      {
        "state": "ACT",
        "price": "400",
        "price_per_unit": "80",
        "price_unit": "G"
      },
      {
        "state": "NT",
        "price": "400",
        "price_per_unit": "80",
        "price_unit": "G"
      }
    ]
  },
  {
    "source_url": "https://www.woolworths.com.au/shop/productdetails/74614/la-molisana-pastificio-extra-di-lusso-linguine",
    "name": "La Molisana Pastificio Extra Di Lusso Linguine 500G",
    "image_url": "https://cdn1.woolworths.media/content/wowproductimages/large/074614.jpg",
    "source_id": "Woolworths - 74614",
    "barcode": "8004690310625",
    "category_id": "22770",
    "shop": "Woolworths",
    "weight": "100G",
    "prices": [
      {
        "state": "NSW",
        "price": "400",
        "price_per_unit": "80",
        "price_unit": "G"
      },
      {
        "state": "VIC",
        "price": "400",
        "price_per_unit": "80",
        "price_unit": "G"
      },
      {
        "state": "QLD",
        "price": "400",
        "price_per_unit": "80",
        "price_unit": "G"
      },
      {
        "state": "WA",
        "price": "400",
        "price_per_unit": "80",
        "price_unit": "G"
      },
      {
        "state": "SA",
        "price": "400",
        "price_per_unit": "80",
        "price_unit": "G"
      },
      {
        "state": "TAS",
        "price": "400",
        "price_per_unit": "80",
        "price_unit": "G"
      },
      {
        "state": "ACT",
        "price": "400",
        "price_per_unit": "80",
        "price_unit": "G"
      },
      {
        "state": "NT",
        "price": "400",
        "price_per_unit": "80",
        "price_unit": "G"
      }
    ]
  },
  {
    "source_url": "https://www.woolworths.com.au/shop/productdetails/74787/la-molisana-pastificio-extra-di-lusso-penne-rigate",
    "name": "La Molisana Pastificio Extra Di Lusso Penne Rigate 500g",
    "image_url": "https://cdn1.woolworths.media/content/wowproductimages/large/074787.jpg",
    "source_id": "Woolworths - 74787",
    "barcode": "8004690312025",
    "category_id": "22770",
    "shop": "Woolworths",
    "weight": "100G",
    "prices": [
      {
        "state": "NSW",
        "price": "400",
        "price_per_unit": "80",
        "price_unit": "G"
      },
      {
        "state": "VIC",
        "price": "400",
        "price_per_unit": "80",
        "price_unit": "G"
      },
      {
        "state": "QLD",
        "price": "400",
        "price_per_unit": "80",
        "price_unit": "G"
      },
      {
        "state": "WA",
        "price": "400",
        "price_per_unit": "80",
        "price_unit": "G"
      },
      {
        "state": "SA",
        "price": "400",
        "price_per_unit": "80",
        "price_unit": "G"
      },
      {
        "state": "TAS",
        "price": "400",
        "price_per_unit": "80",
        "price_unit": "G"
      },
      {
        "state": "ACT",
        "price": "400",
        "price_per_unit": "80",
        "price_unit": "G"
      },
      {
        "state": "NT",
        "price": "400",
        "price_per_unit": "80",
        "price_unit": "G"
      }
    ]
  },
  {
    "source_url": "https://www.woolworths.com.au/shop/productdetails/74641/la-molisana-pastificio-extra-di-lusso-potato-gnocchi",
    "name": "La Molisana Pastificio Extra Di Lusso Potato Gnocchi 500g",
    "image_url": "https://cdn1.woolworths.media/content/wowproductimages/large/074641.jpg",
    "source_id": "Woolworths - 74641",
    "barcode": "8004690446263",
    "category_id": "22770",
    "shop": "Woolworths",
    "weight": "100G",
    "prices": [
      {
        "state": "NSW",
        "price": "325",
        "price_per_unit": "65",
        "price_unit": "G"
      },
      {
        "state": "VIC",
        "price": "325",
        "price_per_unit": "65",
        "price_unit": "G"
      },
      {
        "state": "QLD",
        "price": "325",
        "price_per_unit": "65",
        "price_unit": "G"
      },
      {
        "state": "WA",
        "price": "325",
        "price_per_unit": "65",
        "price_unit": "G"
      },
      {
        "state": "SA",
        "price": "325",
        "price_per_unit": "65",
        "price_unit": "G"
      },
      {
        "state": "TAS",
        "price": "325",
        "price_per_unit": "65",
        "price_unit": "G"
      },
      {
        "state": "ACT",
        "price": "325",
        "price_per_unit": "65",
        "price_unit": "G"
      },
      {
        "state": "NT",
        "price": "325",
        "price_per_unit": "65",
        "price_unit": "G"
      }
    ]
  },
  {
    "source_url": "https://www.woolworths.com.au/shop/productdetails/74791/la-molisana-pastificio-extra-di-lusso-rigatoni-divini",
    "name": "La Molisana Pastificio Extra Di Lusso Rigatoni Divini 500g",
    "image_url": "https://cdn1.woolworths.media/content/wowproductimages/large/074791.jpg",
    "source_id": "Woolworths - 74791",
    "barcode": "8004690313183",
    "category_id": "22770",
    "shop": "Woolworths",
    "weight": "100G",
    "prices": [
      {
        "state": "NSW",
        "price": "400",
        "price_per_unit": "80",
        "price_unit": "G"
      },
      {
        "state": "VIC",
        "price": "400",
        "price_per_unit": "80",
        "price_unit": "G"
      },
      {
        "state": "QLD",
        "price": "400",
        "price_per_unit": "80",
        "price_unit": "G"
      },
      {
        "state": "WA",
        "price": "400",
        "price_per_unit": "80",
        "price_unit": "G"
      },
      {
        "state": "SA",
        "price": "400",
        "price_per_unit": "80",
        "price_unit": "G"
      },
      {
        "state": "TAS",
        "price": "400",
        "price_per_unit": "80",
        "price_unit": "G"
      },
      {
        "state": "ACT",
        "price": "400",
        "price_per_unit": "80",
        "price_unit": "G"
      },
      {
        "state": "NT",
        "price": "400",
        "price_per_unit": "80",
        "price_unit": "G"
      }
    ]
  },
  {
    "source_url": "https://www.woolworths.com.au/shop/productdetails/74613/la-molisana-pastificio-extra-di-lusso-spaghetti",
    "name": "La Molisana Pastificio Extra Di Lusso Spaghetti 500G",
    "image_url": "https://cdn1.woolworths.media/content/wowproductimages/large/074613.jpg",
    "source_id": "Woolworths - 74613",
    "barcode": "8004690311547",
    "category_id": "22770",
    "shop": "Woolworths",
    "weight": "100G",
    "prices": [
      {
        "state": "NSW",
        "price": "400",
        "price_per_unit": "80",
        "price_unit": "G"
      },
      {
        "state": "VIC",
        "price": "400",
        "price_per_unit": "80",
        "price_unit": "G"
      },
      {
        "state": "QLD",
        "price": "400",
        "price_per_unit": "80",
        "price_unit": "G"
      },
      {
        "state": "WA",
        "price": "400",
        "price_per_unit": "80",
        "price_unit": "G"
      },
      {
        "state": "SA",
        "price": "400",
        "price_per_unit": "80",
        "price_unit": "G"
      },
      {
        "state": "TAS",
        "price": "400",
        "price_per_unit": "80",
        "price_unit": "G"
      },
      {
        "state": "ACT",
        "price": "400",
        "price_per_unit": "80",
        "price_unit": "G"
      },
      {
        "state": "NT",
        "price": "400",
        "price_per_unit": "80",
        "price_unit": "G"
      }
    ]
  },
  {
    "source_url": "https://www.woolworths.com.au/shop/productdetails/74794/la-molisana-pastificio-extra-di-lusso-wholewheat-penne-rigate",
    "name": "La Molisana Pastificio Extra Di Lusso Wholewheat Penne Rigate 500g",
    "image_url": "https://cdn1.woolworths.media/content/wowproductimages/large/074794.jpg",
    "source_id": "Woolworths - 74794",
    "barcode": "8004690450208",
    "category_id": "22770",
    "shop": "Woolworths",
    "weight": "100G",
    "prices": [
      {
        "state": "NSW",
        "price": "260",
        "price_per_unit": "52",
        "price_unit": "G"
      },
      {
        "state": "VIC",
        "price": "260",
        "price_per_unit": "52",
        "price_unit": "G"
      },
      {
        "state": "QLD",
        "price": "260",
        "price_per_unit": "52",
        "price_unit": "G"
      },
      {
        "state": "WA",
        "price": "260",
        "price_per_unit": "52",
        "price_unit": "G"
      },
      {
        "state": "SA",
        "price": "260",
        "price_per_unit": "52",
        "price_unit": "G"
      },
      {
        "state": "TAS",
        "price": "260",
        "price_per_unit": "52",
        "price_unit": "G"
      },
      {
        "state": "ACT",
        "price": "260",
        "price_per_unit": "52",
        "price_unit": "G"
      }
    ]
  },
  {
    "source_url": "https://www.woolworths.com.au/shop/productdetails/74798/la-molisana-pastificio-extra-di-lusso-wholewheat-spaghetti",
    "name": "La Molisana Pastificio Extra Di Lusso Wholewheat Spaghetti 500g",
    "image_url": "https://cdn1.woolworths.media/content/wowproductimages/large/074798.jpg",
    "source_id": "Woolworths - 74798",
    "barcode": "8004690450154",
    "category_id": "22770",
    "shop": "Woolworths",
    "weight": "100G",
    "prices": [
      {
        "state": "NSW",
        "price": "260",
        "price_per_unit": "52",
        "price_unit": "G"
      },
      {
        "state": "VIC",
        "price": "260",
        "price_per_unit": "52",
        "price_unit": "G"
      },
      {
        "state": "QLD",
        "price": "260",
        "price_per_unit": "52",
        "price_unit": "G"
      },
      {
        "state": "WA",
        "price": "260",
        "price_per_unit": "52",
        "price_unit": "G"
      },
      {
        "state": "SA",
        "price": "260",
        "price_per_unit": "52",
        "price_unit": "G"
      },
      {
        "state": "ACT",
        "price": "260",
        "price_per_unit": "52",
        "price_unit": "G"
      },
      {
        "state": "NT",
        "price": "260",
        "price_per_unit": "52",
        "price_unit": "G"
      }
    ]
  },
  {
    "source_url": "https://www.woolworths.com.au/shop/productdetails/297003/pasta-roma-gluten-free-farm-animals-pasta",
    "name": "Pasta Roma Gluten Free Farm Animals Pasta 350g",
    "image_url": "https://cdn1.woolworths.media/content/wowproductimages/large/297003.jpg",
    "source_id": "Woolworths - 297003",
    "barcode": "720516026591",
    "category_id": "22770",
    "shop": "Woolworths",
    "weight": "100G",
    "prices": [
      {
        "state": "NSW",
        "price": "490",
        "price_per_unit": "140",
        "price_unit": "G"
      },
      {
        "state": "VIC",
        "price": "490",
        "price_per_unit": "140",
        "price_unit": "G"
      },
      {
        "state": "QLD",
        "price": "490",
        "price_per_unit": "140",
        "price_unit": "G"
      },
      {
        "state": "SA",
        "price": "490",
        "price_per_unit": "140",
        "price_unit": "G"
      },
      {
        "state": "TAS",
        "price": "490",
        "price_per_unit": "140",
        "price_unit": "G"
      },
      {
        "state": "ACT",
        "price": "490",
        "price_per_unit": "140",
        "price_unit": "G"
      },
      {
        "state": "NT",
        "price": "515",
        "price_per_unit": "147",
        "price_unit": "G"
      }
    ]
  },
  {
    "source_url": "https://www.woolworths.com.au/shop/productdetails/128650/pastificio-pipolo-farfalle-8-flavours",
    "name": "Pastificio Pipolo Farfalle 8 Flavours 500g",
    "image_url": "https://cdn1.woolworths.media/content/wowproductimages/large/128650.jpg",
    "source_id": "Woolworths - 128650",
    "barcode": "8010119771076",
    "category_id": "22770",
    "shop": "Woolworths",
    "weight": "100G",
    "prices": [
      {
        "state": "NSW",
        "price": "900",
        "price_per_unit": "180",
        "price_unit": "G"
      },
      {
        "state": "VIC",
        "price": "900",
        "price_per_unit": "180",
        "price_unit": "G"
      },
      {
        "state": "WA",
        "price": "900",
        "price_per_unit": "180",
        "price_unit": "G"
      },
      {
        "state": "SA",
        "price": "900",
        "price_per_unit": "180",
        "price_unit": "G"
      },
      {
        "state": "ACT",
        "price": "900",
        "price_per_unit": "180",
        "price_unit": "G"
      }
    ]
  },
  {
    "source_url": "https://www.woolworths.com.au/shop/productdetails/128553/pastificio-pipolo-farfalle-mediterranean",
    "name": "Pastificio Pipolo Farfalle Mediterranean 500g",
    "image_url": "https://cdn1.woolworths.media/content/wowproductimages/large/128553.jpg",
    "source_id": "Woolworths - 128553",
    "barcode": "8010119773568",
    "category_id": "22770",
    "shop": "Woolworths",
    "weight": "100G",
    "prices": [
      {
        "state": "NSW",
        "price": "1200",
        "price_per_unit": "240",
        "price_unit": "G"
      },
      {
        "state": "WA",
        "price": "1200",
        "price_per_unit": "240",
        "price_unit": "G"
      },
      {
        "state": "SA",
        "price": "1200",
        "price_per_unit": "240",
        "price_unit": "G"
      },
      {
        "state": "ACT",
        "price": "1200",
        "price_per_unit": "240",
        "price_unit": "G"
      }
    ]
  },
  {
    "source_url": "https://www.woolworths.com.au/shop/productdetails/39484/san-remo-elbows-pasta-no-35",
    "name": "San Remo Elbows Pasta No 35 500g",
    "image_url": "https://cdn1.woolworths.media/content/wowproductimages/large/039484.jpg",
    "source_id": "Woolworths - 39484",
    "barcode": "9310155203838",
    "category_id": "22770",
    "shop": "Woolworths",
    "weight": "100G",
    "prices": [
      {
        "state": "NSW",
        "price": "295",
        "price_per_unit": "59",
        "price_unit": "G"
      },
      {
        "state": "VIC",
        "price": "295",
        "price_per_unit": "59",
        "price_unit": "G"
      },
      {
        "state": "QLD",
        "price": "295",
        "price_per_unit": "59",
        "price_unit": "G"
      },
      {
        "state": "WA",
        "price": "295",
        "price_per_unit": "59",
        "price_unit": "G"
      },
      {
        "state": "SA",
        "price": "295",
        "price_per_unit": "59",
        "price_unit": "G"
      },
      {
        "state": "TAS",
        "price": "295",
        "price_per_unit": "59",
        "price_unit": "G"
      },
      {
        "state": "ACT",
        "price": "295",
        "price_per_unit": "59",
        "price_unit": "G"
      },
      {
        "state": "NT",
        "price": "310",
        "price_per_unit": "62",
        "price_unit": "G"
      }
    ]
  },
  {
    "source_url": "https://www.woolworths.com.au/shop/productdetails/116403/san-remo-gluten-free-gnocchi",
    "name": "San Remo Gluten Free Gnocchi 500g",
    "image_url": "https://cdn1.woolworths.media/content/wowproductimages/large/116403.jpg",
    "source_id": "Woolworths - 116403",
    "barcode": "9310155010269",
    "category_id": "22770",
    "shop": "Woolworths",
    "weight": "100G",
    "prices": [
      {
        "state": "NSW",
        "price": "550",
        "price_per_unit": "110",
        "price_unit": "G"
      },
      {
        "state": "VIC",
        "price": "550",
        "price_per_unit": "110",
        "price_unit": "G"
      },
      {
        "state": "QLD",
        "price": "550",
        "price_per_unit": "110",
        "price_unit": "G"
      },
      {
        "state": "WA",
        "price": "550",
        "price_per_unit": "110",
        "price_unit": "G"
      },
      {
        "state": "SA",
        "price": "550",
        "price_per_unit": "110",
        "price_unit": "G"
      },
      {
        "state": "TAS",
        "price": "550",
        "price_per_unit": "110",
        "price_unit": "G"
      },
      {
        "state": "ACT",
        "price": "550",
        "price_per_unit": "110",
        "price_unit": "G"
      },
      {
        "state": "NT",
        "price": "575",
        "price_per_unit": "115",
        "price_unit": "G"
      }
    ]
  },
  {
    "source_url": "https://www.woolworths.com.au/shop/productdetails/242926/san-remo-lasagne-gluten-free",
    "name": "San Remo Lasagne Gluten Free 200g",
    "image_url": "https://cdn1.woolworths.media/content/wowproductimages/large/242926.jpg",
    "source_id": "Woolworths - 242926",
    "barcode": "9310155228398",
    "category_id": "22770",
    "shop": "Woolworths",
    "weight": "100G",
    "prices": [
      {
        "state": "NSW",
        "price": "450",
        "price_per_unit": "225",
        "price_unit": "G"
      },
      {
        "state": "VIC",
        "price": "450",
        "price_per_unit": "225",
        "price_unit": "G"
      },
      {
        "state": "QLD",
        "price": "450",
        "price_per_unit": "225",
        "price_unit": "G"
      },
      {
        "state": "WA",
        "price": "450",
        "price_per_unit": "225",
        "price_unit": "G"
      },
      {
        "state": "SA",
        "price": "450",
        "price_per_unit": "225",
        "price_unit": "G"
      },
      {
        "state": "TAS",
        "price": "450",
        "price_per_unit": "225",
        "price_unit": "G"
      },
      {
        "state": "ACT",
        "price": "450",
        "price_per_unit": "225",
        "price_unit": "G"
      },
      {
        "state": "NT",
        "price": "450",
        "price_per_unit": "225",
        "price_unit": "G"
      }
    ]
  },
  {
    "source_url": "https://www.woolworths.com.au/shop/productdetails/35742/san-remo-penne-pasta-no-18",
    "name": "San Remo Penne Pasta No 18 500g",
    "image_url": "https://cdn1.woolworths.media/content/wowproductimages/large/035742.jpg",
    "source_id": "Woolworths - 35742",
    "barcode": "9310155202336",
    "category_id": "22770",
    "shop": "Woolworths",
    "weight": "100G",
    "prices": [
      {
        "state": "NSW",
        "price": "295",
        "price_per_unit": "59",
        "price_unit": "G"
      },
      {
        "state": "VIC",
        "price": "295",
        "price_per_unit": "59",
        "price_unit": "G"
      },
      {
        "state": "QLD",
        "price": "295",
        "price_per_unit": "59",
        "price_unit": "G"
      },
      {
        "state": "WA",
        "price": "295",
        "price_per_unit": "59",
        "price_unit": "G"
      },
      {
        "state": "SA",
        "price": "295",
        "price_per_unit": "59",
        "price_unit": "G"
      },
      {
        "state": "TAS",
        "price": "295",
        "price_per_unit": "59",
        "price_unit": "G"
      },
      {
        "state": "ACT",
        "price": "295",
        "price_per_unit": "59",
        "price_unit": "G"
      },
      {
        "state": "NT",
        "price": "310",
        "price_per_unit": "62",
        "price_unit": "G"
      }
    ]
  },
  {
    "source_url": "https://www.woolworths.com.au/shop/productdetails/43974/san-remo-spaghetti-pasta-no-5",
    "name": "San Remo Spaghetti Pasta No 5 500g",
    "image_url": "https://cdn1.woolworths.media/content/wowproductimages/large/043974.jpg",
    "source_id": "Woolworths - 43974",
    "barcode": "9310155100434",
    "category_id": "22770",
    "shop": "Woolworths",
    "weight": "100G",
    "prices": [
      {
        "state": "NSW",
        "price": "295",
        "price_per_unit": "59",
        "price_unit": "G"
      },
      {
        "state": "VIC",
        "price": "295",
        "price_per_unit": "59",
        "price_unit": "G"
      },
      {
        "state": "QLD",
        "price": "295",
        "price_per_unit": "59",
        "price_unit": "G"
      },
      {
        "state": "WA",
        "price": "295",
        "price_per_unit": "59",
        "price_unit": "G"
      },
      {
        "state": "SA",
        "price": "295",
        "price_per_unit": "59",
        "price_unit": "G"
      },
      {
        "state": "TAS",
        "price": "295",
        "price_per_unit": "59",
        "price_unit": "G"
      },
      {
        "state": "ACT",
        "price": "295",
        "price_per_unit": "59",
        "price_unit": "G"
      },
      {
        "state": "NT",
        "price": "310",
        "price_per_unit": "62",
        "price_unit": "G"
      }
    ]
  },
  {
    "source_url": "https://www.woolworths.com.au/shop/productdetails/147932/slendier-edamame-bean-fettuccine",
    "name": "Slendier Edamame Bean Fettuccine 200g",
    "image_url": "https://cdn1.woolworths.media/content/wowproductimages/large/147932.jpg",
    "source_id": "Woolworths - 147932",
    "barcode": "9346976001353",
    "category_id": "22770",
    "shop": "Woolworths",
    "weight": "100G",
    "prices": [
      {
        "state": "NSW",
        "price": "530",
        "price_per_unit": "265",
        "price_unit": "G"
      },
      {
        "state": "VIC",
        "price": "530",
        "price_per_unit": "265",
        "price_unit": "G"
      },
      {
        "state": "QLD",
        "price": "530",
        "price_per_unit": "265",
        "price_unit": "G"
      },
      {
        "state": "WA",
        "price": "530",
        "price_per_unit": "265",
        "price_unit": "G"
      },
      {
        "state": "SA",
        "price": "530",
        "price_per_unit": "265",
        "price_unit": "G"
      },
      {
        "state": "TAS",
        "price": "530",
        "price_per_unit": "265",
        "price_unit": "G"
      },
      {
        "state": "ACT",
        "price": "530",
        "price_per_unit": "265",
        "price_unit": "G"
      },
      {
        "state": "NT",
        "price": "530",
        "price_per_unit": "265",
        "price_unit": "G"
      }
    ]
  },
  {
    "source_url": "https://www.woolworths.com.au/shop/productdetails/127078/squisito-fusilli-avellinesi",
    "name": "Squisito Fusilli Avellinesi 500g",
    "image_url": "https://cdn1.woolworths.media/content/wowproductimages/large/127078.jpg",
    "source_id": "Woolworths - 127078",
    "barcode": "9314820021758",
    "category_id": "22770",
    "shop": "Woolworths",
    "weight": "100G",
    "prices": [
      {
        "state": "NSW",
        "price": "620",
        "price_per_unit": "124",
        "price_unit": "G"
      },
      {
        "state": "VIC",
        "price": "620",
        "price_per_unit": "124",
        "price_unit": "G"
      },
      {
        "state": "WA",
        "price": "620",
        "price_per_unit": "124",
        "price_unit": "G"
      },
      {
        "state": "SA",
        "price": "620",
        "price_per_unit": "124",
        "price_unit": "G"
      },
      {
        "state": "ACT",
        "price": "620",
        "price_per_unit": "124",
        "price_unit": "G"
      }
    ]
  },
  {
    "source_url": "https://www.woolworths.com.au/shop/productdetails/112440/vetta-rural-aid-penne-pasta-value-pack",
    "name": "Vetta Rural Aid Penne Pasta Value Pack 750g",
    "image_url": "https://cdn1.woolworths.media/content/wowproductimages/large/112440.jpg",
    "source_id": "Woolworths - 112440",
    "barcode": "9310146975621",
    "category_id": "22770",
    "shop": "Woolworths",
    "weight": "100G",
    "prices": [
      {
        "state": "NSW",
        "price": "250",
        "price_per_unit": "33",
        "price_unit": "G"
      },
      {
        "state": "VIC",
        "price": "250",
        "price_per_unit": "33",
        "price_unit": "G"
      },
      {
        "state": "QLD",
        "price": "250",
        "price_per_unit": "33",
        "price_unit": "G"
      },
      {
        "state": "WA",
        "price": "250",
        "price_per_unit": "33",
        "price_unit": "G"
      },
      {
        "state": "SA",
        "price": "250",
        "price_per_unit": "33",
        "price_unit": "G"
      },
      {
        "state": "TAS",
        "price": "250",
        "price_per_unit": "33",
        "price_unit": "G"
      },
      {
        "state": "ACT",
        "price": "250",
        "price_per_unit": "33",
        "price_unit": "G"
      },
      {
        "state": "NT",
        "price": "250",
        "price_per_unit": "33",
        "price_unit": "G"
      }
    ]
  },
  {
    "source_url": "https://www.woolworths.com.au/shop/productdetails/346830/woolworths-pasta-spaghetti",
    "name": "Woolworths Pasta Spaghetti 500g",
    "image_url": "https://cdn1.woolworths.media/content/wowproductimages/large/346830.jpg",
    "source_id": "Woolworths - 346830",
    "barcode": "9339687320141",
    "category_id": "22770",
    "shop": "Woolworths",
    "weight": "100G",
    "prices": [
      {
        "state": "NSW",
        "price": "100",
        "price_per_unit": "20",
        "price_unit": "G"
      },
      {
        "state": "VIC",
        "price": "100",
        "price_per_unit": "20",
        "price_unit": "G"
      },
      {
        "state": "QLD",
        "price": "100",
        "price_per_unit": "20",
        "price_unit": "G"
      },
      {
        "state": "WA",
        "price": "100",
        "price_per_unit": "20",
        "price_unit": "G"
      },
      {
        "state": "SA",
        "price": "100",
        "price_per_unit": "20",
        "price_unit": "G"
      },
      {
        "state": "TAS",
        "price": "100",
        "price_per_unit": "20",
        "price_unit": "G"
      },
      {
        "state": "ACT",
        "price": "100",
        "price_per_unit": "20",
        "price_unit": "G"
      },
      {
        "state": "NT",
        "price": "100",
        "price_per_unit": "20",
        "price_unit": "G"
      }
    ]
  },
  {
    "source_url": "https://www.woolworths.com.au/shop/productdetails/202158/barilla-al-bronzo-fusilli",
    "name": "Barilla Al Bronzo Fusilli 400g",
    "image_url": "https://cdn1.woolworths.media/content/wowproductimages/large/202158.jpg",
    "source_id": "Woolworths - 202158",
    "barcode": "8076809581080",
    "category_id": "22770",
    "shop": "Woolworths",
    "weight": "100G",
    "prices": [
      {
        "state": "VIC",
        "price": "400",
        "price_per_unit": "100",
        "price_unit": "G"
      },
      {
        "state": "QLD",
        "price": "400",
        "price_per_unit": "100",
        "price_unit": "G"
      },
      {
        "state": "WA",
        "price": "400",
        "price_per_unit": "100",
        "price_unit": "G"
      },
      {
        "state": "SA",
        "price": "400",
        "price_per_unit": "100",
        "price_unit": "G"
      },
      {
        "state": "TAS",
        "price": "400",
        "price_per_unit": "100",
        "price_unit": "G"
      },
      {
        "state": "ACT",
        "price": "400",
        "price_per_unit": "100",
        "price_unit": "G"
      },
      {
        "state": "NT",
        "price": "400",
        "price_per_unit": "100",
        "price_unit": "G"
      }
    ]
  },
  {
    "source_url": "https://www.woolworths.com.au/shop/productdetails/221173/barilla-al-bronzo-spaghetti",
    "name": "Barilla Al Bronzo Spaghetti 400g",
    "image_url": "https://cdn1.woolworths.media/content/wowproductimages/large/221173.jpg",
    "source_id": "Woolworths - 221173",
    "barcode": "8076809581172",
    "category_id": "22770",
    "shop": "Woolworths",
    "weight": "100G",
    "prices": [
      {
        "state": "VIC",
        "price": "400",
        "price_per_unit": "100",
        "price_unit": "G"
      },
      {
        "state": "QLD",
        "price": "400",
        "price_per_unit": "100",
        "price_unit": "G"
      },
      {
        "state": "WA",
        "price": "400",
        "price_per_unit": "100",
        "price_unit": "G"
      },
      {
        "state": "SA",
        "price": "400",
        "price_per_unit": "100",
        "price_unit": "G"
      },
      {
        "state": "TAS",
        "price": "400",
        "price_per_unit": "100",
        "price_unit": "G"
      },
      {
        "state": "ACT",
        "price": "400",
        "price_per_unit": "100",
        "price_unit": "G"
      },
      {
        "state": "NT",
        "price": "400",
        "price_per_unit": "100",
        "price_unit": "G"
      }
    ]
  },
  {
    "source_url": "https://www.woolworths.com.au/shop/productdetails/286164/barilla-gluten-free-fusilli",
    "name": "Barilla Gluten Free Fusilli 340g",
    "image_url": "https://cdn1.woolworths.media/content/wowproductimages/large/286164.jpg",
    "source_id": "Woolworths - 286164",
    "barcode": "8076809583541",
    "category_id": "22770",
    "shop": "Woolworths",
    "weight": "100G",
    "prices": [
      {
        "state": "VIC",
        "price": "470",
        "price_per_unit": "138",
        "price_unit": "G"
      },
      {
        "state": "QLD",
        "price": "470",
        "price_per_unit": "138",
        "price_unit": "G"
      },
      {
        "state": "WA",
        "price": "470",
        "price_per_unit": "138",
        "price_unit": "G"
      },
      {
        "state": "SA",
        "price": "470",
        "price_per_unit": "138",
        "price_unit": "G"
      },
      {
        "state": "TAS",
        "price": "470",
        "price_per_unit": "138",
        "price_unit": "G"
      },
      {
        "state": "ACT",
        "price": "470",
        "price_per_unit": "138",
        "price_unit": "G"
      },
      {
        "state": "NT",
        "price": "470",
        "price_per_unit": "138",
        "price_unit": "G"
      }
    ]
  },
  {
    "source_url": "https://www.woolworths.com.au/shop/productdetails/77498/barilla-pasta-farfalle-farfalle-pasta-no-65",
    "name": "Barilla Pasta Farfalle 500g",
    "image_url": "https://cdn1.woolworths.media/content/wowproductimages/large/077498.jpg",
    "source_id": "Woolworths - 77498",
    "barcode": "8076808060654",
    "category_id": "22770",
    "shop": "Woolworths",
    "weight": "100G",
    "prices": [
      {
        "state": "VIC",
        "price": "350",
        "price_per_unit": "70",
        "price_unit": "G"
      },
      {
        "state": "QLD",
        "price": "350",
        "price_per_unit": "70",
        "price_unit": "G"
      },
      {
        "state": "WA",
        "price": "350",
        "price_per_unit": "70",
        "price_unit": "G"
      },
      {
        "state": "SA",
        "price": "350",
        "price_per_unit": "70",
        "price_unit": "G"
      },
      {
        "state": "TAS",
        "price": "350",
        "price_per_unit": "70",
        "price_unit": "G"
      },
      {
        "state": "ACT",
        "price": "350",
        "price_per_unit": "70",
        "price_unit": "G"
      },
      {
        "state": "NT",
        "price": "350",
        "price_per_unit": "70",
        "price_unit": "G"
      }
    ]
  },
  {
    "source_url": "https://www.woolworths.com.au/shop/productdetails/93383/barilla-pasta-fusilli-pasta-no-98",
    "name": "Barilla Pasta Fusilli 500g",
    "image_url": "https://cdn1.woolworths.media/content/wowproductimages/large/093383.jpg",
    "source_id": "Woolworths - 93383",
    "barcode": "8076802085981",
    "category_id": "22770",
    "shop": "Woolworths",
    "weight": "100G",
    "prices": [
      {
        "state": "VIC",
        "price": "350",
        "price_per_unit": "70",
        "price_unit": "G"
      },
      {
        "state": "QLD",
        "price": "350",
        "price_per_unit": "70",
        "price_unit": "G"
      },
      {
        "state": "WA",
        "price": "350",
        "price_per_unit": "70",
        "price_unit": "G"
      },
      {
        "state": "SA",
        "price": "350",
        "price_per_unit": "70",
        "price_unit": "G"
      },
      {
        "state": "TAS",
        "price": "350",
        "price_per_unit": "70",
        "price_unit": "G"
      },
      {
        "state": "ACT",
        "price": "350",
        "price_per_unit": "70",
        "price_unit": "G"
      },
      {
        "state": "NT",
        "price": "350",
        "price_per_unit": "70",
        "price_unit": "G"
      }
    ]
  },
  {
    "source_url": "https://www.woolworths.com.au/shop/productdetails/620647/barilla-pasta-gluten-free-penne-rigate",
    "name": "Barilla Pasta Gluten Free Penne Rigate 340g",
    "image_url": "https://cdn1.woolworths.media/content/wowproductimages/large/620647.jpg",
    "source_id": "Woolworths - 620647",
    "barcode": "8076809572514",
    "category_id": "22770",
    "shop": "Woolworths",
    "weight": "100G",
    "prices": [
      {
        "state": "VIC",
        "price": "470",
        "price_per_unit": "138",
        "price_unit": "G"
      },
      {
        "state": "QLD",
        "price": "470",
        "price_per_unit": "138",
        "price_unit": "G"
      },
      {
        "state": "SA",
        "price": "470",
        "price_per_unit": "138",
        "price_unit": "G"
      },
      {
        "state": "TAS",
        "price": "470",
        "price_per_unit": "138",
        "price_unit": "G"
      },
      {
        "state": "ACT",
        "price": "470",
        "price_per_unit": "138",
        "price_unit": "G"
      },
      {
        "state": "NT",
        "price": "470",
        "price_per_unit": "138",
        "price_unit": "G"
      }
    ]
  },
  {
    "source_url": "https://www.woolworths.com.au/shop/productdetails/620646/barilla-pasta-gluten-free-spaghetti-gluten-free",
    "name": "Barilla Pasta Gluten Free Spaghetti 340g",
    "image_url": "https://cdn1.woolworths.media/content/wowproductimages/large/620646.jpg",
    "source_id": "Woolworths - 620646",
    "barcode": "8076809572507",
    "category_id": "22770",
    "shop": "Woolworths",
    "weight": "100G",
    "prices": [
      {
        "state": "VIC",
        "price": "470",
        "price_per_unit": "138",
        "price_unit": "G"
      },
      {
        "state": "QLD",
        "price": "470",
        "price_per_unit": "138",
        "price_unit": "G"
      },
      {
        "state": "WA",
        "price": "470",
        "price_per_unit": "138",
        "price_unit": "G"
      },
      {
        "state": "SA",
        "price": "470",
        "price_per_unit": "138",
        "price_unit": "G"
      },
      {
        "state": "TAS",
        "price": "470",
        "price_per_unit": "138",
        "price_unit": "G"
      },
      {
        "state": "ACT",
        "price": "470",
        "price_per_unit": "138",
        "price_unit": "G"
      },
      {
        "state": "NT",
        "price": "470",
        "price_per_unit": "138",
        "price_unit": "G"
      }
    ]
  },
  {
    "source_url": "https://www.woolworths.com.au/shop/productdetails/83764/barilla-pasta-penne-rigate-rigate-pasta-no-73",
    "name": "Barilla Pasta Penne Rigate 500g",
    "image_url": "https://cdn1.woolworths.media/content/wowproductimages/large/083764.jpg",
    "source_id": "Woolworths - 83764",
    "barcode": "8076802085738",
    "category_id": "22770",
    "shop": "Woolworths",
    "weight": "100G",
    "prices": [
      {
        "state": "VIC",
        "price": "350",
        "price_per_unit": "70",
        "price_unit": "G"
      },
      {
        "state": "QLD",
        "price": "350",
        "price_per_unit": "70",
        "price_unit": "G"
      },
      {
        "state": "WA",
        "price": "350",
        "price_per_unit": "70",
        "price_unit": "G"
      },
      {
        "state": "SA",
        "price": "350",
        "price_per_unit": "70",
        "price_unit": "G"
      },
      {
        "state": "ACT",
        "price": "350",
        "price_per_unit": "70",
        "price_unit": "G"
      },
      {
        "state": "NT",
        "price": "350",
        "price_per_unit": "70",
        "price_unit": "G"
      }
    ]
  },
  {
    "source_url": "https://www.woolworths.com.au/shop/productdetails/88382/barilla-pasta-rigatoni-pasta-no-89",
    "name": "Barilla Pasta Rigatoni 500g",
    "image_url": "https://cdn1.woolworths.media/content/wowproductimages/large/088382.jpg",
    "source_id": "Woolworths - 88382",
    "barcode": "8076802085899",
    "category_id": "22770",
    "shop": "Woolworths",
    "weight": "100G",
    "prices": [
      {
        "state": "VIC",
        "price": "350",
        "price_per_unit": "70",
        "price_unit": "G"
      },
      {
        "state": "QLD",
        "price": "350",
        "price_per_unit": "70",
        "price_unit": "G"
      },
      {
        "state": "WA",
        "price": "350",
        "price_per_unit": "70",
        "price_unit": "G"
      },
      {
        "state": "SA",
        "price": "350",
        "price_per_unit": "70",
        "price_unit": "G"
      },
      {
        "state": "ACT",
        "price": "350",
        "price_per_unit": "70",
        "price_unit": "G"
      },
      {
        "state": "NT",
        "price": "350",
        "price_per_unit": "70",
        "price_unit": "G"
      }
    ]
  },
  {
    "source_url": "https://www.woolworths.com.au/shop/productdetails/88057/barilla-pasta-spaghettini-spaghettini-pasta-no-3",
    "name": "Barilla Pasta Spaghettini 500g",
    "image_url": "https://cdn1.woolworths.media/content/wowproductimages/large/088057.jpg",
    "source_id": "Woolworths - 88057",
    "barcode": "8076800195033",
    "category_id": "22770",
    "shop": "Woolworths",
    "weight": "100G",
    "prices": [
      {
        "state": "VIC",
        "price": "350",
        "price_per_unit": "70",
        "price_unit": "G"
      },
      {
        "state": "QLD",
        "price": "350",
        "price_per_unit": "70",
        "price_unit": "G"
      },
      {
        "state": "WA",
        "price": "350",
        "price_per_unit": "70",
        "price_unit": "G"
      },
      {
        "state": "SA",
        "price": "350",
        "price_per_unit": "70",
        "price_unit": "G"
      },
      {
        "state": "TAS",
        "price": "350",
        "price_per_unit": "70",
        "price_unit": "G"
      },
      {
        "state": "ACT",
        "price": "350",
        "price_per_unit": "70",
        "price_unit": "G"
      },
      {
        "state": "NT",
        "price": "350",
        "price_per_unit": "70",
        "price_unit": "G"
      }
    ]
  },
  {
    "source_url": "https://www.woolworths.com.au/shop/productdetails/98906/barilla-pasta-spaghettoni-no-7-pasta-spaghettoni",
    "name": "Barilla Pasta Spaghettoni 500g",
    "image_url": "https://cdn1.woolworths.media/content/wowproductimages/large/098906.jpg",
    "source_id": "Woolworths - 98906",
    "barcode": "8076808150072",
    "category_id": "22770",
    "shop": "Woolworths",
    "weight": "100G",
    "prices": [
      {
        "state": "VIC",
        "price": "350",
        "price_per_unit": "70",
        "price_unit": "G"
      },
      {
        "state": "QLD",
        "price": "350",
        "price_per_unit": "70",
        "price_unit": "G"
      },
      {
        "state": "WA",
        "price": "350",
        "price_per_unit": "70",
        "price_unit": "G"
      },
      {
        "state": "SA",
        "price": "350",
        "price_per_unit": "70",
        "price_unit": "G"
      },
      {
        "state": "TAS",
        "price": "350",
        "price_per_unit": "70",
        "price_unit": "G"
      },
      {
        "state": "ACT",
        "price": "350",
        "price_per_unit": "70",
        "price_unit": "G"
      },
      {
        "state": "NT",
        "price": "350",
        "price_per_unit": "70",
        "price_unit": "G"
      }
    ]
  },
  {
    "source_url": "https://www.woolworths.com.au/shop/productdetails/188800/essentials-pasta-penne",
    "name": "Essentials Pasta Penne 500g",
    "image_url": "https://cdn1.woolworths.media/content/wowproductimages/large/188800.jpg",
    "source_id": "Woolworths - 188800",
    "barcode": "9300633100209",
    "category_id": "22770",
    "shop": "Woolworths",
    "weight": "100G",
    "prices": [
      {
        "state": "VIC",
        "price": "90",
        "price_per_unit": "18",
        "price_unit": "G"
      },
      {
        "state": "QLD",
        "price": "90",
        "price_per_unit": "18",
        "price_unit": "G"
      },
      {
        "state": "WA",
        "price": "90",
        "price_per_unit": "18",
        "price_unit": "G"
      },
      {
        "state": "SA",
        "price": "90",
        "price_per_unit": "18",
        "price_unit": "G"
      },
      {
        "state": "TAS",
        "price": "90",
        "price_per_unit": "18",
        "price_unit": "G"
      },
      {
        "state": "ACT",
        "price": "90",
        "price_per_unit": "18",
        "price_unit": "G"
      },
      {
        "state": "NT",
        "price": "90",
        "price_per_unit": "18",
        "price_unit": "G"
      }
    ]
  },
  {
    "source_url": "https://www.woolworths.com.au/shop/productdetails/44571/essentials-pasta-spaghetti",
    "name": "Essentials Pasta Spaghetti 500g",
    "image_url": "https://cdn1.woolworths.media/content/wowproductimages/large/044571.jpg",
    "source_id": "Woolworths - 44571",
    "barcode": "9339687206599",
    "category_id": "22770",
    "shop": "Woolworths",
    "weight": "100G",
    "prices": [
      {
        "state": "VIC",
        "price": "90",
        "price_per_unit": "18",
        "price_unit": "G"
      },
      {
        "state": "QLD",
        "price": "90",
        "price_per_unit": "18",
        "price_unit": "G"
      },
      {
        "state": "WA",
        "price": "90",
        "price_per_unit": "18",
        "price_unit": "G"
      },
      {
        "state": "SA",
        "price": "90",
        "price_per_unit": "18",
        "price_unit": "G"
      },
      {
        "state": "TAS",
        "price": "90",
        "price_per_unit": "18",
        "price_unit": "G"
      },
      {
        "state": "ACT",
        "price": "90",
        "price_per_unit": "18",
        "price_unit": "G"
      },
      {
        "state": "NT",
        "price": "90",
        "price_per_unit": "18",
        "price_unit": "G"
      }
    ]
  },
  {
    "source_url": "https://www.woolworths.com.au/shop/productdetails/188799/essentials-pasta-spirals",
    "name": "Essentials Pasta Spirals 500g",
    "image_url": "https://cdn1.woolworths.media/content/wowproductimages/large/188799.jpg",
    "source_id": "Woolworths - 188799",
    "barcode": "9339687206605",
    "category_id": "22770",
    "shop": "Woolworths",
    "weight": "100G",
    "prices": [
      {
        "state": "VIC",
        "price": "90",
        "price_per_unit": "18",
        "price_unit": "G"
      },
      {
        "state": "QLD",
        "price": "90",
        "price_per_unit": "18",
        "price_unit": "G"
      },
      {
        "state": "WA",
        "price": "90",
        "price_per_unit": "18",
        "price_unit": "G"
      },
      {
        "state": "SA",
        "price": "90",
        "price_per_unit": "18",
        "price_unit": "G"
      },
      {
        "state": "TAS",
        "price": "90",
        "price_per_unit": "18",
        "price_unit": "G"
      },
      {
        "state": "ACT",
        "price": "90",
        "price_per_unit": "18",
        "price_unit": "G"
      },
      {
        "state": "NT",
        "price": "90",
        "price_per_unit": "18",
        "price_unit": "G"
      }
    ]
  },
  {
    "source_url": "https://www.woolworths.com.au/shop/productdetails/798251/guzzi-s-fettuccine",
    "name": "Guzzi's Fettuccine 375g",
    "image_url": "https://cdn1.woolworths.media/content/wowproductimages/large/798251.jpg",
    "source_id": "Woolworths - 798251",
    "barcode": "9311208000367",
    "category_id": "22770",
    "shop": "Woolworths",
    "weight": "100G",
    "prices": [
      {
        "state": "VIC",
        "price": "595",
        "price_per_unit": "159",
        "price_unit": "G"
      },
      {
        "state": "QLD",
        "price": "595",
        "price_per_unit": "159",
        "price_unit": "G"
      },
      {
        "state": "WA",
        "price": "595",
        "price_per_unit": "159",
        "price_unit": "G"
      },
      {
        "state": "SA",
        "price": "595",
        "price_per_unit": "159",
        "price_unit": "G"
      },
      {
        "state": "ACT",
        "price": "595",
        "price_per_unit": "159",
        "price_unit": "G"
      },
      {
        "state": "NT",
        "price": "625",
        "price_per_unit": "167",
        "price_unit": "G"
      }
    ]
  },
  {
    "source_url": "https://www.woolworths.com.au/shop/productdetails/15458/guzzi-s-golden-pasta-gnocchi-potato-dry",
    "name": "Guzzi's Golden Pasta Gnocchi Potato Dry 500g",
    "image_url": "https://cdn1.woolworths.media/content/wowproductimages/large/015458.jpg",
    "source_id": "Woolworths - 15458",
    "barcode": "9311208003344",
    "category_id": "22770",
    "shop": "Woolworths",
    "weight": "100G",
    "prices": [
      {
        "state": "VIC",
        "price": "395",
        "price_per_unit": "79",
        "price_unit": "G"
      },
      {
        "state": "QLD",
        "price": "395",
        "price_per_unit": "79",
        "price_unit": "G"
      },
      {
        "state": "WA",
        "price": "395",
        "price_per_unit": "79",
        "price_unit": "G"
      },
      {
        "state": "SA",
        "price": "395",
        "price_per_unit": "79",
        "price_unit": "G"
      },
      {
        "state": "TAS",
        "price": "395",
        "price_per_unit": "79",
        "price_unit": "G"
      },
      {
        "state": "ACT",
        "price": "395",
        "price_per_unit": "79",
        "price_unit": "G"
      },
      {
        "state": "NT",
        "price": "395",
        "price_per_unit": "79",
        "price_unit": "G"
      }
    ]
  },
  {
    "source_url": "https://www.woolworths.com.au/shop/productdetails/798249/guzzi-s-linguine",
    "name": "Guzzi's Linguine 375g",
    "image_url": "https://cdn1.woolworths.media/content/wowproductimages/large/798249.jpg",
    "source_id": "Woolworths - 798249",
    "barcode": "9311208000480",
    "category_id": "22770",
    "shop": "Woolworths",
    "weight": "100G",
    "prices": [
      {
        "state": "VIC",
        "price": "595",
        "price_per_unit": "159",
        "price_unit": "G"
      },
      {
        "state": "QLD",
        "price": "595",
        "price_per_unit": "159",
        "price_unit": "G"
      },
      {
        "state": "WA",
        "price": "595",
        "price_per_unit": "159",
        "price_unit": "G"
      },
      {
        "state": "SA",
        "price": "595",
        "price_per_unit": "159",
        "price_unit": "G"
      },
      {
        "state": "TAS",
        "price": "595",
        "price_per_unit": "159",
        "price_unit": "G"
      },
      {
        "state": "ACT",
        "price": "595",
        "price_per_unit": "159",
        "price_unit": "G"
      },
      {
        "state": "NT",
        "price": "625",
        "price_per_unit": "167",
        "price_unit": "G"
      }
    ]
  },
  {
    "source_url": "https://www.woolworths.com.au/shop/productdetails/798252/guzzi-s-pappardelle",
    "name": "Guzzi's Pappardelle 375g",
    "image_url": "https://cdn1.woolworths.media/content/wowproductimages/large/798252.jpg",
    "source_id": "Woolworths - 798252",
    "barcode": "9311208000398",
    "category_id": "22770",
    "shop": "Woolworths",
    "weight": "100G",
    "prices": [
      {
        "state": "VIC",
        "price": "595",
        "price_per_unit": "159",
        "price_unit": "G"
      },
      {
        "state": "QLD",
        "price": "595",
        "price_per_unit": "159",
        "price_unit": "G"
      },
      {
        "state": "WA",
        "price": "595",
        "price_per_unit": "159",
        "price_unit": "G"
      },
      {
        "state": "SA",
        "price": "595",
        "price_per_unit": "159",
        "price_unit": "G"
      },
      {
        "state": "TAS",
        "price": "595",
        "price_per_unit": "159",
        "price_unit": "G"
      },
      {
        "state": "ACT",
        "price": "595",
        "price_per_unit": "159",
        "price_unit": "G"
      },
      {
        "state": "NT",
        "price": "625",
        "price_per_unit": "167",
        "price_unit": "G"
      }
    ]
  },
  {
    "source_url": "https://www.woolworths.com.au/shop/productdetails/92228/guzzi-s-tricolore-tagliatelle",
    "name": "Guzzi's Tricolore Tagliatelle 375g",
    "image_url": "https://cdn1.woolworths.media/content/wowproductimages/large/092228.jpg",
    "source_id": "Woolworths - 92228",
    "barcode": "9311208000565",
    "category_id": "22770",
    "shop": "Woolworths",
    "weight": "100G",
    "prices": [
      {
        "state": "VIC",
        "price": "595",
        "price_per_unit": "159",
        "price_unit": "G"
      },
      {
        "state": "QLD",
        "price": "595",
        "price_per_unit": "159",
        "price_unit": "G"
      },
      {
        "state": "WA",
        "price": "595",
        "price_per_unit": "159",
        "price_unit": "G"
      },
      {
        "state": "SA",
        "price": "595",
        "price_per_unit": "159",
        "price_unit": "G"
      },
      {
        "state": "TAS",
        "price": "595",
        "price_per_unit": "159",
        "price_unit": "G"
      },
      {
        "state": "ACT",
        "price": "595",
        "price_per_unit": "159",
        "price_unit": "G"
      },
      {
        "state": "NT",
        "price": "625",
        "price_per_unit": "167",
        "price_unit": "G"
      }
    ]
  },
  {
    "source_url": "https://www.woolworths.com.au/shop/productdetails/215448/macro-organic-penne-pasta",
    "name": "Macro Organic Penne Pasta 500g",
    "image_url": "https://cdn1.woolworths.media/content/wowproductimages/large/215448.jpg",
    "source_id": "Woolworths - 215448",
    "barcode": "9300633903244",
    "category_id": "22770",
    "shop": "Woolworths",
    "weight": "100G",
    "prices": [
      {
        "state": "VIC",
        "price": "195",
        "price_per_unit": "39",
        "price_unit": "G"
      },
      {
        "state": "QLD",
        "price": "195",
        "price_per_unit": "39",
        "price_unit": "G"
      },
      {
        "state": "WA",
        "price": "195",
        "price_per_unit": "39",
        "price_unit": "G"
      },
      {
        "state": "SA",
        "price": "195",
        "price_per_unit": "39",
        "price_unit": "G"
      },
      {
        "state": "TAS",
        "price": "195",
        "price_per_unit": "39",
        "price_unit": "G"
      },
      {
        "state": "ACT",
        "price": "195",
        "price_per_unit": "39",
        "price_unit": "G"
      },
      {
        "state": "NT",
        "price": "195",
        "price_per_unit": "39",
        "price_unit": "G"
      }
    ]
  },
  {
    "source_url": "https://www.woolworths.com.au/shop/productdetails/215450/macro-organic-spaghetti-pasta",
    "name": "Macro Organic Spaghetti Pasta 500g",
    "image_url": "https://cdn1.woolworths.media/content/wowproductimages/large/215450.jpg",
    "source_id": "Woolworths - 215450",
    "barcode": "9300633903268",
    "category_id": "22770",
    "shop": "Woolworths",
    "weight": "100G",
    "prices": [
      {
        "state": "VIC",
        "price": "195",
        "price_per_unit": "39",
        "price_unit": "G"
      },
      {
        "state": "QLD",
        "price": "195",
        "price_per_unit": "39",
        "price_unit": "G"
      },
      {
        "state": "WA",
        "price": "195",
        "price_per_unit": "39",
        "price_unit": "G"
      },
      {
        "state": "SA",
        "price": "195",
        "price_per_unit": "39",
        "price_unit": "G"
      },
      {
        "state": "TAS",
        "price": "195",
        "price_per_unit": "39",
        "price_unit": "G"
      },
      {
        "state": "ACT",
        "price": "195",
        "price_per_unit": "39",
        "price_unit": "G"
      },
      {
        "state": "NT",
        "price": "195",
        "price_per_unit": "39",
        "price_unit": "G"
      }
    ]
  },
  {
    "source_url": "https://www.woolworths.com.au/shop/productdetails/215451/macro-organic-spirals-pasta",
    "name": "Macro Organic Spirals Pasta 500g",
    "image_url": "https://cdn1.woolworths.media/content/wowproductimages/large/215451.jpg",
    "source_id": "Woolworths - 215451",
    "barcode": "9300633903275",
    "category_id": "22770",
    "shop": "Woolworths",
    "weight": "100G",
    "prices": [
      {
        "state": "VIC",
        "price": "195",
        "price_per_unit": "39",
        "price_unit": "G"
      },
      {
        "state": "QLD",
        "price": "195",
        "price_per_unit": "39",
        "price_unit": "G"
      },
      {
        "state": "WA",
        "price": "195",
        "price_per_unit": "39",
        "price_unit": "G"
      },
      {
        "state": "SA",
        "price": "195",
        "price_per_unit": "39",
        "price_unit": "G"
      },
      {
        "state": "TAS",
        "price": "195",
        "price_per_unit": "39",
        "price_unit": "G"
      },
      {
        "state": "ACT",
        "price": "195",
        "price_per_unit": "39",
        "price_unit": "G"
      },
      {
        "state": "NT",
        "price": "195",
        "price_per_unit": "39",
        "price_unit": "G"
      }
    ]
  },
  {
    "source_url": "https://www.woolworths.com.au/shop/productdetails/199670/pasta-roma-gluten-free-macaroni",
    "name": "Pasta Roma Gluten Free Macaroni 350g",
    "image_url": "https://cdn1.woolworths.media/content/wowproductimages/large/199670.jpg",
    "source_id": "Woolworths - 199670",
    "barcode": "720516025488",
    "category_id": "22770",
    "shop": "Woolworths",
    "weight": "100G",
    "prices": [
      {
        "state": "VIC",
        "price": "490",
        "price_per_unit": "140",
        "price_unit": "G"
      },
      {
        "state": "QLD",
        "price": "490",
        "price_per_unit": "140",
        "price_unit": "G"
      },
      {
        "state": "WA",
        "price": "490",
        "price_per_unit": "140",
        "price_unit": "G"
      },
      {
        "state": "SA",
        "price": "490",
        "price_per_unit": "140",
        "price_unit": "G"
      },
      {
        "state": "TAS",
        "price": "490",
        "price_per_unit": "140",
        "price_unit": "G"
      },
      {
        "state": "ACT",
        "price": "490",
        "price_per_unit": "140",
        "price_unit": "G"
      },
      {
        "state": "NT",
        "price": "515",
        "price_per_unit": "147",
        "price_unit": "G"
      }
    ]
  },
  {
    "source_url": "https://www.woolworths.com.au/shop/productdetails/198648/pasta-roma-gluten-free-penne",
    "name": "Pasta Roma Gluten Free Penne 350g",
    "image_url": "https://cdn1.woolworths.media/content/wowproductimages/large/198648.jpg",
    "source_id": "Woolworths - 198648",
    "barcode": "720516025464",
    "category_id": "22770",
    "shop": "Woolworths",
    "weight": "100G",
    "prices": [
      {
        "state": "VIC",
        "price": "490",
        "price_per_unit": "140",
        "price_unit": "G"
      },
      {
        "state": "QLD",
        "price": "490",
        "price_per_unit": "140",
        "price_unit": "G"
      },
      {
        "state": "WA",
        "price": "490",
        "price_per_unit": "140",
        "price_unit": "G"
      },
      {
        "state": "SA",
        "price": "490",
        "price_per_unit": "140",
        "price_unit": "G"
      },
      {
        "state": "TAS",
        "price": "490",
        "price_per_unit": "140",
        "price_unit": "G"
      },
      {
        "state": "ACT",
        "price": "490",
        "price_per_unit": "140",
        "price_unit": "G"
      },
      {
        "state": "NT",
        "price": "515",
        "price_per_unit": "147",
        "price_unit": "G"
      }
    ]
  },
  {
    "source_url": "https://www.woolworths.com.au/shop/productdetails/200194/pasta-roma-gluten-free-rigatoni",
    "name": "Pasta Roma Gluten Free Rigatoni 350g",
    "image_url": "https://cdn1.woolworths.media/content/wowproductimages/large/200194.jpg",
    "source_id": "Woolworths - 200194",
    "barcode": "720516025495",
    "category_id": "22770",
    "shop": "Woolworths",
    "weight": "100G",
    "prices": [
      {
        "state": "VIC",
        "price": "490",
        "price_per_unit": "140",
        "price_unit": "G"
      },
      {
        "state": "QLD",
        "price": "490",
        "price_per_unit": "140",
        "price_unit": "G"
      },
      {
        "state": "WA",
        "price": "490",
        "price_per_unit": "140",
        "price_unit": "G"
      },
      {
        "state": "SA",
        "price": "490",
        "price_per_unit": "140",
        "price_unit": "G"
      },
      {
        "state": "TAS",
        "price": "490",
        "price_per_unit": "140",
        "price_unit": "G"
      },
      {
        "state": "ACT",
        "price": "490",
        "price_per_unit": "140",
        "price_unit": "G"
      },
      {
        "state": "NT",
        "price": "515",
        "price_per_unit": "147",
        "price_unit": "G"
      }
    ]
  },
  {
    "source_url": "https://www.woolworths.com.au/shop/productdetails/199385/pasta-roma-gluten-free-spirals",
    "name": "Pasta Roma Gluten Free Spirals 350g",
    "image_url": "https://cdn1.woolworths.media/content/wowproductimages/large/199385.jpg",
    "source_id": "Woolworths - 199385",
    "barcode": "720516025457",
    "category_id": "22770",
    "shop": "Woolworths",
    "weight": "100G",
    "prices": [
      {
        "state": "VIC",
        "price": "490",
        "price_per_unit": "140",
        "price_unit": "G"
      },
      {
        "state": "QLD",
        "price": "490",
        "price_per_unit": "140",
        "price_unit": "G"
      },
      {
        "state": "WA",
        "price": "490",
        "price_per_unit": "140",
        "price_unit": "G"
      },
      {
        "state": "SA",
        "price": "490",
        "price_per_unit": "140",
        "price_unit": "G"
      },
      {
        "state": "TAS",
        "price": "490",
        "price_per_unit": "140",
        "price_unit": "G"
      },
      {
        "state": "ACT",
        "price": "490",
        "price_per_unit": "140",
        "price_unit": "G"
      },
      {
        "state": "NT",
        "price": "515",
        "price_per_unit": "147",
        "price_unit": "G"
      }
    ]
  },
  {
    "source_url": "https://www.woolworths.com.au/shop/productdetails/340955/pastificio-liguori-fettuccine",
    "name": "Pastificio Liguori Fettuccine 500g",
    "image_url": "https://cdn1.woolworths.media/content/wowproductimages/large/340955.jpg",
    "source_id": "Woolworths - 340955",
    "barcode": "8008912611088",
    "category_id": "22770",
    "shop": "Woolworths",
    "weight": "100G",
    "prices": [
      {
        "state": "VIC",
        "price": "500",
        "price_per_unit": "100",
        "price_unit": "G"
      },
      {
        "state": "QLD",
        "price": "500",
        "price_per_unit": "100",
        "price_unit": "G"
      },
      {
        "state": "WA",
        "price": "500",
        "price_per_unit": "100",
        "price_unit": "G"
      },
      {
        "state": "SA",
        "price": "500",
        "price_per_unit": "100",
        "price_unit": "G"
      },
      {
        "state": "TAS",
        "price": "500",
        "price_per_unit": "100",
        "price_unit": "G"
      },
      {
        "state": "ACT",
        "price": "500",
        "price_per_unit": "100",
        "price_unit": "G"
      }
    ]
  },
  {
    "source_url": "https://www.woolworths.com.au/shop/productdetails/340051/pastificio-liguori-fusilli",
    "name": "Pastificio Liguori Fusilli 500g",
    "image_url": "https://cdn1.woolworths.media/content/wowproductimages/large/340051.jpg",
    "source_id": "Woolworths - 340051",
    "barcode": "8008912611316",
    "category_id": "22770",
    "shop": "Woolworths",
    "weight": "100G",
    "prices": [
      {
        "state": "VIC",
        "price": "500",
        "price_per_unit": "100",
        "price_unit": "G"
      },
      {
        "state": "QLD",
        "price": "500",
        "price_per_unit": "100",
        "price_unit": "G"
      },
      {
        "state": "WA",
        "price": "500",
        "price_per_unit": "100",
        "price_unit": "G"
      },
      {
        "state": "SA",
        "price": "500",
        "price_per_unit": "100",
        "price_unit": "G"
      },
      {
        "state": "TAS",
        "price": "500",
        "price_per_unit": "100",
        "price_unit": "G"
      },
      {
        "state": "ACT",
        "price": "500",
        "price_per_unit": "100",
        "price_unit": "G"
      }
    ]
  },
  {
    "source_url": "https://www.woolworths.com.au/shop/productdetails/340965/pastificio-liguori-penne",
    "name": "Pastificio Liguori Penne 500g",
    "image_url": "https://cdn1.woolworths.media/content/wowproductimages/large/340965.jpg",
    "source_id": "Woolworths - 340965",
    "barcode": "8008912611422",
    "category_id": "22770",
    "shop": "Woolworths",
    "weight": "100G",
    "prices": [
      {
        "state": "VIC",
        "price": "500",
        "price_per_unit": "100",
        "price_unit": "G"
      },
      {
        "state": "WA",
        "price": "500",
        "price_per_unit": "100",
        "price_unit": "G"
      },
      {
        "state": "SA",
        "price": "500",
        "price_per_unit": "100",
        "price_unit": "G"
      },
      {
        "state": "TAS",
        "price": "500",
        "price_per_unit": "100",
        "price_unit": "G"
      },
      {
        "state": "ACT",
        "price": "500",
        "price_per_unit": "100",
        "price_unit": "G"
      }
    ]
  },
  {
    "source_url": "https://www.woolworths.com.au/shop/productdetails/340733/pastificio-pasta-di-gragnano-spaghetti",
    "name": "Pastificio Pasta Di Gragnano Spaghetti 500g",
    "image_url": "https://cdn1.woolworths.media/content/wowproductimages/large/340733.jpg",
    "source_id": "Woolworths - 340733",
    "barcode": "8008912611033",
    "category_id": "22770",
    "shop": "Woolworths",
    "weight": "100G",
    "prices": [
      {
        "state": "VIC",
        "price": "500",
        "price_per_unit": "100",
        "price_unit": "G"
      },
      {
        "state": "QLD",
        "price": "500",
        "price_per_unit": "100",
        "price_unit": "G"
      },
      {
        "state": "WA",
        "price": "500",
        "price_per_unit": "100",
        "price_unit": "G"
      },
      {
        "state": "SA",
        "price": "500",
        "price_per_unit": "100",
        "price_unit": "G"
      },
      {
        "state": "TAS",
        "price": "500",
        "price_per_unit": "100",
        "price_unit": "G"
      },
      {
        "state": "ACT",
        "price": "500",
        "price_per_unit": "100",
        "price_unit": "G"
      }
    ]
  },
  {
    "source_url": "https://www.woolworths.com.au/shop/productdetails/48900/san-remo-bows-ties-pasta-no-23",
    "name": "San Remo Bows Ties Pasta No 23 500g",
    "image_url": "https://cdn1.woolworths.media/content/wowproductimages/large/048900.jpg",
    "source_id": "Woolworths - 48900",
    "barcode": "9310155201032",
    "category_id": "22770",
    "shop": "Woolworths",
    "weight": "100G",
    "prices": [
      {
        "state": "VIC",
        "price": "295",
        "price_per_unit": "59",
        "price_unit": "G"
      },
      {
        "state": "QLD",
        "price": "295",
        "price_per_unit": "59",
        "price_unit": "G"
      },
      {
        "state": "WA",
        "price": "295",
        "price_per_unit": "59",
        "price_unit": "G"
      },
      {
        "state": "SA",
        "price": "295",
        "price_per_unit": "59",
        "price_unit": "G"
      },
      {
        "state": "TAS",
        "price": "295",
        "price_per_unit": "59",
        "price_unit": "G"
      },
      {
        "state": "ACT",
        "price": "295",
        "price_per_unit": "59",
        "price_unit": "G"
      },
      {
        "state": "NT",
        "price": "310",
        "price_per_unit": "62",
        "price_unit": "G"
      }
    ]
  },
  {
    "source_url": "https://www.woolworths.com.au/shop/productdetails/98549/san-remo-curls-pasta-no-27",
    "name": "San Remo Curls Pasta No 27 500g",
    "image_url": "https://cdn1.woolworths.media/content/wowproductimages/large/098549.jpg",
    "source_id": "Woolworths - 98549",
    "barcode": "9310155203234",
    "category_id": "22770",
    "shop": "Woolworths",
    "weight": "100G",
    "prices": [
      {
        "state": "VIC",
        "price": "295",
        "price_per_unit": "59",
        "price_unit": "G"
      },
      {
        "state": "QLD",
        "price": "295",
        "price_per_unit": "59",
        "price_unit": "G"
      },
      {
        "state": "WA",
        "price": "295",
        "price_per_unit": "59",
        "price_unit": "G"
      },
      {
        "state": "SA",
        "price": "295",
        "price_per_unit": "59",
        "price_unit": "G"
      },
      {
        "state": "TAS",
        "price": "295",
        "price_per_unit": "59",
        "price_unit": "G"
      },
      {
        "state": "ACT",
        "price": "295",
        "price_per_unit": "59",
        "price_unit": "G"
      },
      {
        "state": "NT",
        "price": "310",
        "price_per_unit": "62",
        "price_unit": "G"
      }
    ]
  },
  {
    "source_url": "https://www.woolworths.com.au/shop/productdetails/195750/san-remo-fettuccine-curly-pasta-no-80",
    "name": "San Remo Fettuccine Curly Pasta No 80 500g",
    "image_url": "https://cdn1.woolworths.media/content/wowproductimages/large/195750.jpg",
    "source_id": "Woolworths - 195750",
    "barcode": "9310155080019",
    "category_id": "22770",
    "shop": "Woolworths",
    "weight": "100G",
    "prices": [
      {
        "state": "VIC",
        "price": "295",
        "price_per_unit": "59",
        "price_unit": "G"
      },
      {
        "state": "QLD",
        "price": "295",
        "price_per_unit": "59",
        "price_unit": "G"
      },
      {
        "state": "WA",
        "price": "295",
        "price_per_unit": "59",
        "price_unit": "G"
      },
      {
        "state": "SA",
        "price": "295",
        "price_per_unit": "59",
        "price_unit": "G"
      },
      {
        "state": "TAS",
        "price": "295",
        "price_per_unit": "59",
        "price_unit": "G"
      },
      {
        "state": "ACT",
        "price": "295",
        "price_per_unit": "59",
        "price_unit": "G"
      },
      {
        "state": "NT",
        "price": "310",
        "price_per_unit": "62",
        "price_unit": "G"
      }
    ]
  },
  {
    "source_url": "https://www.woolworths.com.au/shop/productdetails/40068/san-remo-fettuccine-pasta",
    "name": "San Remo Fettuccine Pasta 500g",
    "image_url": "https://cdn1.woolworths.media/content/wowproductimages/large/040068.jpg",
    "source_id": "Woolworths - 40068",
    "barcode": "9310155101035",
    "category_id": "22770",
    "shop": "Woolworths",
    "weight": "100G",
    "prices": [
      {
        "state": "VIC",
        "price": "295",
        "price_per_unit": "59",
        "price_unit": "G"
      },
      {
        "state": "QLD",
        "price": "295",
        "price_per_unit": "59",
        "price_unit": "G"
      },
      {
        "state": "WA",
        "price": "295",
        "price_per_unit": "59",
        "price_unit": "G"
      },
      {
        "state": "SA",
        "price": "295",
        "price_per_unit": "59",
        "price_unit": "G"
      },
      {
        "state": "TAS",
        "price": "295",
        "price_per_unit": "59",
        "price_unit": "G"
      },
      {
        "state": "ACT",
        "price": "295",
        "price_per_unit": "59",
        "price_unit": "G"
      },
      {
        "state": "NT",
        "price": "310",
        "price_per_unit": "62",
        "price_unit": "G"
      }
    ]
  },
  {
    "source_url": "https://www.woolworths.com.au/shop/productdetails/647730/san-remo-gluten-free-brown-rice-penne",
    "name": "San Remo Gluten Free Brown Rice Penne 250g",
    "image_url": "https://cdn1.woolworths.media/content/wowproductimages/large/647730.jpg",
    "source_id": "Woolworths - 647730",
    "barcode": "9310155005517",
    "category_id": "22770",
    "shop": "Woolworths",
    "weight": "100G",
    "prices": [
      {
        "state": "VIC",
        "price": "450",
        "price_per_unit": "180",
        "price_unit": "G"
      },
      {
        "state": "QLD",
        "price": "450",
        "price_per_unit": "180",
        "price_unit": "G"
      },
      {
        "state": "WA",
        "price": "450",
        "price_per_unit": "180",
        "price_unit": "G"
      },
      {
        "state": "SA",
        "price": "450",
        "price_per_unit": "180",
        "price_unit": "G"
      },
      {
        "state": "TAS",
        "price": "450",
        "price_per_unit": "180",
        "price_unit": "G"
      },
      {
        "state": "ACT",
        "price": "450",
        "price_per_unit": "180",
        "price_unit": "G"
      },
      {
        "state": "NT",
        "price": "470",
        "price_per_unit": "188",
        "price_unit": "G"
      }
    ]
  },
  {
    "source_url": "https://www.woolworths.com.au/shop/productdetails/657011/san-remo-gluten-free-fettuccine",
    "name": "San Remo Gluten Free Fettuccine 350g",
    "image_url": "https://cdn1.woolworths.media/content/wowproductimages/large/657011.jpg",
    "source_id": "Woolworths - 657011",
    "barcode": "9310155009584",
    "category_id": "22770",
    "shop": "Woolworths",
    "weight": "100G",
    "prices": [
      {
        "state": "VIC",
        "price": "450",
        "price_per_unit": "129",
        "price_unit": "G"
      },
      {
        "state": "QLD",
        "price": "450",
        "price_per_unit": "129",
        "price_unit": "G"
      },
      {
        "state": "WA",
        "price": "450",
        "price_per_unit": "129",
        "price_unit": "G"
      },
      {
        "state": "SA",
        "price": "450",
        "price_per_unit": "129",
        "price_unit": "G"
      },
      {
        "state": "TAS",
        "price": "450",
        "price_per_unit": "129",
        "price_unit": "G"
      },
      {
        "state": "ACT",
        "price": "450",
        "price_per_unit": "129",
        "price_unit": "G"
      },
      {
        "state": "NT",
        "price": "450",
        "price_per_unit": "129",
        "price_unit": "G"
      }
    ]
  },
  {
    "source_url": "https://www.woolworths.com.au/shop/productdetails/656967/san-remo-gluten-free-spaghetti",
    "name": "San Remo Gluten Free Spaghetti 350g",
    "image_url": "https://cdn1.woolworths.media/content/wowproductimages/large/656967.jpg",
    "source_id": "Woolworths - 656967",
    "barcode": "9310155009553",
    "category_id": "22770",
    "shop": "Woolworths",
    "weight": "100G",
    "prices": [
      {
        "state": "VIC",
        "price": "450",
        "price_per_unit": "129",
        "price_unit": "G"
      },
      {
        "state": "QLD",
        "price": "450",
        "price_per_unit": "129",
        "price_unit": "G"
      },
      {
        "state": "WA",
        "price": "450",
        "price_per_unit": "129",
        "price_unit": "G"
      },
      {
        "state": "SA",
        "price": "450",
        "price_per_unit": "129",
        "price_unit": "G"
      },
      {
        "state": "TAS",
        "price": "450",
        "price_per_unit": "129",
        "price_unit": "G"
      },
      {
        "state": "ACT",
        "price": "450",
        "price_per_unit": "129",
        "price_unit": "G"
      },
      {
        "state": "NT",
        "price": "450",
        "price_per_unit": "129",
        "price_unit": "G"
      }
    ]
  },
  {
    "source_url": "https://www.woolworths.com.au/shop/productdetails/657399/san-remo-gluten-free-spirals",
    "name": "San Remo Gluten Free Spirals 350g",
    "image_url": "https://cdn1.woolworths.media/content/wowproductimages/large/657399.jpg",
    "source_id": "Woolworths - 657399",
    "barcode": "9310155009652",
    "category_id": "22770",
    "shop": "Woolworths",
    "weight": "100G",
    "prices": [
      {
        "state": "VIC",
        "price": "450",
        "price_per_unit": "129",
        "price_unit": "G"
      },
      {
        "state": "QLD",
        "price": "450",
        "price_per_unit": "129",
        "price_unit": "G"
      },
      {
        "state": "WA",
        "price": "450",
        "price_per_unit": "129",
        "price_unit": "G"
      },
      {
        "state": "SA",
        "price": "450",
        "price_per_unit": "129",
        "price_unit": "G"
      },
      {
        "state": "TAS",
        "price": "450",
        "price_per_unit": "129",
        "price_unit": "G"
      },
      {
        "state": "ACT",
        "price": "450",
        "price_per_unit": "129",
        "price_unit": "G"
      },
      {
        "state": "NT",
        "price": "450",
        "price_per_unit": "129",
        "price_unit": "G"
      }
    ]
  },
  {
    "source_url": "https://www.woolworths.com.au/shop/productdetails/82282/san-remo-linguine-pasta-no-1",
    "name": "San Remo Linguine Pasta No 1 500g",
    "image_url": "https://cdn1.woolworths.media/content/wowproductimages/large/082282.jpg",
    "source_id": "Woolworths - 82282",
    "barcode": "9310155100038",
    "category_id": "22770",
    "shop": "Woolworths",
    "weight": "100G",
    "prices": [
      {
        "state": "VIC",
        "price": "295",
        "price_per_unit": "59",
        "price_unit": "G"
      },
      {
        "state": "QLD",
        "price": "295",
        "price_per_unit": "59",
        "price_unit": "G"
      },
      {
        "state": "WA",
        "price": "295",
        "price_per_unit": "59",
        "price_unit": "G"
      },
      {
        "state": "SA",
        "price": "295",
        "price_per_unit": "59",
        "price_unit": "G"
      },
      {
        "state": "TAS",
        "price": "295",
        "price_per_unit": "59",
        "price_unit": "G"
      },
      {
        "state": "ACT",
        "price": "295",
        "price_per_unit": "59",
        "price_unit": "G"
      },
      {
        "state": "NT",
        "price": "310",
        "price_per_unit": "62",
        "price_unit": "G"
      }
    ]
  },
  {
    "source_url": "https://www.woolworths.com.au/shop/productdetails/44025/san-remo-macaroni-pasta-no-38",
    "name": "San Remo Macaroni Pasta No 38 500g",
    "image_url": "https://cdn1.woolworths.media/content/wowproductimages/large/044025.jpg",
    "source_id": "Woolworths - 44025",
    "barcode": "9310155204132",
    "category_id": "22770",
    "shop": "Woolworths",
    "weight": "100G",
    "prices": [
      {
        "state": "VIC",
        "price": "295",
        "price_per_unit": "59",
        "price_unit": "G"
      },
      {
        "state": "QLD",
        "price": "295",
        "price_per_unit": "59",
        "price_unit": "G"
      },
      {
        "state": "WA",
        "price": "295",
        "price_per_unit": "59",
        "price_unit": "G"
      },
      {
        "state": "SA",
        "price": "295",
        "price_per_unit": "59",
        "price_unit": "G"
      },
      {
        "state": "TAS",
        "price": "295",
        "price_per_unit": "59",
        "price_unit": "G"
      },
      {
        "state": "ACT",
        "price": "295",
        "price_per_unit": "59",
        "price_unit": "G"
      },
      {
        "state": "NT",
        "price": "310",
        "price_per_unit": "62",
        "price_unit": "G"
      }
    ]
  },
  {
    "source_url": "https://www.woolworths.com.au/shop/productdetails/619463/san-remo-pasta-chickpea-spirals",
    "name": "San Remo Pasta Chickpea Spirals 250g",
    "image_url": "https://cdn1.woolworths.media/content/wowproductimages/large/619463.jpg",
    "source_id": "Woolworths - 619463",
    "barcode": "9310155008921",
    "category_id": "22770",
    "shop": "Woolworths",
    "weight": "100G",
    "prices": [
      {
        "state": "VIC",
        "price": "450",
        "price_per_unit": "180",
        "price_unit": "G"
      },
      {
        "state": "QLD",
        "price": "450",
        "price_per_unit": "180",
        "price_unit": "G"
      },
      {
        "state": "WA",
        "price": "450",
        "price_per_unit": "180",
        "price_unit": "G"
      },
      {
        "state": "SA",
        "price": "450",
        "price_per_unit": "180",
        "price_unit": "G"
      },
      {
        "state": "TAS",
        "price": "450",
        "price_per_unit": "180",
        "price_unit": "G"
      },
      {
        "state": "ACT",
        "price": "450",
        "price_per_unit": "180",
        "price_unit": "G"
      },
      {
        "state": "NT",
        "price": "470",
        "price_per_unit": "188",
        "price_unit": "G"
      }
    ]
  },
  {
    "source_url": "https://www.woolworths.com.au/shop/productdetails/619426/san-remo-pasta-pulse-penne",
    "name": "San Remo Pasta Pulse Penne 250g",
    "image_url": "https://cdn1.woolworths.media/content/wowproductimages/large/619426.jpg",
    "source_id": "Woolworths - 619426",
    "barcode": "9310155008624",
    "category_id": "22770",
    "shop": "Woolworths",
    "weight": "100G",
    "prices": [
      {
        "state": "VIC",
        "price": "450",
        "price_per_unit": "180",
        "price_unit": "G"
      },
      {
        "state": "QLD",
        "price": "450",
        "price_per_unit": "180",
        "price_unit": "G"
      },
      {
        "state": "WA",
        "price": "450",
        "price_per_unit": "180",
        "price_unit": "G"
      },
      {
        "state": "SA",
        "price": "450",
        "price_per_unit": "180",
        "price_unit": "G"
      },
      {
        "state": "TAS",
        "price": "450",
        "price_per_unit": "180",
        "price_unit": "G"
      },
      {
        "state": "ACT",
        "price": "450",
        "price_per_unit": "180",
        "price_unit": "G"
      },
      {
        "state": "NT",
        "price": "470",
        "price_per_unit": "188",
        "price_unit": "G"
      }
    ]
  },
  {
    "source_url": "https://www.woolworths.com.au/shop/productdetails/619416/san-remo-pasta-wagon-wheels",
    "name": "San Remo Pasta Wagon Wheels 500g",
    "image_url": "https://cdn1.woolworths.media/content/wowproductimages/large/619416.jpg",
    "source_id": "Woolworths - 619416",
    "barcode": "9310155203135",
    "category_id": "22770",
    "shop": "Woolworths",
    "weight": "100G",
    "prices": [
      {
        "state": "VIC",
        "price": "295",
        "price_per_unit": "59",
        "price_unit": "G"
      },
      {
        "state": "QLD",
        "price": "295",
        "price_per_unit": "59",
        "price_unit": "G"
      },
      {
        "state": "WA",
        "price": "295",
        "price_per_unit": "59",
        "price_unit": "G"
      },
      {
        "state": "SA",
        "price": "295",
        "price_per_unit": "59",
        "price_unit": "G"
      },
      {
        "state": "TAS",
        "price": "295",
        "price_per_unit": "59",
        "price_unit": "G"
      },
      {
        "state": "ACT",
        "price": "295",
        "price_per_unit": "59",
        "price_unit": "G"
      },
      {
        "state": "NT",
        "price": "310",
        "price_per_unit": "62",
        "price_unit": "G"
      }
    ]
  },
  {
    "source_url": "https://www.woolworths.com.au/shop/productdetails/679127/san-remo-pulse-pasta-red-lentils",
    "name": "San Remo Pulse Pasta Red Lentils 250g",
    "image_url": "https://cdn1.woolworths.media/content/wowproductimages/large/679127.jpg",
    "source_id": "Woolworths - 679127",
    "barcode": "9310155009300",
    "category_id": "22770",
    "shop": "Woolworths",
    "weight": "100G",
    "prices": [
      {
        "state": "VIC",
        "price": "450",
        "price_per_unit": "180",
        "price_unit": "G"
      },
      {
        "state": "QLD",
        "price": "450",
        "price_per_unit": "180",
        "price_unit": "G"
      },
      {
        "state": "WA",
        "price": "450",
        "price_per_unit": "180",
        "price_unit": "G"
      },
      {
        "state": "SA",
        "price": "450",
        "price_per_unit": "180",
        "price_unit": "G"
      },
      {
        "state": "TAS",
        "price": "450",
        "price_per_unit": "180",
        "price_unit": "G"
      },
      {
        "state": "ACT",
        "price": "450",
        "price_per_unit": "180",
        "price_unit": "G"
      },
      {
        "state": "NT",
        "price": "470",
        "price_per_unit": "188",
        "price_unit": "G"
      }
    ]
  },
  {
    "source_url": "https://www.woolworths.com.au/shop/productdetails/93054/san-remo-rigatoni-pasta-no-22",
    "name": "San Remo Rigatoni Pasta No 22 500g",
    "image_url": "https://cdn1.woolworths.media/content/wowproductimages/large/093054.jpg",
    "source_id": "Woolworths - 93054",
    "barcode": "9310155202732",
    "category_id": "22770",
    "shop": "Woolworths",
    "weight": "100G",
    "prices": [
      {
        "state": "VIC",
        "price": "295",
        "price_per_unit": "59",
        "price_unit": "G"
      },
      {
        "state": "QLD",
        "price": "295",
        "price_per_unit": "59",
        "price_unit": "G"
      },
      {
        "state": "WA",
        "price": "295",
        "price_per_unit": "59",
        "price_unit": "G"
      },
      {
        "state": "SA",
        "price": "295",
        "price_per_unit": "59",
        "price_unit": "G"
      },
      {
        "state": "TAS",
        "price": "295",
        "price_per_unit": "59",
        "price_unit": "G"
      },
      {
        "state": "ACT",
        "price": "295",
        "price_per_unit": "59",
        "price_unit": "G"
      },
      {
        "state": "NT",
        "price": "310",
        "price_per_unit": "62",
        "price_unit": "G"
      }
    ]
  },
  {
    "source_url": "https://www.woolworths.com.au/shop/productdetails/98567/san-remo-risoni-pasta",
    "name": "San Remo Risoni Pasta 500g",
    "image_url": "https://cdn1.woolworths.media/content/wowproductimages/large/098567.jpg",
    "source_id": "Woolworths - 98567",
    "barcode": "9310155306935",
    "category_id": "22770",
    "shop": "Woolworths",
    "weight": "100G",
    "prices": [
      {
        "state": "VIC",
        "price": "295",
        "price_per_unit": "59",
        "price_unit": "G"
      },
      {
        "state": "QLD",
        "price": "295",
        "price_per_unit": "59",
        "price_unit": "G"
      },
      {
        "state": "WA",
        "price": "295",
        "price_per_unit": "59",
        "price_unit": "G"
      },
      {
        "state": "SA",
        "price": "295",
        "price_per_unit": "59",
        "price_unit": "G"
      },
      {
        "state": "TAS",
        "price": "295",
        "price_per_unit": "59",
        "price_unit": "G"
      },
      {
        "state": "ACT",
        "price": "295",
        "price_per_unit": "59",
        "price_unit": "G"
      },
      {
        "state": "NT",
        "price": "310",
        "price_per_unit": "62",
        "price_unit": "G"
      }
    ]
  },
  {
    "source_url": "https://www.woolworths.com.au/shop/productdetails/91446/san-remo-shells-large-pasta-no-29",
    "name": "San Remo Shells Large Pasta No 29 500g",
    "image_url": "https://cdn1.woolworths.media/content/wowproductimages/large/091446.jpg",
    "source_id": "Woolworths - 91446",
    "barcode": "9310155203333",
    "category_id": "22770",
    "shop": "Woolworths",
    "weight": "100G",
    "prices": [
      {
        "state": "VIC",
        "price": "295",
        "price_per_unit": "59",
        "price_unit": "G"
      },
      {
        "state": "QLD",
        "price": "295",
        "price_per_unit": "59",
        "price_unit": "G"
      },
      {
        "state": "WA",
        "price": "295",
        "price_per_unit": "59",
        "price_unit": "G"
      },
      {
        "state": "SA",
        "price": "295",
        "price_per_unit": "59",
        "price_unit": "G"
      },
      {
        "state": "TAS",
        "price": "295",
        "price_per_unit": "59",
        "price_unit": "G"
      },
      {
        "state": "ACT",
        "price": "295",
        "price_per_unit": "59",
        "price_unit": "G"
      },
      {
        "state": "NT",
        "price": "310",
        "price_per_unit": "62",
        "price_unit": "G"
      }
    ]
  },
  {
    "source_url": "https://www.woolworths.com.au/shop/productdetails/39444/san-remo-shells-small-pasta-no-28",
    "name": "San Remo Shells Small Pasta No 28 500g",
    "image_url": "https://cdn1.woolworths.media/content/wowproductimages/large/039444.jpg",
    "source_id": "Woolworths - 39444",
    "barcode": "9310155203432",
    "category_id": "22770",
    "shop": "Woolworths",
    "weight": "100G",
    "prices": [
      {
        "state": "VIC",
        "price": "295",
        "price_per_unit": "59",
        "price_unit": "G"
      },
      {
        "state": "QLD",
        "price": "295",
        "price_per_unit": "59",
        "price_unit": "G"
      },
      {
        "state": "WA",
        "price": "295",
        "price_per_unit": "59",
        "price_unit": "G"
      },
      {
        "state": "TAS",
        "price": "295",
        "price_per_unit": "59",
        "price_unit": "G"
      },
      {
        "state": "ACT",
        "price": "295",
        "price_per_unit": "59",
        "price_unit": "G"
      },
      {
        "state": "NT",
        "price": "310",
        "price_per_unit": "62",
        "price_unit": "G"
      }
    ]
  },
  {
    "source_url": "https://www.woolworths.com.au/shop/productdetails/94378/san-remo-spaghetti-angel-hair-pasta-no-9",
    "name": "San Remo Spaghetti Angel Hair Pasta No 9 500g",
    "image_url": "https://cdn1.woolworths.media/content/wowproductimages/large/094378.jpg",
    "source_id": "Woolworths - 94378",
    "barcode": "9310155101332",
    "category_id": "22770",
    "shop": "Woolworths",
    "weight": "100G",
    "prices": [
      {
        "state": "VIC",
        "price": "295",
        "price_per_unit": "59",
        "price_unit": "G"
      },
      {
        "state": "QLD",
        "price": "295",
        "price_per_unit": "59",
        "price_unit": "G"
      },
      {
        "state": "WA",
        "price": "295",
        "price_per_unit": "59",
        "price_unit": "G"
      },
      {
        "state": "SA",
        "price": "295",
        "price_per_unit": "59",
        "price_unit": "G"
      },
      {
        "state": "TAS",
        "price": "295",
        "price_per_unit": "59",
        "price_unit": "G"
      },
      {
        "state": "ACT",
        "price": "295",
        "price_per_unit": "59",
        "price_unit": "G"
      },
      {
        "state": "NT",
        "price": "310",
        "price_per_unit": "62",
        "price_unit": "G"
      }
    ]
  },
  {
    "source_url": "https://www.woolworths.com.au/shop/productdetails/39438/san-remo-spaghetti-instant-pasta-no-3",
    "name": "San Remo Spaghetti Instant Pasta No 3 500g",
    "image_url": "https://cdn1.woolworths.media/content/wowproductimages/large/039438.jpg",
    "source_id": "Woolworths - 39438",
    "barcode": "9310155100236",
    "category_id": "22770",
    "shop": "Woolworths",
    "weight": "100G",
    "prices": [
      {
        "state": "VIC",
        "price": "295",
        "price_per_unit": "59",
        "price_unit": "G"
      },
      {
        "state": "QLD",
        "price": "295",
        "price_per_unit": "59",
        "price_unit": "G"
      },
      {
        "state": "WA",
        "price": "295",
        "price_per_unit": "59",
        "price_unit": "G"
      },
      {
        "state": "SA",
        "price": "295",
        "price_per_unit": "59",
        "price_unit": "G"
      },
      {
        "state": "TAS",
        "price": "295",
        "price_per_unit": "59",
        "price_unit": "G"
      },
      {
        "state": "ACT",
        "price": "295",
        "price_per_unit": "59",
        "price_unit": "G"
      },
      {
        "state": "NT",
        "price": "310",
        "price_per_unit": "62",
        "price_unit": "G"
      }
    ]
  },
  {
    "source_url": "https://www.woolworths.com.au/shop/productdetails/43975/san-remo-spaghetti-tube-pasta-no-6",
    "name": "San Remo Spaghetti Tube Pasta No 6 500g",
    "image_url": "https://cdn1.woolworths.media/content/wowproductimages/large/043975.jpg",
    "source_id": "Woolworths - 43975",
    "barcode": "9310155100533",
    "category_id": "22770",
    "shop": "Woolworths",
    "weight": "100G",
    "prices": [
      {
        "state": "VIC",
        "price": "295",
        "price_per_unit": "59",
        "price_unit": "G"
      },
      {
        "state": "QLD",
        "price": "295",
        "price_per_unit": "59",
        "price_unit": "G"
      },
      {
        "state": "WA",
        "price": "295",
        "price_per_unit": "59",
        "price_unit": "G"
      },
      {
        "state": "SA",
        "price": "295",
        "price_per_unit": "59",
        "price_unit": "G"
      },
      {
        "state": "TAS",
        "price": "295",
        "price_per_unit": "59",
        "price_unit": "G"
      },
      {
        "state": "ACT",
        "price": "295",
        "price_per_unit": "59",
        "price_unit": "G"
      },
      {
        "state": "NT",
        "price": "310",
        "price_per_unit": "62",
        "price_unit": "G"
      }
    ]
  },
  {
    "source_url": "https://www.woolworths.com.au/shop/productdetails/36756/san-remo-spirals-large-pasta",
    "name": "San Remo Spirals Large Pasta 500g",
    "image_url": "https://cdn1.woolworths.media/content/wowproductimages/large/036756.jpg",
    "source_id": "Woolworths - 36756",
    "barcode": "9310155204231",
    "category_id": "22770",
    "shop": "Woolworths",
    "weight": "100G",
    "prices": [
      {
        "state": "VIC",
        "price": "295",
        "price_per_unit": "59",
        "price_unit": "G"
      },
      {
        "state": "QLD",
        "price": "295",
        "price_per_unit": "59",
        "price_unit": "G"
      },
      {
        "state": "WA",
        "price": "295",
        "price_per_unit": "59",
        "price_unit": "G"
      },
      {
        "state": "SA",
        "price": "295",
        "price_per_unit": "59",
        "price_unit": "G"
      },
      {
        "state": "TAS",
        "price": "295",
        "price_per_unit": "59",
        "price_unit": "G"
      },
      {
        "state": "ACT",
        "price": "295",
        "price_per_unit": "59",
        "price_unit": "G"
      },
      {
        "state": "NT",
        "price": "310",
        "price_per_unit": "62",
        "price_unit": "G"
      }
    ]
  },
  {
    "source_url": "https://www.woolworths.com.au/shop/productdetails/739878/san-remo-spirals-spelt-pasta",
    "name": "San Remo Spirals Spelt Pasta 250g",
    "image_url": "https://cdn1.woolworths.media/content/wowproductimages/large/739878.jpg",
    "source_id": "Woolworths - 739878",
    "barcode": "9310155002745",
    "category_id": "22770",
    "shop": "Woolworths",
    "weight": "100G",
    "prices": [
      {
        "state": "VIC",
        "price": "450",
        "price_per_unit": "180",
        "price_unit": "G"
      },
      {
        "state": "QLD",
        "price": "450",
        "price_per_unit": "180",
        "price_unit": "G"
      },
      {
        "state": "WA",
        "price": "450",
        "price_per_unit": "180",
        "price_unit": "G"
      },
      {
        "state": "SA",
        "price": "450",
        "price_per_unit": "180",
        "price_unit": "G"
      },
      {
        "state": "TAS",
        "price": "450",
        "price_per_unit": "180",
        "price_unit": "G"
      },
      {
        "state": "ACT",
        "price": "450",
        "price_per_unit": "180",
        "price_unit": "G"
      },
      {
        "state": "NT",
        "price": "470",
        "price_per_unit": "188",
        "price_unit": "G"
      }
    ]
  },
  {
    "source_url": "https://www.woolworths.com.au/shop/productdetails/6177/san-remo-spirals-vegeroni",
    "name": "San Remo Spirals Vegeroni 375g",
    "image_url": "https://cdn1.woolworths.media/content/wowproductimages/large/006177.jpg",
    "source_id": "Woolworths - 6177",
    "barcode": "9310155413220",
    "category_id": "22770",
    "shop": "Woolworths",
    "weight": "100G",
    "prices": [
      {
        "state": "VIC",
        "price": "295",
        "price_per_unit": "79",
        "price_unit": "G"
      },
      {
        "state": "QLD",
        "price": "295",
        "price_per_unit": "79",
        "price_unit": "G"
      },
      {
        "state": "WA",
        "price": "295",
        "price_per_unit": "79",
        "price_unit": "G"
      },
      {
        "state": "SA",
        "price": "295",
        "price_per_unit": "79",
        "price_unit": "G"
      },
      {
        "state": "TAS",
        "price": "295",
        "price_per_unit": "79",
        "price_unit": "G"
      },
      {
        "state": "ACT",
        "price": "295",
        "price_per_unit": "79",
        "price_unit": "G"
      },
      {
        "state": "NT",
        "price": "295",
        "price_per_unit": "79",
        "price_unit": "G"
      }
    ]
  },
  {
    "source_url": "https://www.woolworths.com.au/shop/productdetails/11252/san-remo-tagliatelle-egg-noodle-pasta",
    "name": "San Remo Tagliatelle Egg Noodle Pasta 250g",
    "image_url": "https://cdn1.woolworths.media/content/wowproductimages/large/011252.jpg",
    "source_id": "Woolworths - 11252",
    "barcode": "9310155419215",
    "category_id": "22770",
    "shop": "Woolworths",
    "weight": "100G",
    "prices": [
      {
        "state": "VIC",
        "price": "160",
        "price_per_unit": "64",
        "price_unit": "G"
      },
      {
        "state": "QLD",
        "price": "160",
        "price_per_unit": "64",
        "price_unit": "G"
      },
      {
        "state": "WA",
        "price": "160",
        "price_per_unit": "64",
        "price_unit": "G"
      },
      {
        "state": "SA",
        "price": "160",
        "price_per_unit": "64",
        "price_unit": "G"
      },
      {
        "state": "TAS",
        "price": "160",
        "price_per_unit": "64",
        "price_unit": "G"
      },
      {
        "state": "ACT",
        "price": "160",
        "price_per_unit": "64",
        "price_unit": "G"
      },
      {
        "state": "NT",
        "price": "160",
        "price_per_unit": "64",
        "price_unit": "G"
      }
    ]
  },
  {
    "source_url": "https://www.woolworths.com.au/shop/productdetails/43973/san-remo-thin-spaghetti-no-4",
    "name": "San Remo Thin Spaghetti No. 4 500g",
    "image_url": "https://cdn1.woolworths.media/content/wowproductimages/large/043973.jpg",
    "source_id": "Woolworths - 43973",
    "barcode": "9310155100335",
    "category_id": "22770",
    "shop": "Woolworths",
    "weight": "100G",
    "prices": [
      {
        "state": "VIC",
        "price": "295",
        "price_per_unit": "59",
        "price_unit": "G"
      },
      {
        "state": "QLD",
        "price": "295",
        "price_per_unit": "59",
        "price_unit": "G"
      },
      {
        "state": "WA",
        "price": "295",
        "price_per_unit": "59",
        "price_unit": "G"
      },
      {
        "state": "SA",
        "price": "295",
        "price_per_unit": "59",
        "price_unit": "G"
      },
      {
        "state": "TAS",
        "price": "295",
        "price_per_unit": "59",
        "price_unit": "G"
      },
      {
        "state": "ACT",
        "price": "295",
        "price_per_unit": "59",
        "price_unit": "G"
      },
      {
        "state": "NT",
        "price": "310",
        "price_per_unit": "62",
        "price_unit": "G"
      }
    ]
  },
  {
    "source_url": "https://www.woolworths.com.au/shop/productdetails/10305/san-remo-trivelle-pasta",
    "name": "San Remo Trivelle Pasta 500g",
    "image_url": "https://cdn1.woolworths.media/content/wowproductimages/large/010305.jpg",
    "source_id": "Woolworths - 10305",
    "barcode": "9310155202237",
    "category_id": "22770",
    "shop": "Woolworths",
    "weight": "100G",
    "prices": [
      {
        "state": "VIC",
        "price": "295",
        "price_per_unit": "59",
        "price_unit": "G"
      },
      {
        "state": "QLD",
        "price": "295",
        "price_per_unit": "59",
        "price_unit": "G"
      },
      {
        "state": "WA",
        "price": "295",
        "price_per_unit": "59",
        "price_unit": "G"
      },
      {
        "state": "SA",
        "price": "295",
        "price_per_unit": "59",
        "price_unit": "G"
      },
      {
        "state": "TAS",
        "price": "295",
        "price_per_unit": "59",
        "price_unit": "G"
      },
      {
        "state": "ACT",
        "price": "295",
        "price_per_unit": "59",
        "price_unit": "G"
      },
      {
        "state": "NT",
        "price": "310",
        "price_per_unit": "62",
        "price_unit": "G"
      }
    ]
  },
  {
    "source_url": "https://www.woolworths.com.au/shop/productdetails/11251/san-remo-vermicelli-egg-noodle-pasta",
    "name": "San Remo Vermicelli Egg Noodle Pasta 250g",
    "image_url": "https://cdn1.woolworths.media/content/wowproductimages/large/011251.jpg",
    "source_id": "Woolworths - 11251",
    "barcode": "9310155419017",
    "category_id": "22770",
    "shop": "Woolworths",
    "weight": "100G",
    "prices": [
      {
        "state": "VIC",
        "price": "160",
        "price_per_unit": "64",
        "price_unit": "G"
      },
      {
        "state": "QLD",
        "price": "160",
        "price_per_unit": "64",
        "price_unit": "G"
      },
      {
        "state": "WA",
        "price": "160",
        "price_per_unit": "64",
        "price_unit": "G"
      },
      {
        "state": "SA",
        "price": "160",
        "price_per_unit": "64",
        "price_unit": "G"
      },
      {
        "state": "TAS",
        "price": "160",
        "price_per_unit": "64",
        "price_unit": "G"
      },
      {
        "state": "ACT",
        "price": "160",
        "price_per_unit": "64",
        "price_unit": "G"
      },
      {
        "state": "NT",
        "price": "160",
        "price_per_unit": "64",
        "price_unit": "G"
      }
    ]
  },
  {
    "source_url": "https://www.woolworths.com.au/shop/productdetails/111551/vetta-rural-aid-spirals-pasta-value-pack",
    "name": "Vetta Rural Aid Spirals Pasta Value Pack 750g",
    "image_url": "https://cdn1.woolworths.media/content/wowproductimages/large/111551.jpg",
    "source_id": "Woolworths - 111551",
    "barcode": "9310146975614",
    "category_id": "22770",
    "shop": "Woolworths",
    "weight": "100G",
    "prices": [
      {
        "state": "VIC",
        "price": "250",
        "price_per_unit": "33",
        "price_unit": "G"
      },
      {
        "state": "QLD",
        "price": "250",
        "price_per_unit": "33",
        "price_unit": "G"
      },
      {
        "state": "WA",
        "price": "250",
        "price_per_unit": "33",
        "price_unit": "G"
      },
      {
        "state": "SA",
        "price": "250",
        "price_per_unit": "33",
        "price_unit": "G"
      },
      {
        "state": "ACT",
        "price": "250",
        "price_per_unit": "33",
        "price_unit": "G"
      },
      {
        "state": "NT",
        "price": "250",
        "price_per_unit": "33",
        "price_unit": "G"
      }
    ]
  },
  {
    "source_url": "https://www.woolworths.com.au/shop/productdetails/94255/vetta-smart-fibre-dinosaur-pasta",
    "name": "Vetta Smart Fibre Dinosaur Pasta 500g",
    "image_url": "https://cdn1.woolworths.media/content/wowproductimages/large/094255.jpg",
    "source_id": "Woolworths - 94255",
    "barcode": "9310146972637",
    "category_id": "22770",
    "shop": "Woolworths",
    "weight": "100G",
    "prices": [
      {
        "state": "VIC",
        "price": "235",
        "price_per_unit": "47",
        "price_unit": "G"
      },
      {
        "state": "QLD",
        "price": "235",
        "price_per_unit": "47",
        "price_unit": "G"
      },
      {
        "state": "WA",
        "price": "235",
        "price_per_unit": "47",
        "price_unit": "G"
      },
      {
        "state": "SA",
        "price": "235",
        "price_per_unit": "47",
        "price_unit": "G"
      },
      {
        "state": "TAS",
        "price": "235",
        "price_per_unit": "47",
        "price_unit": "G"
      },
      {
        "state": "ACT",
        "price": "235",
        "price_per_unit": "47",
        "price_unit": "G"
      },
      {
        "state": "NT",
        "price": "235",
        "price_per_unit": "47",
        "price_unit": "G"
      }
    ]
  },
  {
    "source_url": "https://www.woolworths.com.au/shop/productdetails/94456/vetta-smart-fibre-penne-pasta",
    "name": "Vetta Smart Fibre Penne Pasta 500g",
    "image_url": "https://cdn1.woolworths.media/content/wowproductimages/large/094456.jpg",
    "source_id": "Woolworths - 94456",
    "barcode": "9310146972651",
    "category_id": "22770",
    "shop": "Woolworths",
    "weight": "100G",
    "prices": [
      {
        "state": "VIC",
        "price": "235",
        "price_per_unit": "47",
        "price_unit": "G"
      },
      {
        "state": "QLD",
        "price": "235",
        "price_per_unit": "47",
        "price_unit": "G"
      },
      {
        "state": "WA",
        "price": "235",
        "price_per_unit": "47",
        "price_unit": "G"
      },
      {
        "state": "SA",
        "price": "235",
        "price_per_unit": "47",
        "price_unit": "G"
      },
      {
        "state": "TAS",
        "price": "235",
        "price_per_unit": "47",
        "price_unit": "G"
      },
      {
        "state": "ACT",
        "price": "235",
        "price_per_unit": "47",
        "price_unit": "G"
      },
      {
        "state": "NT",
        "price": "235",
        "price_per_unit": "47",
        "price_unit": "G"
      }
    ]
  },
  {
    "source_url": "https://www.woolworths.com.au/shop/productdetails/91105/vetta-smart-fibre-spaghetti",
    "name": "Vetta SMART Fibre Spaghetti Pasta 500g",
    "image_url": "https://cdn1.woolworths.media/content/wowproductimages/large/091105.jpg",
    "source_id": "Woolworths - 91105",
    "barcode": "9310146972538",
    "category_id": "22770",
    "shop": "Woolworths",
    "weight": "100G",
    "prices": [
      {
        "state": "VIC",
        "price": "235",
        "price_per_unit": "47",
        "price_unit": "G"
      },
      {
        "state": "QLD",
        "price": "235",
        "price_per_unit": "47",
        "price_unit": "G"
      },
      {
        "state": "WA",
        "price": "235",
        "price_per_unit": "47",
        "price_unit": "G"
      },
      {
        "state": "SA",
        "price": "235",
        "price_per_unit": "47",
        "price_unit": "G"
      },
      {
        "state": "TAS",
        "price": "235",
        "price_per_unit": "47",
        "price_unit": "G"
      },
      {
        "state": "ACT",
        "price": "235",
        "price_per_unit": "47",
        "price_unit": "G"
      },
      {
        "state": "NT",
        "price": "235",
        "price_per_unit": "47",
        "price_unit": "G"
      }
    ]
  },
  {
    "source_url": "https://www.woolworths.com.au/shop/productdetails/117548/vetta-smart-protein-penne-pasta",
    "name": "Vetta Smart Protein Penne Pasta 375g",
    "image_url": "https://cdn1.woolworths.media/content/wowproductimages/large/117548.jpg",
    "source_id": "Woolworths - 117548",
    "barcode": "9310146972156",
    "category_id": "22770",
    "shop": "Woolworths",
    "weight": "100G",
    "prices": [
      {
        "state": "VIC",
        "price": "300",
        "price_per_unit": "80",
        "price_unit": "G"
      },
      {
        "state": "QLD",
        "price": "300",
        "price_per_unit": "80",
        "price_unit": "G"
      },
      {
        "state": "WA",
        "price": "300",
        "price_per_unit": "80",
        "price_unit": "G"
      },
      {
        "state": "SA",
        "price": "300",
        "price_per_unit": "80",
        "price_unit": "G"
      },
      {
        "state": "TAS",
        "price": "300",
        "price_per_unit": "80",
        "price_unit": "G"
      },
      {
        "state": "ACT",
        "price": "300",
        "price_per_unit": "80",
        "price_unit": "G"
      },
      {
        "state": "NT",
        "price": "300",
        "price_per_unit": "80",
        "price_unit": "G"
      }
    ]
  },
  {
    "source_url": "https://www.woolworths.com.au/shop/productdetails/449465/vetta-smart-protein-spaghetti",
    "name": "Vetta SMART Protein Spaghetti Pasta 375g",
    "image_url": "https://cdn1.woolworths.media/content/wowproductimages/large/449465.jpg",
    "source_id": "Woolworths - 449465",
    "barcode": "9310146972187",
    "category_id": "22770",
    "shop": "Woolworths",
    "weight": "100G",
    "prices": [
      {
        "state": "VIC",
        "price": "300",
        "price_per_unit": "80",
        "price_unit": "G"
      },
      {
        "state": "QLD",
        "price": "300",
        "price_per_unit": "80",
        "price_unit": "G"
      },
      {
        "state": "WA",
        "price": "300",
        "price_per_unit": "80",
        "price_unit": "G"
      },
      {
        "state": "SA",
        "price": "300",
        "price_per_unit": "80",
        "price_unit": "G"
      },
      {
        "state": "TAS",
        "price": "300",
        "price_per_unit": "80",
        "price_unit": "G"
      },
      {
        "state": "ACT",
        "price": "300",
        "price_per_unit": "80",
        "price_unit": "G"
      },
      {
        "state": "NT",
        "price": "300",
        "price_per_unit": "80",
        "price_unit": "G"
      }
    ]
  },
  {
    "source_url": "https://www.woolworths.com.au/shop/productdetails/117547/vetta-smart-protein-spirals-pasta",
    "name": "Vetta Smart Protein Spirals Pasta 375g",
    "image_url": "https://cdn1.woolworths.media/content/wowproductimages/large/117547.jpg",
    "source_id": "Woolworths - 117547",
    "barcode": "9310146972149",
    "category_id": "22770",
    "shop": "Woolworths",
    "weight": "100G",
    "prices": [
      {
        "state": "VIC",
        "price": "300",
        "price_per_unit": "80",
        "price_unit": "G"
      },
      {
        "state": "QLD",
        "price": "300",
        "price_per_unit": "80",
        "price_unit": "G"
      },
      {
        "state": "WA",
        "price": "300",
        "price_per_unit": "80",
        "price_unit": "G"
      },
      {
        "state": "SA",
        "price": "300",
        "price_per_unit": "80",
        "price_unit": "G"
      },
      {
        "state": "TAS",
        "price": "300",
        "price_per_unit": "80",
        "price_unit": "G"
      },
      {
        "state": "ACT",
        "price": "300",
        "price_per_unit": "80",
        "price_unit": "G"
      },
      {
        "state": "NT",
        "price": "300",
        "price_per_unit": "80",
        "price_unit": "G"
      }
    ]
  },
  {
    "source_url": "https://www.woolworths.com.au/shop/productdetails/745386/woolworths-large-pasta-shells",
    "name": "Woolworths Large Pasta Shells 500g",
    "image_url": "https://cdn1.woolworths.media/content/wowproductimages/large/745386.jpg",
    "source_id": "Woolworths - 745386",
    "barcode": "9339687320196",
    "category_id": "22770",
    "shop": "Woolworths",
    "weight": "100G",
    "prices": [
      {
        "state": "VIC",
        "price": "100",
        "price_per_unit": "20",
        "price_unit": "G"
      },
      {
        "state": "QLD",
        "price": "100",
        "price_per_unit": "20",
        "price_unit": "G"
      },
      {
        "state": "WA",
        "price": "100",
        "price_per_unit": "20",
        "price_unit": "G"
      },
      {
        "state": "SA",
        "price": "100",
        "price_per_unit": "20",
        "price_unit": "G"
      },
      {
        "state": "TAS",
        "price": "100",
        "price_per_unit": "20",
        "price_unit": "G"
      },
      {
        "state": "ACT",
        "price": "100",
        "price_per_unit": "20",
        "price_unit": "G"
      },
      {
        "state": "NT",
        "price": "100",
        "price_per_unit": "20",
        "price_unit": "G"
      }
    ]
  },
  {
    "source_url": "https://www.woolworths.com.au/shop/productdetails/826485/woolworths-long-angel-hair-pasta",
    "name": "Woolworths Long Angel Hair Pasta 500g",
    "image_url": "https://cdn1.woolworths.media/content/wowproductimages/large/826485.jpg",
    "source_id": "Woolworths - 826485",
    "barcode": "9339687320202",
    "category_id": "22770",
    "shop": "Woolworths",
    "weight": "100G",
    "prices": [
      {
        "state": "VIC",
        "price": "100",
        "price_per_unit": "20",
        "price_unit": "G"
      },
      {
        "state": "QLD",
        "price": "100",
        "price_per_unit": "20",
        "price_unit": "G"
      },
      {
        "state": "WA",
        "price": "100",
        "price_per_unit": "20",
        "price_unit": "G"
      },
      {
        "state": "SA",
        "price": "100",
        "price_per_unit": "20",
        "price_unit": "G"
      },
      {
        "state": "TAS",
        "price": "100",
        "price_per_unit": "20",
        "price_unit": "G"
      },
      {
        "state": "ACT",
        "price": "100",
        "price_per_unit": "20",
        "price_unit": "G"
      },
      {
        "state": "NT",
        "price": "100",
        "price_per_unit": "20",
        "price_unit": "G"
      }
    ]
  },
  {
    "source_url": "https://www.woolworths.com.au/shop/productdetails/346835/woolworths-pasta-fettuccine",
    "name": "Woolworths Pasta Fettuccine 500g",
    "image_url": "https://cdn1.woolworths.media/content/wowproductimages/large/346835.jpg",
    "source_id": "Woolworths - 346835",
    "barcode": "9300633207298",
    "category_id": "22770",
    "shop": "Woolworths",
    "weight": "100G",
    "prices": [
      {
        "state": "VIC",
        "price": "100",
        "price_per_unit": "20",
        "price_unit": "G"
      },
      {
        "state": "QLD",
        "price": "100",
        "price_per_unit": "20",
        "price_unit": "G"
      },
      {
        "state": "WA",
        "price": "100",
        "price_per_unit": "20",
        "price_unit": "G"
      },
      {
        "state": "SA",
        "price": "100",
        "price_per_unit": "20",
        "price_unit": "G"
      },
      {
        "state": "TAS",
        "price": "100",
        "price_per_unit": "20",
        "price_unit": "G"
      },
      {
        "state": "ACT",
        "price": "100",
        "price_per_unit": "20",
        "price_unit": "G"
      },
      {
        "state": "NT",
        "price": "100",
        "price_per_unit": "20",
        "price_unit": "G"
      }
    ]
  },
  {
    "source_url": "https://www.woolworths.com.au/shop/productdetails/346837/woolworths-pasta-macaroni",
    "name": "Woolworths Pasta Macaroni 500g",
    "image_url": "https://cdn1.woolworths.media/content/wowproductimages/large/346837.jpg",
    "source_id": "Woolworths - 346837",
    "barcode": "9339687320189",
    "category_id": "22770",
    "shop": "Woolworths",
    "weight": "100G",
    "prices": [
      {
        "state": "VIC",
        "price": "100",
        "price_per_unit": "20",
        "price_unit": "G"
      },
      {
        "state": "QLD",
        "price": "100",
        "price_per_unit": "20",
        "price_unit": "G"
      },
      {
        "state": "WA",
        "price": "100",
        "price_per_unit": "20",
        "price_unit": "G"
      },
      {
        "state": "SA",
        "price": "100",
        "price_per_unit": "20",
        "price_unit": "G"
      },
      {
        "state": "TAS",
        "price": "100",
        "price_per_unit": "20",
        "price_unit": "G"
      },
      {
        "state": "ACT",
        "price": "100",
        "price_per_unit": "20",
        "price_unit": "G"
      },
      {
        "state": "NT",
        "price": "100",
        "price_per_unit": "20",
        "price_unit": "G"
      }
    ]
  },
  {
    "source_url": "https://www.woolworths.com.au/shop/productdetails/346831/woolworths-pasta-penne-rigate",
    "name": "Woolworths Pasta Penne Rigate 500g",
    "image_url": "https://cdn1.woolworths.media/content/wowproductimages/large/346831.jpg",
    "source_id": "Woolworths - 346831",
    "barcode": "9339687320158",
    "category_id": "22770",
    "shop": "Woolworths",
    "weight": "100G",
    "prices": [
      {
        "state": "VIC",
        "price": "100",
        "price_per_unit": "20",
        "price_unit": "G"
      },
      {
        "state": "QLD",
        "price": "100",
        "price_per_unit": "20",
        "price_unit": "G"
      },
      {
        "state": "WA",
        "price": "100",
        "price_per_unit": "20",
        "price_unit": "G"
      },
      {
        "state": "SA",
        "price": "100",
        "price_per_unit": "20",
        "price_unit": "G"
      },
      {
        "state": "TAS",
        "price": "100",
        "price_per_unit": "20",
        "price_unit": "G"
      },
      {
        "state": "ACT",
        "price": "100",
        "price_per_unit": "20",
        "price_unit": "G"
      },
      {
        "state": "NT",
        "price": "100",
        "price_per_unit": "20",
        "price_unit": "G"
      }
    ]
  },
  {
    "source_url": "https://www.woolworths.com.au/shop/productdetails/346833/woolworths-pasta-spirals",
    "name": "Woolworths Pasta Spirals 500g",
    "image_url": "https://cdn1.woolworths.media/content/wowproductimages/large/346833.jpg",
    "source_id": "Woolworths - 346833",
    "barcode": "9339687320165",
    "category_id": "22770",
    "shop": "Woolworths",
    "weight": "100G",
    "prices": [
      {
        "state": "VIC",
        "price": "100",
        "price_per_unit": "20",
        "price_unit": "G"
      },
      {
        "state": "QLD",
        "price": "100",
        "price_per_unit": "20",
        "price_unit": "G"
      },
      {
        "state": "WA",
        "price": "100",
        "price_per_unit": "20",
        "price_unit": "G"
      },
      {
        "state": "SA",
        "price": "100",
        "price_per_unit": "20",
        "price_unit": "G"
      },
      {
        "state": "TAS",
        "price": "100",
        "price_per_unit": "20",
        "price_unit": "G"
      },
      {
        "state": "ACT",
        "price": "100",
        "price_per_unit": "20",
        "price_unit": "G"
      },
      {
        "state": "NT",
        "price": "100",
        "price_per_unit": "20",
        "price_unit": "G"
      }
    ]
  },
  {
    "source_url": "https://www.woolworths.com.au/shop/productdetails/9015/zafarelli-bucatini-pasta-no-6",
    "name": "Zafarelli Bucatini Pasta No 6 500g",
    "image_url": "https://cdn1.woolworths.media/content/wowproductimages/large/009015.jpg",
    "source_id": "Woolworths - 9015",
    "barcode": "9310155501132",
    "category_id": "22770",
    "shop": "Woolworths",
    "weight": "100G",
    "prices": [
      {
        "state": "VIC",
        "price": "200",
        "price_per_unit": "40",
        "price_unit": "G"
      },
      {
        "state": "QLD",
        "price": "200",
        "price_per_unit": "40",
        "price_unit": "G"
      },
      {
        "state": "WA",
        "price": "200",
        "price_per_unit": "40",
        "price_unit": "G"
      },
      {
        "state": "SA",
        "price": "200",
        "price_per_unit": "40",
        "price_unit": "G"
      },
      {
        "state": "ACT",
        "price": "200",
        "price_per_unit": "40",
        "price_unit": "G"
      },
      {
        "state": "NT",
        "price": "200",
        "price_per_unit": "40",
        "price_unit": "G"
      }
    ]
  },
  {
    "source_url": "https://www.woolworths.com.au/shop/productdetails/98596/zafarelli-fettuccine-pasta-no-12",
    "name": "Zafarelli Fettuccine Pasta No 12 500g",
    "image_url": "https://cdn1.woolworths.media/content/wowproductimages/large/098596.jpg",
    "source_id": "Woolworths - 98596",
    "barcode": "9310155501231",
    "category_id": "22770",
    "shop": "Woolworths",
    "weight": "100G",
    "prices": [
      {
        "state": "VIC",
        "price": "200",
        "price_per_unit": "40",
        "price_unit": "G"
      },
      {
        "state": "QLD",
        "price": "200",
        "price_per_unit": "40",
        "price_unit": "G"
      },
      {
        "state": "WA",
        "price": "200",
        "price_per_unit": "40",
        "price_unit": "G"
      },
      {
        "state": "SA",
        "price": "200",
        "price_per_unit": "40",
        "price_unit": "G"
      },
      {
        "state": "ACT",
        "price": "200",
        "price_per_unit": "40",
        "price_unit": "G"
      },
      {
        "state": "NT",
        "price": "200",
        "price_per_unit": "40",
        "price_unit": "G"
      }
    ]
  },
  {
    "source_url": "https://www.woolworths.com.au/shop/productdetails/9011/zafarelli-fusilli-pasta-no-17",
    "name": "Zafarelli Fusilli Pasta No 17 500g",
    "image_url": "https://cdn1.woolworths.media/content/wowproductimages/large/009011.jpg",
    "source_id": "Woolworths - 9011",
    "barcode": "9310155508131",
    "category_id": "22770",
    "shop": "Woolworths",
    "weight": "100G",
    "prices": [
      {
        "state": "VIC",
        "price": "200",
        "price_per_unit": "40",
        "price_unit": "G"
      },
      {
        "state": "QLD",
        "price": "200",
        "price_per_unit": "40",
        "price_unit": "G"
      },
      {
        "state": "WA",
        "price": "200",
        "price_per_unit": "40",
        "price_unit": "G"
      },
      {
        "state": "SA",
        "price": "200",
        "price_per_unit": "40",
        "price_unit": "G"
      },
      {
        "state": "ACT",
        "price": "200",
        "price_per_unit": "40",
        "price_unit": "G"
      }
    ]
  },
  {
    "source_url": "https://www.woolworths.com.au/shop/productdetails/9010/zafarelli-penne-rigati-pasta-no-18",
    "name": "Zafarelli Penne Rigati Pasta No 18 500g",
    "image_url": "https://cdn1.woolworths.media/content/wowproductimages/large/009010.jpg",
    "source_id": "Woolworths - 9010",
    "barcode": "9310155506830",
    "category_id": "22770",
    "shop": "Woolworths",
    "weight": "100G",
    "prices": [
      {
        "state": "VIC",
        "price": "200",
        "price_per_unit": "40",
        "price_unit": "G"
      },
      {
        "state": "QLD",
        "price": "200",
        "price_per_unit": "40",
        "price_unit": "G"
      },
      {
        "state": "WA",
        "price": "200",
        "price_per_unit": "40",
        "price_unit": "G"
      },
      {
        "state": "SA",
        "price": "200",
        "price_per_unit": "40",
        "price_unit": "G"
      },
      {
        "state": "ACT",
        "price": "200",
        "price_per_unit": "40",
        "price_unit": "G"
      },
      {
        "state": "NT",
        "price": "200",
        "price_per_unit": "40",
        "price_unit": "G"
      }
    ]
  },
  {
    "source_url": "https://www.woolworths.com.au/shop/productdetails/94849/zafarelli-piccolo-pasta-no-40",
    "name": "Zafarelli Piccolo Pasta No 40 500g",
    "image_url": "https://cdn1.woolworths.media/content/wowproductimages/large/094849.jpg",
    "source_id": "Woolworths - 94849",
    "barcode": "9310155504034",
    "category_id": "22770",
    "shop": "Woolworths",
    "weight": "100G",
    "prices": [
      {
        "state": "VIC",
        "price": "200",
        "price_per_unit": "40",
        "price_unit": "G"
      },
      {
        "state": "QLD",
        "price": "200",
        "price_per_unit": "40",
        "price_unit": "G"
      },
      {
        "state": "WA",
        "price": "200",
        "price_per_unit": "40",
        "price_unit": "G"
      },
      {
        "state": "SA",
        "price": "200",
        "price_per_unit": "40",
        "price_unit": "G"
      },
      {
        "state": "ACT",
        "price": "200",
        "price_per_unit": "40",
        "price_unit": "G"
      },
      {
        "state": "NT",
        "price": "200",
        "price_per_unit": "40",
        "price_unit": "G"
      }
    ]
  },
  {
    "source_url": "https://www.woolworths.com.au/shop/productdetails/9014/zafarelli-spaghetti-no4",
    "name": "Zafarelli Spaghetti No4 500g",
    "image_url": "https://cdn1.woolworths.media/content/wowproductimages/large/009014.jpg",
    "source_id": "Woolworths - 9014",
    "barcode": "9310155500432",
    "category_id": "22770",
    "shop": "Woolworths",
    "weight": "100G",
    "prices": [
      {
        "state": "VIC",
        "price": "200",
        "price_per_unit": "40",
        "price_unit": "G"
      },
      {
        "state": "QLD",
        "price": "200",
        "price_per_unit": "40",
        "price_unit": "G"
      },
      {
        "state": "WA",
        "price": "200",
        "price_per_unit": "40",
        "price_unit": "G"
      },
      {
        "state": "SA",
        "price": "200",
        "price_per_unit": "40",
        "price_unit": "G"
      },
      {
        "state": "ACT",
        "price": "200",
        "price_per_unit": "40",
        "price_unit": "G"
      },
      {
        "state": "NT",
        "price": "200",
        "price_per_unit": "40",
        "price_unit": "G"
      }
    ]
  },
  {
    "source_url": "https://www.woolworths.com.au/shop/productdetails/469161/zafarelli-spirals-no-56-500g",
    "name": "Zafarelli Spirals No 56 500g",
    "image_url": "https://cdn1.woolworths.media/content/wowproductimages/large/469161.jpg",
    "source_id": "Woolworths - 469161",
    "barcode": "9310155500562",
    "category_id": "22770",
    "shop": "Woolworths",
    "weight": "100G",
    "prices": [
      {
        "state": "VIC",
        "price": "200",
        "price_per_unit": "40",
        "price_unit": "G"
      },
      {
        "state": "QLD",
        "price": "200",
        "price_per_unit": "40",
        "price_unit": "G"
      },
      {
        "state": "WA",
        "price": "200",
        "price_per_unit": "40",
        "price_unit": "G"
      },
      {
        "state": "NT",
        "price": "200",
        "price_per_unit": "40",
        "price_unit": "G"
      }
    ]
  },
  {
    "source_url": "https://www.woolworths.com.au/shop/productdetails/129163/gentile-casarecce",
    "name": "Gentile Casarecce 500g",
    "image_url": "https://cdn1.woolworths.media/content/wowproductimages/large/129163.jpg",
    "source_id": "Woolworths - 129163",
    "barcode": "8033874020241",
    "category_id": "22770",
    "shop": "Woolworths",
    "weight": "100G",
    "prices": [
      {
        "state": "SA",
        "price": "800",
        "price_per_unit": "160",
        "price_unit": "G"
      },
      {
        "state": "TAS",
        "price": "800",
        "price_per_unit": "160",
        "price_unit": "G"
      },
      {
        "state": "ACT",
        "price": "800",
        "price_per_unit": "160",
        "price_unit": "G"
      }
    ]
  },
  {
    "source_url": "https://www.woolworths.com.au/shop/productdetails/793241/gentile-pennette-rigate",
    "name": "Gentile Pennette Rigate 500g",
    "image_url": "https://cdn1.woolworths.media/content/wowproductimages/large/793241.jpg",
    "source_id": "Woolworths - 793241",
    "barcode": "8033874020333",
    "category_id": "22770",
    "shop": "Woolworths",
    "weight": "100G",
    "prices": [
      {
        "state": "SA",
        "price": "800",
        "price_per_unit": "160",
        "price_unit": "G"
      },
      {
        "state": "TAS",
        "price": "800",
        "price_per_unit": "160",
        "price_unit": "G"
      },
      {
        "state": "ACT",
        "price": "800",
        "price_per_unit": "160",
        "price_unit": "G"
      }
    ]
  },
  {
    "source_url": "https://www.woolworths.com.au/shop/productdetails/793220/gentile-rigatoni",
    "name": "Gentile Rigatoni 500g",
    "image_url": "https://cdn1.woolworths.media/content/wowproductimages/large/793220.jpg",
    "source_id": "Woolworths - 793220",
    "barcode": "8033874020319",
    "category_id": "22770",
    "shop": "Woolworths",
    "weight": "100G",
    "prices": [
      {
        "state": "SA",
        "price": "800",
        "price_per_unit": "160",
        "price_unit": "G"
      },
      {
        "state": "TAS",
        "price": "800",
        "price_per_unit": "160",
        "price_unit": "G"
      },
      {
        "state": "ACT",
        "price": "800",
        "price_per_unit": "160",
        "price_unit": "G"
      }
    ]
  },
  {
    "source_url": "https://www.woolworths.com.au/shop/productdetails/129162/gentile-spaghetti-8-minutes",
    "name": "Gentile Spaghetti 8 Minutes 500g",
    "image_url": "https://cdn1.woolworths.media/content/wowproductimages/large/129162.jpg",
    "source_id": "Woolworths - 129162",
    "barcode": "8033874020524",
    "category_id": "22770",
    "shop": "Woolworths",
    "weight": "100G",
    "prices": [
      {
        "state": "SA",
        "price": "800",
        "price_per_unit": "160",
        "price_unit": "G"
      },
      {
        "state": "TAS",
        "price": "800",
        "price_per_unit": "160",
        "price_unit": "G"
      },
      {
        "state": "ACT",
        "price": "800",
        "price_per_unit": "160",
        "price_unit": "G"
      }
    ]
  },
  {
    "source_url": "https://www.woolworths.com.au/shop/productdetails/289278/la-molisana-squid-ink-spaghetti",
    "name": "La Molisana Squid Ink Spaghetti 500g",
    "image_url": "https://cdn1.woolworths.media/content/wowproductimages/large/289278.jpg",
    "source_id": "Woolworths - 289278",
    "barcode": "8004690316153",
    "category_id": "22770",
    "shop": "Woolworths",
    "weight": "100G",
    "prices": [
      {
        "state": "SA",
        "price": "500",
        "price_per_unit": "100",
        "price_unit": "G"
      },
      {
        "state": "TAS",
        "price": "500",
        "price_per_unit": "100",
        "price_unit": "G"
      },
      {
        "state": "ACT",
        "price": "500",
        "price_per_unit": "100",
        "price_unit": "G"
      }
    ]
  },
  {
    "source_url": "https://www.woolworths.com.au/shop/productdetails/129240/lello-artisan-casarecce",
    "name": "Lello Artisan Casarecce 500g",
    "image_url": "https://cdn1.woolworths.media/content/wowproductimages/large/129240.jpg",
    "source_id": "Woolworths - 129240",
    "barcode": "746160031354",
    "category_id": "22770",
    "shop": "Woolworths",
    "weight": "100G",
    "prices": [
      {
        "state": "SA",
        "price": "695",
        "price_per_unit": "139",
        "price_unit": "G"
      },
      {
        "state": "TAS",
        "price": "695",
        "price_per_unit": "139",
        "price_unit": "G"
      },
      {
        "state": "ACT",
        "price": "695",
        "price_per_unit": "139",
        "price_unit": "G"
      }
    ]
  },
  {
    "source_url": "https://www.woolworths.com.au/shop/productdetails/129293/lello-artisan-fusillioni",
    "name": "Lello Artisan Fusillioni 400g",
    "image_url": "https://cdn1.woolworths.media/content/wowproductimages/large/129293.jpg",
    "source_id": "Woolworths - 129293",
    "barcode": "746160031507",
    "category_id": "22770",
    "shop": "Woolworths",
    "weight": "100G",
    "prices": [
      {
        "state": "SA",
        "price": "695",
        "price_per_unit": "174",
        "price_unit": "G"
      },
      {
        "state": "TAS",
        "price": "695",
        "price_per_unit": "174",
        "price_unit": "G"
      },
      {
        "state": "ACT",
        "price": "695",
        "price_per_unit": "174",
        "price_unit": "G"
      }
    ]
  },
  {
    "source_url": "https://www.woolworths.com.au/shop/productdetails/160041/lello-artisan-pasta-gnocchi-sardi",
    "name": "Lello Artisan Pasta Gnocchi Sardi 400g",
    "image_url": "https://cdn1.woolworths.media/content/wowproductimages/large/160041.jpg",
    "source_id": "Woolworths - 160041",
    "barcode": "746160774480",
    "category_id": "22770",
    "shop": "Woolworths",
    "weight": "100G",
    "prices": [
      {
        "state": "SA",
        "price": "695",
        "price_per_unit": "174",
        "price_unit": "G"
      },
      {
        "state": "TAS",
        "price": "695",
        "price_per_unit": "174",
        "price_unit": "G"
      },
      {
        "state": "ACT",
        "price": "695",
        "price_per_unit": "174",
        "price_unit": "G"
      }
    ]
  },
  {
    "source_url": "https://www.woolworths.com.au/shop/productdetails/162336/lello-artisan-rigatoni",
    "name": "Lello Artisan Rigatoni 400g",
    "image_url": "https://cdn1.woolworths.media/content/wowproductimages/large/162336.jpg",
    "source_id": "Woolworths - 162336",
    "barcode": "746160031514",
    "category_id": "22770",
    "shop": "Woolworths",
    "weight": "100G",
    "prices": [
      {
        "state": "SA",
        "price": "695",
        "price_per_unit": "174",
        "price_unit": "G"
      },
      {
        "state": "TAS",
        "price": "695",
        "price_per_unit": "174",
        "price_unit": "G"
      },
      {
        "state": "ACT",
        "price": "695",
        "price_per_unit": "174",
        "price_unit": "G"
      }
    ]
  },
  {
    "source_url": "https://www.woolworths.com.au/shop/productdetails/129241/lello-artisan-trottole",
    "name": "Lello Artisan Trottole 400g",
    "image_url": "https://cdn1.woolworths.media/content/wowproductimages/large/129241.jpg",
    "source_id": "Woolworths - 129241",
    "barcode": "746160031521",
    "category_id": "22770",
    "shop": "Woolworths",
    "weight": "100G",
    "prices": [
      {
        "state": "SA",
        "price": "695",
        "price_per_unit": "174",
        "price_unit": "G"
      },
      {
        "state": "TAS",
        "price": "695",
        "price_per_unit": "174",
        "price_unit": "G"
      },
      {
        "state": "ACT",
        "price": "695",
        "price_per_unit": "174",
        "price_unit": "G"
      }
    ]
  },
  {
    "source_url": "https://www.woolworths.com.au/shop/productdetails/432722/lello-spaghetti-400g",
    "name": "Lello Spaghetti 400g 400g",
    "image_url": "https://cdn1.woolworths.media/content/wowproductimages/large/432722.jpg",
    "source_id": "Woolworths - 432722",
    "barcode": "9358501000007",
    "category_id": "22770",
    "shop": "Woolworths",
    "weight": "100G",
    "prices": [
      {
        "state": "SA",
        "price": "695",
        "price_per_unit": "174",
        "price_unit": "G"
      },
      {
        "state": "TAS",
        "price": "695",
        "price_per_unit": "174",
        "price_unit": "G"
      },
      {
        "state": "ACT",
        "price": "695",
        "price_per_unit": "174",
        "price_unit": "G"
      }
    ]
  },
  {
    "source_url": "https://www.woolworths.com.au/shop/productdetails/68981/macro-organic-gluten-free-penne",
    "name": "Macro Organic Gluten Free Penne 350g",
    "image_url": "https://cdn1.woolworths.media/content/wowproductimages/large/068981.jpg",
    "source_id": "Woolworths - 68981",
    "barcode": "9339687137046",
    "category_id": "22770",
    "shop": "Woolworths",
    "weight": "100G",
    "prices": [
      {
        "state": "SA",
        "price": "295",
        "price_per_unit": "84",
        "price_unit": "G"
      },
      {
        "state": "ACT",
        "price": "295",
        "price_per_unit": "84",
        "price_unit": "G"
      },
      {
        "state": "NT",
        "price": "295",
        "price_per_unit": "84",
        "price_unit": "G"
      }
    ]
  },
  {
    "source_url": "https://www.woolworths.com.au/shop/productdetails/68980/macro-organic-gluten-free-spaghetti",
    "name": "Macro Organic Gluten Free Spaghetti 350g",
    "image_url": "https://cdn1.woolworths.media/content/wowproductimages/large/068980.jpg",
    "source_id": "Woolworths - 68980",
    "barcode": "9339687137039",
    "category_id": "22770",
    "shop": "Woolworths",
    "weight": "100G",
    "prices": [
      {
        "state": "SA",
        "price": "295",
        "price_per_unit": "84",
        "price_unit": "G"
      },
      {
        "state": "ACT",
        "price": "295",
        "price_per_unit": "84",
        "price_unit": "G"
      },
      {
        "state": "NT",
        "price": "295",
        "price_per_unit": "84",
        "price_unit": "G"
      }
    ]
  },
  {
    "source_url": "https://www.woolworths.com.au/shop/productdetails/69092/macro-organic-gluten-free-spirals",
    "name": "Macro Organic Gluten Free Spirals 350g",
    "image_url": "https://cdn1.woolworths.media/content/wowproductimages/large/069092.jpg",
    "source_id": "Woolworths - 69092",
    "barcode": "9339687137053",
    "category_id": "22770",
    "shop": "Woolworths",
    "weight": "100G",
    "prices": [
      {
        "state": "SA",
        "price": "295",
        "price_per_unit": "84",
        "price_unit": "G"
      },
      {
        "state": "ACT",
        "price": "295",
        "price_per_unit": "84",
        "price_unit": "G"
      },
      {
        "state": "NT",
        "price": "295",
        "price_per_unit": "84",
        "price_unit": "G"
      }
    ]
  },
  {
    "source_url": "https://www.woolworths.com.au/shop/productdetails/68345/macro-organic-wholemeal-penne",
    "name": "Macro Organic Wholemeal Penne 500g",
    "image_url": "https://cdn1.woolworths.media/content/wowproductimages/large/068345.jpg",
    "source_id": "Woolworths - 68345",
    "barcode": "9339687136865",
    "category_id": "22770",
    "shop": "Woolworths",
    "weight": "100G",
    "prices": [
      {
        "state": "SA",
        "price": "195",
        "price_per_unit": "39",
        "price_unit": "G"
      },
      {
        "state": "ACT",
        "price": "195",
        "price_per_unit": "39",
        "price_unit": "G"
      },
      {
        "state": "NT",
        "price": "195",
        "price_per_unit": "39",
        "price_unit": "G"
      }
    ]
  },
  {
    "source_url": "https://www.woolworths.com.au/shop/productdetails/68343/macro-organic-wholemeal-spaghetti",
    "name": "Macro Organic Wholemeal Spaghetti 500g",
    "image_url": "https://cdn1.woolworths.media/content/wowproductimages/large/068343.jpg",
    "source_id": "Woolworths - 68343",
    "barcode": "9339687136858",
    "category_id": "22770",
    "shop": "Woolworths",
    "weight": "100G",
    "prices": [
      {
        "state": "SA",
        "price": "195",
        "price_per_unit": "39",
        "price_unit": "G"
      },
      {
        "state": "TAS",
        "price": "195",
        "price_per_unit": "39",
        "price_unit": "G"
      },
      {
        "state": "ACT",
        "price": "195",
        "price_per_unit": "39",
        "price_unit": "G"
      },
      {
        "state": "NT",
        "price": "195",
        "price_per_unit": "39",
        "price_unit": "G"
      }
    ]
  },
  {
    "source_url": "https://www.woolworths.com.au/shop/productdetails/68346/macro-organic-wholemeal-spirals",
    "name": "Macro Organic Wholemeal Spirals 500g",
    "image_url": "https://cdn1.woolworths.media/content/wowproductimages/large/068346.jpg",
    "source_id": "Woolworths - 68346",
    "barcode": "9339687136872",
    "category_id": "22770",
    "shop": "Woolworths",
    "weight": "100G",
    "prices": [
      {
        "state": "SA",
        "price": "195",
        "price_per_unit": "39",
        "price_unit": "G"
      },
      {
        "state": "TAS",
        "price": "195",
        "price_per_unit": "39",
        "price_unit": "G"
      },
      {
        "state": "ACT",
        "price": "195",
        "price_per_unit": "39",
        "price_unit": "G"
      },
      {
        "state": "NT",
        "price": "195",
        "price_per_unit": "39",
        "price_unit": "G"
      }
    ]
  },
  {
    "source_url": "https://www.woolworths.com.au/shop/productdetails/213726/wiech-s-barossa-valley-egg-noodles-fine-egg-noodles-pasta",
    "name": "Wiech's Barossa Valley Egg Noodles Fine Egg Noodles Pasta 250g",
    "image_url": "https://cdn1.woolworths.media/content/wowproductimages/large/213726.jpg",
    "source_id": "Woolworths - 213726",
    "barcode": "9360000999973",
    "category_id": "22770",
    "shop": "Woolworths",
    "weight": "100G",
    "prices": [
      {
        "state": "SA",
        "price": "490",
        "price_per_unit": "196",
        "price_unit": "G"
      }
    ]
  },
  {
    "source_url": "https://www.woolworths.com.au/shop/productdetails/213729/wiech-s-barossa-valley-egg-noodles-ribbon-tie-ribbon-egg-noodles-pasta",
    "name": "Wiech's Barossa Valley Egg Noodles Ribbon Tie Ribbon Egg Noodles Pasta 250g",
    "image_url": "https://cdn1.woolworths.media/content/wowproductimages/large/213729.jpg",
    "source_id": "Woolworths - 213729",
    "barcode": "9360000999959",
    "category_id": "22770",
    "shop": "Woolworths",
    "weight": "100G",
    "prices": [
      {
        "state": "SA",
        "price": "490",
        "price_per_unit": "196",
        "price_unit": "G"
      }
    ]
  }
]