[
  {
    "source_url": "https://www.woolworths.com.au/shop/productdetails/245573/campbell-s-chunky-soup-beef-veg",
    "name": "Campbell's Chunky Soup Beef & Veg 505g",
    "image_url": "https://cdn1.woolworths.media/content/wowproductimages/large/245573.jpg",
    "source_id": "Woolworths - 245573",
    "barcode": "9300644700702",
    "category_id": "22770",
    "shop": "Woolworths",
    "weight": "100G",
    "prices": [
      {
        "state": "NSW",
        "price": "450",
        "price_per_unit": "89",
        "price_unit": "G"
      },
      {
        "state": "VIC",
        "price": "450",
        "price_per_unit": "89",
        "price_unit": "G"
      },
      {
        "state": "QLD",
        "price": "450",
        "price_per_unit": "89",
        "price_unit": "G"
      },
      {
        "state": "WA",
        "price": "450",
        "price_per_unit": "89",
        "price_unit": "G"
      },
      {
        "state": "SA",
        "price": "450",
        "price_per_unit": "89",
        "price_unit": "G"
      },
      {
        "state": "TAS",
        "price": "450",
        "price_per_unit": "89",
        "price_unit": "G"
      },
      {
        "state": "ACT",
        "price": "450",
        "price_per_unit": "89",
        "price_unit": "G"
      },
      {
        "state": "NT",
        "price": "480",
        "price_per_unit": "95",
        "price_unit": "G"
      }
    ]
  },
  {
    "source_url": "https://www.woolworths.com.au/shop/productdetails/34282/campbell-s-condensed-soup-cream-of-chicken",
    "name": "Campbell's Condensed Soup Cream Of Chicken 420g",
    "image_url": "https://cdn1.woolworths.media/content/wowproductimages/large/034282.jpg",
    "source_id": "Woolworths - 34282",
    "barcode": "9300644103213",
    "category_id": "22770",
    "shop": "Woolworths",
    "weight": "100G",
    "prices": [
      {
        "state": "NSW",
        "price": "220",
        "price_per_unit": "52",
        "price_unit": "G"
      },
      {
        "state": "VIC",
        "price": "220",
        "price_per_unit": "52",
        "price_unit": "G"
      },
      {
        "state": "QLD",
        "price": "220",
        "price_per_unit": "52",
        "price_unit": "G"
      },
      {
        "state": "WA",
        "price": "220",
        "price_per_unit": "52",
        "price_unit": "G"
      },
      {
        "state": "SA",
        "price": "220",
        "price_per_unit": "52",
        "price_unit": "G"
      },
      {
        "state": "TAS",
        "price": "220",
        "price_per_unit": "52",
        "price_unit": "G"
      },
      {
        "state": "ACT",
        "price": "220",
        "price_per_unit": "52",
        "price_unit": "G"
      },
      {
        "state": "NT",
        "price": "220",
        "price_per_unit": "52",
        "price_unit": "G"
      }
    ]
  },
  {
    "source_url": "https://www.woolworths.com.au/shop/productdetails/34290/campbell-s-condensed-soup-cream-of-mushroom",
    "name": "Campbell's Condensed Soup Cream Of Mushroom 420g",
    "image_url": "https://cdn1.woolworths.media/content/wowproductimages/large/034290.jpg",
    "source_id": "Woolworths - 34290",
    "barcode": "9300644126212",
    "category_id": "22770",
    "shop": "Woolworths",
    "weight": "100G",
    "prices": [
      {
        "state": "NSW",
        "price": "220",
        "price_per_unit": "52",
        "price_unit": "G"
      },
      {
        "state": "VIC",
        "price": "220",
        "price_per_unit": "52",
        "price_unit": "G"
      },
      {
        "state": "QLD",
        "price": "220",
        "price_per_unit": "52",
        "price_unit": "G"
      },
      {
        "state": "WA",
        "price": "220",
        "price_per_unit": "52",
        "price_unit": "G"
      },
      {
        "state": "SA",
        "price": "220",
        "price_per_unit": "52",
        "price_unit": "G"
      },
      {
        "state": "TAS",
        "price": "220",
        "price_per_unit": "52",
        "price_unit": "G"
      },
      {
        "state": "ACT",
        "price": "220",
        "price_per_unit": "52",
        "price_unit": "G"
      },
      {
        "state": "NT",
        "price": "220",
        "price_per_unit": "52",
        "price_unit": "G"
      }
    ]
  },
  {
    "source_url": "https://www.woolworths.com.au/shop/productdetails/34287/campbell-s-condensed-soup-tomato",
    "name": "Campbell's Condensed Soup Tomato 420g",
    "image_url": "https://cdn1.woolworths.media/content/wowproductimages/large/034287.jpg",
    "source_id": "Woolworths - 34287",
    "barcode": "9300644234511",
    "category_id": "22770",
    "shop": "Woolworths",
    "weight": "100G",
    "prices": [
      {
        "state": "NSW",
        "price": "220",
        "price_per_unit": "52",
        "price_unit": "G"
      },
      {
        "state": "VIC",
        "price": "220",
        "price_per_unit": "52",
        "price_unit": "G"
      },
      {
        "state": "QLD",
        "price": "220",
        "price_per_unit": "52",
        "price_unit": "G"
      },
      {
        "state": "WA",
        "price": "220",
        "price_per_unit": "52",
        "price_unit": "G"
      },
      {
        "state": "SA",
        "price": "220",
        "price_per_unit": "52",
        "price_unit": "G"
      },
      {
        "state": "TAS",
        "price": "220",
        "price_per_unit": "52",
        "price_unit": "G"
      },
      {
        "state": "ACT",
        "price": "220",
        "price_per_unit": "52",
        "price_unit": "G"
      },
      {
        "state": "NT",
        "price": "220",
        "price_per_unit": "52",
        "price_unit": "G"
      }
    ]
  },
  {
    "source_url": "https://www.woolworths.com.au/shop/productdetails/204677/campbell-s-country-ladle-soup-creamy-chicken",
    "name": "Campbell's Country Ladle Soup Creamy Chicken 500g",
    "image_url": "https://cdn1.woolworths.media/content/wowproductimages/large/204677.jpg",
    "source_id": "Woolworths - 204677",
    "barcode": "9300644234900",
    "category_id": "22770",
    "shop": "Woolworths",
    "weight": "100G",
    "prices": [
      {
        "state": "NSW",
        "price": "450",
        "price_per_unit": "90",
        "price_unit": "G"
      },
      {
        "state": "VIC",
        "price": "450",
        "price_per_unit": "90",
        "price_unit": "G"
      },
      {
        "state": "QLD",
        "price": "450",
        "price_per_unit": "90",
        "price_unit": "G"
      },
      {
        "state": "WA",
        "price": "450",
        "price_per_unit": "90",
        "price_unit": "G"
      },
      {
        "state": "SA",
        "price": "450",
        "price_per_unit": "90",
        "price_unit": "G"
      },
      {
        "state": "TAS",
        "price": "450",
        "price_per_unit": "90",
        "price_unit": "G"
      },
      {
        "state": "ACT",
        "price": "450",
        "price_per_unit": "90",
        "price_unit": "G"
      },
      {
        "state": "NT",
        "price": "475",
        "price_per_unit": "95",
        "price_unit": "G"
      }
    ]
  },
  {
    "source_url": "https://www.woolworths.com.au/shop/productdetails/45777/campbell-s-country-ladle-soup-minestrone",
    "name": "Campbell's Country Ladle Soup Minestrone 495g",
    "image_url": "https://cdn1.woolworths.media/content/wowproductimages/large/045777.jpg",
    "source_id": "Woolworths - 45777",
    "barcode": "9300644123532",
    "category_id": "22770",
    "shop": "Woolworths",
    "weight": "100G",
    "prices": [
      {
        "state": "NSW",
        "price": "450",
        "price_per_unit": "91",
        "price_unit": "G"
      },
      {
        "state": "VIC",
        "price": "450",
        "price_per_unit": "91",
        "price_unit": "G"
      },
      {
        "state": "QLD",
        "price": "450",
        "price_per_unit": "91",
        "price_unit": "G"
      },
      {
        "state": "WA",
        "price": "450",
        "price_per_unit": "91",
        "price_unit": "G"
      },
      {
        "state": "SA",
        "price": "450",
        "price_per_unit": "91",
        "price_unit": "G"
      },
      {
        "state": "TAS",
        "price": "450",
        "price_per_unit": "91",
        "price_unit": "G"
      },
      {
        "state": "ACT",
        "price": "450",
        "price_per_unit": "91",
        "price_unit": "G"
      },
      {
        "state": "NT",
        "price": "475",
        "price_per_unit": "96",
        "price_unit": "G"
      }
    ]
  },
  {
    "source_url": "https://www.woolworths.com.au/shop/productdetails/32924/continental-classics-cup-a-soup-chicken-with-lots-of-noodles",
    "name": "Continental Classics Cup a Soup Chicken With Lots Of Noodles 60g",
    "image_url": "https://cdn1.woolworths.media/content/wowproductimages/large/032924.jpg",
    "source_id": "Woolworths - 32924",
    "barcode": "9300667403017",
    "category_id": "22770",
    "shop": "Woolworths",
    "weight": "100G",
    "prices": [
      {
        "state": "NSW",
        "price": "280",
        "price_per_unit": "467",
        "price_unit": "G"
      },
      {
        "state": "VIC",
        "price": "280",
        "price_per_unit": "467",
        "price_unit": "G"
      },
      {
        "state": "QLD",
        "price": "280",
        "price_per_unit": "467",
        "price_unit": "G"
      },
      {
        "state": "WA",
        "price": "280",
        "price_per_unit": "467",
        "price_unit": "G"
      },
      {
        "state": "SA",
        "price": "280",
        "price_per_unit": "467",
        "price_unit": "G"
      },
      {
        "state": "TAS",
        "price": "280",
        "price_per_unit": "467",
        "price_unit": "G"
      },
      {
        "state": "ACT",
        "price": "280",
        "price_per_unit": "467",
        "price_unit": "G"
      },
      {
        "state": "NT",
        "price": "295",
        "price_per_unit": "492",
        "price_unit": "G"
      }
    ]
  },
  {
    "source_url": "https://www.woolworths.com.au/shop/productdetails/54148/continental-classics-cup-a-soup-chinese-chicken-corn",
    "name": "Continental Classics Cup a Soup Chinese Chicken & Corn 66g",
    "image_url": "https://cdn1.woolworths.media/content/wowproductimages/large/054148.jpg",
    "source_id": "Woolworths - 54148",
    "barcode": "9300667015142",
    "category_id": "22770",
    "shop": "Woolworths",
    "weight": "100G",
    "prices": [
      {
        "state": "NSW",
        "price": "280",
        "price_per_unit": "424",
        "price_unit": "G"
      },
      {
        "state": "VIC",
        "price": "280",
        "price_per_unit": "424",
        "price_unit": "G"
      },
      {
        "state": "QLD",
        "price": "280",
        "price_per_unit": "424",
        "price_unit": "G"
      },
      {
        "state": "WA",
        "price": "280",
        "price_per_unit": "424",
        "price_unit": "G"
      },
      {
        "state": "SA",
        "price": "280",
        "price_per_unit": "424",
        "price_unit": "G"
      },
      {
        "state": "TAS",
        "price": "280",
        "price_per_unit": "424",
        "price_unit": "G"
      },
      {
        "state": "ACT",
        "price": "280",
        "price_per_unit": "424",
        "price_unit": "G"
      },
      {
        "state": "NT",
        "price": "295",
        "price_per_unit": "447",
        "price_unit": "G"
      }
    ]
  },
  {
    "source_url": "https://www.woolworths.com.au/shop/productdetails/166227/continental-classics-cup-a-soup-creamy-chicken-corn-with-croutons",
    "name": "Continental Classics Cup a Soup Creamy Chicken & Corn With Croutons 60g",
    "image_url": "https://cdn1.woolworths.media/content/wowproductimages/large/166227.jpg",
    "source_id": "Woolworths - 166227",
    "barcode": "9300667025059",
    "category_id": "22770",
    "shop": "Woolworths",
    "weight": "100G",
    "prices": [
      {
        "state": "NSW",
        "price": "280",
        "price_per_unit": "467",
        "price_unit": "G"
      },
      {
        "state": "VIC",
        "price": "280",
        "price_per_unit": "467",
        "price_unit": "G"
      },
      {
        "state": "QLD",
        "price": "280",
        "price_per_unit": "467",
        "price_unit": "G"
      },
      {
        "state": "WA",
        "price": "280",
        "price_per_unit": "467",
        "price_unit": "G"
      },
      {
        "state": "SA",
        "price": "280",
        "price_per_unit": "467",
        "price_unit": "G"
      },
      {
        "state": "TAS",
        "price": "280",
        "price_per_unit": "467",
        "price_unit": "G"
      },
      {
        "state": "ACT",
        "price": "280",
        "price_per_unit": "467",
        "price_unit": "G"
      },
      {
        "state": "NT",
        "price": "295",
        "price_per_unit": "492",
        "price_unit": "G"
      }
    ]
  },
  {
    "source_url": "https://www.woolworths.com.au/shop/productdetails/166232/continental-classics-cup-a-soup-creamy-chicken-with-croutons",
    "name": "Continental Classics Cup a Soup Creamy Chicken With Croutons 60g",
    "image_url": "https://cdn1.woolworths.media/content/wowproductimages/large/166232.jpg",
    "source_id": "Woolworths - 166232",
    "barcode": "9300667025035",
    "category_id": "22770",
    "shop": "Woolworths",
    "weight": "100G",
    "prices": [
      {
        "state": "NSW",
        "price": "280",
        "price_per_unit": "467",
        "price_unit": "G"
      },
      {
        "state": "VIC",
        "price": "280",
        "price_per_unit": "467",
        "price_unit": "G"
      },
      {
        "state": "QLD",
        "price": "280",
        "price_per_unit": "467",
        "price_unit": "G"
      },
      {
        "state": "WA",
        "price": "280",
        "price_per_unit": "467",
        "price_unit": "G"
      },
      {
        "state": "SA",
        "price": "280",
        "price_per_unit": "467",
        "price_unit": "G"
      },
      {
        "state": "TAS",
        "price": "280",
        "price_per_unit": "467",
        "price_unit": "G"
      },
      {
        "state": "ACT",
        "price": "280",
        "price_per_unit": "467",
        "price_unit": "G"
      },
      {
        "state": "NT",
        "price": "295",
        "price_per_unit": "492",
        "price_unit": "G"
      }
    ]
  },
  {
    "source_url": "https://www.woolworths.com.au/shop/productdetails/26649/continental-classics-cup-a-soup-creamy-chicken-with-lots-of-noodles",
    "name": "Continental Classics Cup A Soup Creamy Chicken With Lots Of Noodles 60g",
    "image_url": "https://cdn1.woolworths.media/content/wowproductimages/large/026649.jpg",
    "source_id": "Woolworths - 26649",
    "barcode": "9300667403055",
    "category_id": "22770",
    "shop": "Woolworths",
    "weight": "100G",
    "prices": [
      {
        "state": "NSW",
        "price": "280",
        "price_per_unit": "467",
        "price_unit": "G"
      },
      {
        "state": "VIC",
        "price": "280",
        "price_per_unit": "467",
        "price_unit": "G"
      },
      {
        "state": "QLD",
        "price": "280",
        "price_per_unit": "467",
        "price_unit": "G"
      },
      {
        "state": "WA",
        "price": "280",
        "price_per_unit": "467",
        "price_unit": "G"
      },
      {
        "state": "SA",
        "price": "280",
        "price_per_unit": "467",
        "price_unit": "G"
      },
      {
        "state": "TAS",
        "price": "280",
        "price_per_unit": "467",
        "price_unit": "G"
      },
      {
        "state": "ACT",
        "price": "280",
        "price_per_unit": "467",
        "price_unit": "G"
      },
      {
        "state": "NT",
        "price": "295",
        "price_per_unit": "492",
        "price_unit": "G"
      }
    ]
  },
  {
    "source_url": "https://www.woolworths.com.au/shop/productdetails/166239/continental-classics-cup-a-soup-creamy-mushroom-with-croutons",
    "name": "Continental Classics Cup a Soup Creamy Mushroom With Croutons 50g",
    "image_url": "https://cdn1.woolworths.media/content/wowproductimages/large/166239.jpg",
    "source_id": "Woolworths - 166239",
    "barcode": "9300667024991",
    "category_id": "22770",
    "shop": "Woolworths",
    "weight": "100G",
    "prices": [
      {
        "state": "NSW",
        "price": "280",
        "price_per_unit": "560",
        "price_unit": "G"
      },
      {
        "state": "VIC",
        "price": "280",
        "price_per_unit": "560",
        "price_unit": "G"
      },
      {
        "state": "QLD",
        "price": "280",
        "price_per_unit": "560",
        "price_unit": "G"
      },
      {
        "state": "WA",
        "price": "280",
        "price_per_unit": "560",
        "price_unit": "G"
      },
      {
        "state": "SA",
        "price": "280",
        "price_per_unit": "560",
        "price_unit": "G"
      },
      {
        "state": "TAS",
        "price": "280",
        "price_per_unit": "560",
        "price_unit": "G"
      },
      {
        "state": "ACT",
        "price": "280",
        "price_per_unit": "560",
        "price_unit": "G"
      },
      {
        "state": "NT",
        "price": "295",
        "price_per_unit": "590",
        "price_unit": "G"
      }
    ]
  },
  {
    "source_url": "https://www.woolworths.com.au/shop/productdetails/257657/continental-classics-cup-a-soup-dutch-curry-with-rice",
    "name": "Continental Classics Cup a Soup Dutch Curry With Rice 55g",
    "image_url": "https://cdn1.woolworths.media/content/wowproductimages/large/257657.jpg",
    "source_id": "Woolworths - 257657",
    "barcode": "9300667038073",
    "category_id": "22770",
    "shop": "Woolworths",
    "weight": "100G",
    "prices": [
      {
        "state": "NSW",
        "price": "280",
        "price_per_unit": "509",
        "price_unit": "G"
      },
      {
        "state": "VIC",
        "price": "280",
        "price_per_unit": "509",
        "price_unit": "G"
      },
      {
        "state": "QLD",
        "price": "280",
        "price_per_unit": "509",
        "price_unit": "G"
      },
      {
        "state": "WA",
        "price": "280",
        "price_per_unit": "509",
        "price_unit": "G"
      },
      {
        "state": "SA",
        "price": "280",
        "price_per_unit": "509",
        "price_unit": "G"
      },
      {
        "state": "TAS",
        "price": "280",
        "price_per_unit": "509",
        "price_unit": "G"
      },
      {
        "state": "ACT",
        "price": "280",
        "price_per_unit": "509",
        "price_unit": "G"
      },
      {
        "state": "NT",
        "price": "295",
        "price_per_unit": "536",
        "price_unit": "G"
      }
    ]
  },
  {
    "source_url": "https://www.woolworths.com.au/shop/productdetails/54157/continental-classics-cup-a-soup-italian-minestrone-with-pasta",
    "name": "Continental Classics Cup a Soup Italian Minestrone With Pasta 75g",
    "image_url": "https://cdn1.woolworths.media/content/wowproductimages/large/054157.jpg",
    "source_id": "Woolworths - 54157",
    "barcode": "9300667016125",
    "category_id": "22770",
    "shop": "Woolworths",
    "weight": "100G",
    "prices": [
      {
        "state": "NSW",
        "price": "280",
        "price_per_unit": "373",
        "price_unit": "G"
      },
      {
        "state": "VIC",
        "price": "280",
        "price_per_unit": "373",
        "price_unit": "G"
      },
      {
        "state": "QLD",
        "price": "280",
        "price_per_unit": "373",
        "price_unit": "G"
      },
      {
        "state": "WA",
        "price": "280",
        "price_per_unit": "373",
        "price_unit": "G"
      },
      {
        "state": "SA",
        "price": "280",
        "price_per_unit": "373",
        "price_unit": "G"
      },
      {
        "state": "TAS",
        "price": "280",
        "price_per_unit": "373",
        "price_unit": "G"
      },
      {
        "state": "ACT",
        "price": "280",
        "price_per_unit": "373",
        "price_unit": "G"
      },
      {
        "state": "NT",
        "price": "295",
        "price_per_unit": "393",
        "price_unit": "G"
      }
    ]
  },
  {
    "source_url": "https://www.woolworths.com.au/shop/productdetails/142839/continental-classics-cup-a-soup-laksa-with-noodles",
    "name": "Continental Classics Cup a Soup Laksa With Noodles 65g",
    "image_url": "https://cdn1.woolworths.media/content/wowproductimages/large/142839.jpg",
    "source_id": "Woolworths - 142839",
    "barcode": "9300667022850",
    "category_id": "22770",
    "shop": "Woolworths",
    "weight": "100G",
    "prices": [
      {
        "state": "NSW",
        "price": "280",
        "price_per_unit": "431",
        "price_unit": "G"
      },
      {
        "state": "VIC",
        "price": "280",
        "price_per_unit": "431",
        "price_unit": "G"
      },
      {
        "state": "QLD",
        "price": "280",
        "price_per_unit": "431",
        "price_unit": "G"
      },
      {
        "state": "WA",
        "price": "280",
        "price_per_unit": "431",
        "price_unit": "G"
      },
      {
        "state": "SA",
        "price": "280",
        "price_per_unit": "431",
        "price_unit": "G"
      },
      {
        "state": "TAS",
        "price": "280",
        "price_per_unit": "431",
        "price_unit": "G"
      },
      {
        "state": "ACT",
        "price": "280",
        "price_per_unit": "431",
        "price_unit": "G"
      },
      {
        "state": "NT",
        "price": "295",
        "price_per_unit": "454",
        "price_unit": "G"
      }
    ]
  },
  {
    "source_url": "https://www.woolworths.com.au/shop/productdetails/13674/continental-classics-cup-a-soup-mild-chicken-curry",
    "name": "Continental Classics Cup a Soup Mild Chicken Curry 58g",
    "image_url": "https://cdn1.woolworths.media/content/wowproductimages/large/013674.jpg",
    "source_id": "Woolworths - 13674",
    "barcode": "9300667005938",
    "category_id": "22770",
    "shop": "Woolworths",
    "weight": "100G",
    "prices": [
      {
        "state": "NSW",
        "price": "280",
        "price_per_unit": "483",
        "price_unit": "G"
      },
      {
        "state": "VIC",
        "price": "280",
        "price_per_unit": "483",
        "price_unit": "G"
      },
      {
        "state": "QLD",
        "price": "280",
        "price_per_unit": "483",
        "price_unit": "G"
      },
      {
        "state": "WA",
        "price": "280",
        "price_per_unit": "483",
        "price_unit": "G"
      },
      {
        "state": "SA",
        "price": "280",
        "price_per_unit": "483",
        "price_unit": "G"
      },
      {
        "state": "TAS",
        "price": "280",
        "price_per_unit": "483",
        "price_unit": "G"
      },
      {
        "state": "ACT",
        "price": "280",
        "price_per_unit": "483",
        "price_unit": "G"
      },
      {
        "state": "NT",
        "price": "295",
        "price_per_unit": "509",
        "price_unit": "G"
      }
    ]
  },
  {
    "source_url": "https://www.woolworths.com.au/shop/productdetails/32926/continental-classics-cup-a-soup-original-chicken-noodle",
    "name": "Continental Classics Cup a Soup Original Chicken Noodle 40g",
    "image_url": "https://cdn1.woolworths.media/content/wowproductimages/large/032926.jpg",
    "source_id": "Woolworths - 32926",
    "barcode": "9300667004276",
    "category_id": "22770",
    "shop": "Woolworths",
    "weight": "100G",
    "prices": [
      {
        "state": "NSW",
        "price": "300",
        "price_per_unit": "750",
        "price_unit": "G"
      },
      {
        "state": "VIC",
        "price": "300",
        "price_per_unit": "750",
        "price_unit": "G"
      },
      {
        "state": "QLD",
        "price": "300",
        "price_per_unit": "750",
        "price_unit": "G"
      },
      {
        "state": "WA",
        "price": "300",
        "price_per_unit": "750",
        "price_unit": "G"
      },
      {
        "state": "SA",
        "price": "300",
        "price_per_unit": "750",
        "price_unit": "G"
      },
      {
        "state": "TAS",
        "price": "300",
        "price_per_unit": "750",
        "price_unit": "G"
      },
      {
        "state": "ACT",
        "price": "300",
        "price_per_unit": "750",
        "price_unit": "G"
      },
      {
        "state": "NT",
        "price": "300",
        "price_per_unit": "750",
        "price_unit": "G"
      }
    ]
  },
  {
    "source_url": "https://www.woolworths.com.au/shop/productdetails/186169/continental-classics-cup-a-soup-original-cream-of-chicken",
    "name": "Continental Classics Cup a Soup Original Cream Of Chicken 75g",
    "image_url": "https://cdn1.woolworths.media/content/wowproductimages/large/186169.jpg",
    "source_id": "Woolworths - 186169",
    "barcode": "9300667029392",
    "category_id": "22770",
    "shop": "Woolworths",
    "weight": "100G",
    "prices": [
      {
        "state": "NSW",
        "price": "300",
        "price_per_unit": "400",
        "price_unit": "G"
      },
      {
        "state": "VIC",
        "price": "300",
        "price_per_unit": "400",
        "price_unit": "G"
      },
      {
        "state": "QLD",
        "price": "300",
        "price_per_unit": "400",
        "price_unit": "G"
      },
      {
        "state": "WA",
        "price": "300",
        "price_per_unit": "400",
        "price_unit": "G"
      },
      {
        "state": "SA",
        "price": "300",
        "price_per_unit": "400",
        "price_unit": "G"
      },
      {
        "state": "TAS",
        "price": "300",
        "price_per_unit": "400",
        "price_unit": "G"
      },
      {
        "state": "ACT",
        "price": "300",
        "price_per_unit": "400",
        "price_unit": "G"
      },
      {
        "state": "NT",
        "price": "300",
        "price_per_unit": "400",
        "price_unit": "G"
      }
    ]
  },
  {
    "source_url": "https://www.woolworths.com.au/shop/productdetails/186170/continental-classics-cup-a-soup-original-cream-of-mushroom-soup",
    "name": "Continental Classics Cup a Soup Original Cream Of Mushroom Soup 70g",
    "image_url": "https://cdn1.woolworths.media/content/wowproductimages/large/186170.jpg",
    "source_id": "Woolworths - 186170",
    "barcode": "9300667029415",
    "category_id": "22770",
    "shop": "Woolworths",
    "weight": "100G",
    "prices": [
      {
        "state": "NSW",
        "price": "300",
        "price_per_unit": "429",
        "price_unit": "G"
      },
      {
        "state": "VIC",
        "price": "300",
        "price_per_unit": "429",
        "price_unit": "G"
      },
      {
        "state": "QLD",
        "price": "300",
        "price_per_unit": "429",
        "price_unit": "G"
      },
      {
        "state": "WA",
        "price": "300",
        "price_per_unit": "429",
        "price_unit": "G"
      },
      {
        "state": "SA",
        "price": "300",
        "price_per_unit": "429",
        "price_unit": "G"
      },
      {
        "state": "TAS",
        "price": "300",
        "price_per_unit": "429",
        "price_unit": "G"
      },
      {
        "state": "ACT",
        "price": "300",
        "price_per_unit": "429",
        "price_unit": "G"
      },
      {
        "state": "NT",
        "price": "300",
        "price_per_unit": "429",
        "price_unit": "G"
      }
    ]
  },
  {
    "source_url": "https://www.woolworths.com.au/shop/productdetails/36580/continental-classics-cup-a-soup-original-spring-vegetable",
    "name": "Continental Classics Cup A Soup Original Spring Vegetable 60g",
    "image_url": "https://cdn1.woolworths.media/content/wowproductimages/large/036580.jpg",
    "source_id": "Woolworths - 36580",
    "barcode": "9300667004412",
    "category_id": "22770",
    "shop": "Woolworths",
    "weight": "100G",
    "prices": [
      {
        "state": "NSW",
        "price": "300",
        "price_per_unit": "500",
        "price_unit": "G"
      },
      {
        "state": "VIC",
        "price": "300",
        "price_per_unit": "500",
        "price_unit": "G"
      },
      {
        "state": "QLD",
        "price": "300",
        "price_per_unit": "500",
        "price_unit": "G"
      },
      {
        "state": "WA",
        "price": "300",
        "price_per_unit": "500",
        "price_unit": "G"
      },
      {
        "state": "SA",
        "price": "300",
        "price_per_unit": "500",
        "price_unit": "G"
      },
      {
        "state": "TAS",
        "price": "300",
        "price_per_unit": "500",
        "price_unit": "G"
      },
      {
        "state": "ACT",
        "price": "300",
        "price_per_unit": "500",
        "price_unit": "G"
      },
      {
        "state": "NT",
        "price": "300",
        "price_per_unit": "500",
        "price_unit": "G"
      }
    ]
  },
  {
    "source_url": "https://www.woolworths.com.au/shop/productdetails/186167/continental-classics-cup-a-soup-original-tomato",
    "name": "Continental Classics Cup a Soup Original Tomato 80g",
    "image_url": "https://cdn1.woolworths.media/content/wowproductimages/large/186167.jpg",
    "source_id": "Woolworths - 186167",
    "barcode": "9300667029422",
    "category_id": "22770",
    "shop": "Woolworths",
    "weight": "100G",
    "prices": [
      {
        "state": "NSW",
        "price": "300",
        "price_per_unit": "375",
        "price_unit": "G"
      },
      {
        "state": "VIC",
        "price": "300",
        "price_per_unit": "375",
        "price_unit": "G"
      },
      {
        "state": "QLD",
        "price": "300",
        "price_per_unit": "375",
        "price_unit": "G"
      },
      {
        "state": "WA",
        "price": "300",
        "price_per_unit": "375",
        "price_unit": "G"
      },
      {
        "state": "SA",
        "price": "300",
        "price_per_unit": "375",
        "price_unit": "G"
      },
      {
        "state": "TAS",
        "price": "300",
        "price_per_unit": "375",
        "price_unit": "G"
      },
      {
        "state": "ACT",
        "price": "300",
        "price_per_unit": "375",
        "price_unit": "G"
      },
      {
        "state": "NT",
        "price": "300",
        "price_per_unit": "375",
        "price_unit": "G"
      }
    ]
  },
  {
    "source_url": "https://www.woolworths.com.au/shop/productdetails/828451/continental-classics-cup-a-soup-pepper-steak-mushroom",
    "name": "Continental Classics Cup a Soup Pepper Steak & Mushroom 52 g",
    "image_url": "https://cdn1.woolworths.media/content/wowproductimages/large/828451.jpg",
    "source_id": "Woolworths - 828451",
    "barcode": "9300830024049",
    "category_id": "22770",
    "shop": "Woolworths",
    "weight": "100G",
    "prices": [
      {
        "state": "NSW",
        "price": "280",
        "price_per_unit": "538",
        "price_unit": "G"
      },
      {
        "state": "VIC",
        "price": "280",
        "price_per_unit": "538",
        "price_unit": "G"
      },
      {
        "state": "QLD",
        "price": "280",
        "price_per_unit": "538",
        "price_unit": "G"
      },
      {
        "state": "WA",
        "price": "280",
        "price_per_unit": "538",
        "price_unit": "G"
      },
      {
        "state": "SA",
        "price": "280",
        "price_per_unit": "538",
        "price_unit": "G"
      },
      {
        "state": "TAS",
        "price": "280",
        "price_per_unit": "538",
        "price_unit": "G"
      },
      {
        "state": "ACT",
        "price": "280",
        "price_per_unit": "538",
        "price_unit": "G"
      },
      {
        "state": "NT",
        "price": "295",
        "price_per_unit": "567",
        "price_unit": "G"
      }
    ]
  },
  {
    "source_url": "https://www.woolworths.com.au/shop/productdetails/19158/continental-classics-cup-a-soup-roast-chicken",
    "name": "Continental Classics Cup a Soup Roast Chicken 75g",
    "image_url": "https://cdn1.woolworths.media/content/wowproductimages/large/019158.jpg",
    "source_id": "Woolworths - 19158",
    "barcode": "9300667016231",
    "category_id": "22770",
    "shop": "Woolworths",
    "weight": "100G",
    "prices": [
      {
        "state": "NSW",
        "price": "280",
        "price_per_unit": "373",
        "price_unit": "G"
      },
      {
        "state": "VIC",
        "price": "280",
        "price_per_unit": "373",
        "price_unit": "G"
      },
      {
        "state": "QLD",
        "price": "280",
        "price_per_unit": "373",
        "price_unit": "G"
      },
      {
        "state": "WA",
        "price": "280",
        "price_per_unit": "373",
        "price_unit": "G"
      },
      {
        "state": "SA",
        "price": "280",
        "price_per_unit": "373",
        "price_unit": "G"
      },
      {
        "state": "TAS",
        "price": "280",
        "price_per_unit": "373",
        "price_unit": "G"
      },
      {
        "state": "ACT",
        "price": "280",
        "price_per_unit": "373",
        "price_unit": "G"
      },
      {
        "state": "NT",
        "price": "295",
        "price_per_unit": "393",
        "price_unit": "G"
      }
    ]
  },
  {
    "source_url": "https://www.woolworths.com.au/shop/productdetails/34389/continental-classics-simmer-soup-chicken-noodle",
    "name": "Continental Classics Simmer Soup Chicken Noodle 45g",
    "image_url": "https://cdn1.woolworths.media/content/wowproductimages/large/034389.jpg",
    "source_id": "Woolworths - 34389",
    "barcode": "9300667320017",
    "category_id": "22770",
    "shop": "Woolworths",
    "weight": "100G",
    "prices": [
      {
        "state": "NSW",
        "price": "120",
        "price_per_unit": "267",
        "price_unit": "G"
      },
      {
        "state": "VIC",
        "price": "120",
        "price_per_unit": "267",
        "price_unit": "G"
      },
      {
        "state": "QLD",
        "price": "120",
        "price_per_unit": "267",
        "price_unit": "G"
      },
      {
        "state": "WA",
        "price": "120",
        "price_per_unit": "267",
        "price_unit": "G"
      },
      {
        "state": "SA",
        "price": "120",
        "price_per_unit": "267",
        "price_unit": "G"
      },
      {
        "state": "TAS",
        "price": "120",
        "price_per_unit": "267",
        "price_unit": "G"
      },
      {
        "state": "ACT",
        "price": "120",
        "price_per_unit": "267",
        "price_unit": "G"
      },
      {
        "state": "NT",
        "price": "125",
        "price_per_unit": "278",
        "price_unit": "G"
      }
    ]
  },
  {
    "source_url": "https://www.woolworths.com.au/shop/productdetails/34393/continental-classics-simmer-soup-french-onion",
    "name": "Continental Classics Simmer Soup French Onion 40g",
    "image_url": "https://cdn1.woolworths.media/content/wowproductimages/large/034393.jpg",
    "source_id": "Woolworths - 34393",
    "barcode": "9300667340015",
    "category_id": "22770",
    "shop": "Woolworths",
    "weight": "100G",
    "prices": [
      {
        "state": "NSW",
        "price": "120",
        "price_per_unit": "300",
        "price_unit": "G"
      },
      {
        "state": "VIC",
        "price": "120",
        "price_per_unit": "300",
        "price_unit": "G"
      },
      {
        "state": "QLD",
        "price": "120",
        "price_per_unit": "300",
        "price_unit": "G"
      },
      {
        "state": "WA",
        "price": "120",
        "price_per_unit": "300",
        "price_unit": "G"
      },
      {
        "state": "SA",
        "price": "120",
        "price_per_unit": "300",
        "price_unit": "G"
      },
      {
        "state": "TAS",
        "price": "120",
        "price_per_unit": "300",
        "price_unit": "G"
      },
      {
        "state": "ACT",
        "price": "120",
        "price_per_unit": "300",
        "price_unit": "G"
      },
      {
        "state": "NT",
        "price": "125",
        "price_per_unit": "313",
        "price_unit": "G"
      }
    ]
  },
  {
    "source_url": "https://www.woolworths.com.au/shop/productdetails/41841/continental-classics-simmer-soup-french-onion-salt-reduced",
    "name": "Continental Classics Simmer Soup French Onion Salt Reduced 35g",
    "image_url": "https://cdn1.woolworths.media/content/wowproductimages/large/041841.jpg",
    "source_id": "Woolworths - 41841",
    "barcode": "9300667370272",
    "category_id": "22770",
    "shop": "Woolworths",
    "weight": "100G",
    "prices": [
      {
        "state": "NSW",
        "price": "120",
        "price_per_unit": "343",
        "price_unit": "G"
      },
      {
        "state": "VIC",
        "price": "120",
        "price_per_unit": "343",
        "price_unit": "G"
      },
      {
        "state": "QLD",
        "price": "120",
        "price_per_unit": "343",
        "price_unit": "G"
      },
      {
        "state": "WA",
        "price": "120",
        "price_per_unit": "343",
        "price_unit": "G"
      },
      {
        "state": "SA",
        "price": "120",
        "price_per_unit": "343",
        "price_unit": "G"
      },
      {
        "state": "TAS",
        "price": "120",
        "price_per_unit": "343",
        "price_unit": "G"
      },
      {
        "state": "ACT",
        "price": "120",
        "price_per_unit": "343",
        "price_unit": "G"
      },
      {
        "state": "NT",
        "price": "125",
        "price_per_unit": "357",
        "price_unit": "G"
      }
    ]
  },
  {
    "source_url": "https://www.woolworths.com.au/shop/productdetails/433428/continental-classics-soup-homestyle-pumpkin",
    "name": "Continental Classics Soup Homestyle Pumpkin 61g",
    "image_url": "https://cdn1.woolworths.media/content/wowproductimages/large/433428.jpg",
    "source_id": "Woolworths - 433428",
    "barcode": "9300830037452",
    "category_id": "22770",
    "shop": "Woolworths",
    "weight": "100G",
    "prices": [
      {
        "state": "NSW",
        "price": "280",
        "price_per_unit": "459",
        "price_unit": "G"
      },
      {
        "state": "VIC",
        "price": "280",
        "price_per_unit": "459",
        "price_unit": "G"
      },
      {
        "state": "QLD",
        "price": "280",
        "price_per_unit": "459",
        "price_unit": "G"
      },
      {
        "state": "WA",
        "price": "280",
        "price_per_unit": "459",
        "price_unit": "G"
      },
      {
        "state": "SA",
        "price": "280",
        "price_per_unit": "459",
        "price_unit": "G"
      },
      {
        "state": "TAS",
        "price": "280",
        "price_per_unit": "459",
        "price_unit": "G"
      },
      {
        "state": "ACT",
        "price": "280",
        "price_per_unit": "459",
        "price_unit": "G"
      },
      {
        "state": "NT",
        "price": "295",
        "price_per_unit": "484",
        "price_unit": "G"
      }
    ]
  },
  {
    "source_url": "https://www.woolworths.com.au/shop/productdetails/167443/continental-cup-a-soup-asian-thai-red-curry",
    "name": "Continental Cup A Soup Asian Thai Red Curry 30g x 2 Pack",
    "image_url": "https://cdn1.woolworths.media/content/wowproductimages/large/167443.jpg",
    "source_id": "Woolworths - 167443",
    "barcode": "9300667025332",
    "category_id": "22770",
    "shop": "Woolworths",
    "weight": "100G",
    "prices": [
      {
        "state": "NSW",
        "price": "280",
        "price_per_unit": "467",
        "price_unit": "G"
      },
      {
        "state": "VIC",
        "price": "280",
        "price_per_unit": "467",
        "price_unit": "G"
      },
      {
        "state": "QLD",
        "price": "280",
        "price_per_unit": "467",
        "price_unit": "G"
      },
      {
        "state": "WA",
        "price": "280",
        "price_per_unit": "467",
        "price_unit": "G"
      },
      {
        "state": "SA",
        "price": "280",
        "price_per_unit": "467",
        "price_unit": "G"
      },
      {
        "state": "TAS",
        "price": "280",
        "price_per_unit": "467",
        "price_unit": "G"
      },
      {
        "state": "ACT",
        "price": "280",
        "price_per_unit": "467",
        "price_unit": "G"
      },
      {
        "state": "NT",
        "price": "295",
        "price_per_unit": "492",
        "price_unit": "G"
      }
    ]
  },
  {
    "source_url": "https://www.woolworths.com.au/shop/productdetails/32928/continental-cup-a-soup-classic-hearty-beef",
    "name": "Continental Cup a Soup Classic Hearty Beef 4 Pack",
    "image_url": "https://cdn1.woolworths.media/content/wowproductimages/large/032928.jpg",
    "source_id": "Woolworths - 32928",
    "barcode": "9300667400023",
    "category_id": "22770",
    "shop": "Woolworths",
    "weight": "100G",
    "prices": [
      {
        "state": "NSW",
        "price": "300",
        "price_per_unit": "545",
        "price_unit": "G"
      },
      {
        "state": "VIC",
        "price": "300",
        "price_per_unit": "545",
        "price_unit": "G"
      },
      {
        "state": "QLD",
        "price": "300",
        "price_per_unit": "545",
        "price_unit": "G"
      },
      {
        "state": "WA",
        "price": "300",
        "price_per_unit": "545",
        "price_unit": "G"
      },
      {
        "state": "SA",
        "price": "300",
        "price_per_unit": "545",
        "price_unit": "G"
      },
      {
        "state": "TAS",
        "price": "300",
        "price_per_unit": "545",
        "price_unit": "G"
      },
      {
        "state": "ACT",
        "price": "300",
        "price_per_unit": "545",
        "price_unit": "G"
      },
      {
        "state": "NT",
        "price": "300",
        "price_per_unit": "545",
        "price_unit": "G"
      }
    ]
  },
  {
    "source_url": "https://www.woolworths.com.au/shop/productdetails/320302/continental-cup-a-soup-hearty-pea-ham",
    "name": "Continental Cup a Soup Hearty Pea & Ham 2 Pack",
    "image_url": "https://cdn1.woolworths.media/content/wowproductimages/large/320302.jpg",
    "source_id": "Woolworths - 320302",
    "barcode": "9300667042308",
    "category_id": "22770",
    "shop": "Woolworths",
    "weight": "100G",
    "prices": [
      {
        "state": "NSW",
        "price": "280",
        "price_per_unit": "538",
        "price_unit": "G"
      },
      {
        "state": "VIC",
        "price": "280",
        "price_per_unit": "538",
        "price_unit": "G"
      },
      {
        "state": "QLD",
        "price": "280",
        "price_per_unit": "538",
        "price_unit": "G"
      },
      {
        "state": "WA",
        "price": "280",
        "price_per_unit": "538",
        "price_unit": "G"
      },
      {
        "state": "SA",
        "price": "280",
        "price_per_unit": "538",
        "price_unit": "G"
      },
      {
        "state": "TAS",
        "price": "280",
        "price_per_unit": "538",
        "price_unit": "G"
      },
      {
        "state": "ACT",
        "price": "280",
        "price_per_unit": "538",
        "price_unit": "G"
      },
      {
        "state": "NT",
        "price": "295",
        "price_per_unit": "567",
        "price_unit": "G"
      }
    ]
  },
  {
    "source_url": "https://www.woolworths.com.au/shop/productdetails/828452/continental-cup-a-soup-tasty-tomato-2-pack",
    "name": "Continental Cup A Soup Tasty Tomato 2 Pack 54g",
    "image_url": "https://cdn1.woolworths.media/content/wowproductimages/large/828452.jpg",
    "source_id": "Woolworths - 828452",
    "barcode": "9300830024032",
    "category_id": "22770",
    "shop": "Woolworths",
    "weight": "100G",
    "prices": [
      {
        "state": "NSW",
        "price": "280",
        "price_per_unit": "519",
        "price_unit": "G"
      },
      {
        "state": "VIC",
        "price": "280",
        "price_per_unit": "519",
        "price_unit": "G"
      },
      {
        "state": "QLD",
        "price": "280",
        "price_per_unit": "519",
        "price_unit": "G"
      },
      {
        "state": "WA",
        "price": "280",
        "price_per_unit": "519",
        "price_unit": "G"
      },
      {
        "state": "SA",
        "price": "280",
        "price_per_unit": "519",
        "price_unit": "G"
      },
      {
        "state": "TAS",
        "price": "280",
        "price_per_unit": "519",
        "price_unit": "G"
      },
      {
        "state": "ACT",
        "price": "280",
        "price_per_unit": "519",
        "price_unit": "G"
      },
      {
        "state": "NT",
        "price": "295",
        "price_per_unit": "546",
        "price_unit": "G"
      }
    ]
  },
  {
    "source_url": "https://www.woolworths.com.au/shop/productdetails/262727/continental-sensations-aged-cheddar-parmesan-chives-fettuccine",
    "name": "Continental Sensations Aged Cheddar, Parmesan Chives & Fettuccine 66g",
    "image_url": "https://cdn1.woolworths.media/content/wowproductimages/large/262727.jpg",
    "source_id": "Woolworths - 262727",
    "barcode": "9300830078783",
    "category_id": "22770",
    "shop": "Woolworths",
    "weight": "100G",
    "prices": [
      {
        "state": "NSW",
        "price": "350",
        "price_per_unit": "530",
        "price_unit": "G"
      },
      {
        "state": "VIC",
        "price": "350",
        "price_per_unit": "530",
        "price_unit": "G"
      },
      {
        "state": "QLD",
        "price": "350",
        "price_per_unit": "530",
        "price_unit": "G"
      },
      {
        "state": "WA",
        "price": "350",
        "price_per_unit": "530",
        "price_unit": "G"
      },
      {
        "state": "SA",
        "price": "350",
        "price_per_unit": "530",
        "price_unit": "G"
      },
      {
        "state": "TAS",
        "price": "350",
        "price_per_unit": "530",
        "price_unit": "G"
      },
      {
        "state": "ACT",
        "price": "350",
        "price_per_unit": "530",
        "price_unit": "G"
      },
      {
        "state": "NT",
        "price": "370",
        "price_per_unit": "561",
        "price_unit": "G"
      }
    ]
  },
  {
    "source_url": "https://www.woolworths.com.au/shop/productdetails/260690/continental-sensations-spanish-chicken-paella-with-rice",
    "name": "Continental Sensations Spanish Chicken Paella With Rice 61g",
    "image_url": "https://cdn1.woolworths.media/content/wowproductimages/large/260690.jpg",
    "source_id": "Woolworths - 260690",
    "barcode": "9300830078776",
    "category_id": "22770",
    "shop": "Woolworths",
    "weight": "100G",
    "prices": [
      {
        "state": "NSW",
        "price": "350",
        "price_per_unit": "574",
        "price_unit": "G"
      },
      {
        "state": "VIC",
        "price": "350",
        "price_per_unit": "574",
        "price_unit": "G"
      },
      {
        "state": "WA",
        "price": "350",
        "price_per_unit": "574",
        "price_unit": "G"
      },
      {
        "state": "ACT",
        "price": "350",
        "price_per_unit": "574",
        "price_unit": "G"
      },
      {
        "state": "NT",
        "price": "370",
        "price_per_unit": "607",
        "price_unit": "G"
      }
    ]
  },
  {
    "source_url": "https://www.woolworths.com.au/shop/productdetails/263736/continental-sensations-spicy-malaysian-chicken-laksa-with-noodles",
    "name": "Continental Sensations Spicy Malaysian Chicken Laksa With Noodles 62g",
    "image_url": "https://cdn1.woolworths.media/content/wowproductimages/large/263736.jpg",
    "source_id": "Woolworths - 263736",
    "barcode": "9300830078790",
    "category_id": "22770",
    "shop": "Woolworths",
    "weight": "100G",
    "prices": [
      {
        "state": "NSW",
        "price": "350",
        "price_per_unit": "565",
        "price_unit": "G"
      },
      {
        "state": "VIC",
        "price": "350",
        "price_per_unit": "565",
        "price_unit": "G"
      },
      {
        "state": "QLD",
        "price": "350",
        "price_per_unit": "565",
        "price_unit": "G"
      },
      {
        "state": "WA",
        "price": "350",
        "price_per_unit": "565",
        "price_unit": "G"
      },
      {
        "state": "SA",
        "price": "350",
        "price_per_unit": "565",
        "price_unit": "G"
      },
      {
        "state": "TAS",
        "price": "350",
        "price_per_unit": "565",
        "price_unit": "G"
      },
      {
        "state": "ACT",
        "price": "350",
        "price_per_unit": "565",
        "price_unit": "G"
      },
      {
        "state": "NT",
        "price": "370",
        "price_per_unit": "597",
        "price_unit": "G"
      }
    ]
  },
  {
    "source_url": "https://www.woolworths.com.au/shop/productdetails/82711/continental-soup-sensations-cheesy-broccoli-potato-serves-2",
    "name": "Continental Soup Sensations Cheesy Broccoli & Potato Serves 2 56g",
    "image_url": "https://cdn1.woolworths.media/content/wowproductimages/large/082711.jpg",
    "source_id": "Woolworths - 82711",
    "barcode": "9300830057597",
    "category_id": "22770",
    "shop": "Woolworths",
    "weight": "100G",
    "prices": [
      {
        "state": "NSW",
        "price": "350",
        "price_per_unit": "625",
        "price_unit": "G"
      },
      {
        "state": "VIC",
        "price": "350",
        "price_per_unit": "625",
        "price_unit": "G"
      },
      {
        "state": "QLD",
        "price": "350",
        "price_per_unit": "625",
        "price_unit": "G"
      },
      {
        "state": "SA",
        "price": "350",
        "price_per_unit": "625",
        "price_unit": "G"
      },
      {
        "state": "TAS",
        "price": "350",
        "price_per_unit": "625",
        "price_unit": "G"
      },
      {
        "state": "ACT",
        "price": "350",
        "price_per_unit": "625",
        "price_unit": "G"
      },
      {
        "state": "NT",
        "price": "370",
        "price_per_unit": "661",
        "price_unit": "G"
      }
    ]
  },
  {
    "source_url": "https://www.woolworths.com.au/shop/productdetails/82796/continental-soup-sensations-creamy-roast-chicken-spring-onion",
    "name": "Continental Soup Sensations Creamy Roast Chicken & Spring Onion 61g",
    "image_url": "https://cdn1.woolworths.media/content/wowproductimages/large/082796.jpg",
    "source_id": "Woolworths - 82796",
    "barcode": "9300830057573",
    "category_id": "22770",
    "shop": "Woolworths",
    "weight": "100G",
    "prices": [
      {
        "state": "NSW",
        "price": "350",
        "price_per_unit": "574",
        "price_unit": "G"
      },
      {
        "state": "VIC",
        "price": "350",
        "price_per_unit": "574",
        "price_unit": "G"
      },
      {
        "state": "QLD",
        "price": "350",
        "price_per_unit": "574",
        "price_unit": "G"
      },
      {
        "state": "WA",
        "price": "350",
        "price_per_unit": "574",
        "price_unit": "G"
      },
      {
        "state": "SA",
        "price": "350",
        "price_per_unit": "574",
        "price_unit": "G"
      },
      {
        "state": "TAS",
        "price": "350",
        "price_per_unit": "574",
        "price_unit": "G"
      },
      {
        "state": "ACT",
        "price": "350",
        "price_per_unit": "574",
        "price_unit": "G"
      },
      {
        "state": "NT",
        "price": "370",
        "price_per_unit": "607",
        "price_unit": "G"
      }
    ]
  },
  {
    "source_url": "https://www.woolworths.com.au/shop/productdetails/82417/continental-soup-sensations-farmhouse-potato-leek-serves-2",
    "name": "Continental Soup Sensations Farmhouse Potato & Leek Serves 2 60g",
    "image_url": "https://cdn1.woolworths.media/content/wowproductimages/large/082417.jpg",
    "source_id": "Woolworths - 82417",
    "barcode": "9300830057542",
    "category_id": "22770",
    "shop": "Woolworths",
    "weight": "100G",
    "prices": [
      {
        "state": "NSW",
        "price": "350",
        "price_per_unit": "583",
        "price_unit": "G"
      },
      {
        "state": "VIC",
        "price": "350",
        "price_per_unit": "583",
        "price_unit": "G"
      },
      {
        "state": "QLD",
        "price": "350",
        "price_per_unit": "583",
        "price_unit": "G"
      },
      {
        "state": "WA",
        "price": "350",
        "price_per_unit": "583",
        "price_unit": "G"
      },
      {
        "state": "SA",
        "price": "350",
        "price_per_unit": "583",
        "price_unit": "G"
      },
      {
        "state": "TAS",
        "price": "350",
        "price_per_unit": "583",
        "price_unit": "G"
      },
      {
        "state": "ACT",
        "price": "350",
        "price_per_unit": "583",
        "price_unit": "G"
      },
      {
        "state": "NT",
        "price": "370",
        "price_per_unit": "617",
        "price_unit": "G"
      }
    ]
  },
  {
    "source_url": "https://www.woolworths.com.au/shop/productdetails/80788/continental-soup-sensations-garden-cauliflower-four-cheese",
    "name": "Continental Soup Sensations Garden Cauliflower & Four Cheese 31g x 2 pack",
    "image_url": "https://cdn1.woolworths.media/content/wowproductimages/large/080788.jpg",
    "source_id": "Woolworths - 80788",
    "barcode": "9300830057566",
    "category_id": "22770",
    "shop": "Woolworths",
    "weight": "100G",
    "prices": [
      {
        "state": "NSW",
        "price": "350",
        "price_per_unit": "565",
        "price_unit": "G"
      },
      {
        "state": "VIC",
        "price": "350",
        "price_per_unit": "565",
        "price_unit": "G"
      },
      {
        "state": "QLD",
        "price": "350",
        "price_per_unit": "565",
        "price_unit": "G"
      },
      {
        "state": "WA",
        "price": "350",
        "price_per_unit": "565",
        "price_unit": "G"
      },
      {
        "state": "SA",
        "price": "350",
        "price_per_unit": "565",
        "price_unit": "G"
      },
      {
        "state": "TAS",
        "price": "350",
        "price_per_unit": "565",
        "price_unit": "G"
      },
      {
        "state": "ACT",
        "price": "350",
        "price_per_unit": "565",
        "price_unit": "G"
      },
      {
        "state": "NT",
        "price": "370",
        "price_per_unit": "597",
        "price_unit": "G"
      }
    ]
  },
  {
    "source_url": "https://www.woolworths.com.au/shop/productdetails/82418/continental-soup-sensations-harvest-pumpkin-sour-cream-serves-2",
    "name": "Continental Soup Sensations Harvest Pumpkin & Sour Cream Serves 2 70g",
    "image_url": "https://cdn1.woolworths.media/content/wowproductimages/large/082418.jpg",
    "source_id": "Woolworths - 82418",
    "barcode": "9300830057580",
    "category_id": "22770",
    "shop": "Woolworths",
    "weight": "100G",
    "prices": [
      {
        "state": "NSW",
        "price": "350",
        "price_per_unit": "500",
        "price_unit": "G"
      },
      {
        "state": "VIC",
        "price": "350",
        "price_per_unit": "500",
        "price_unit": "G"
      },
      {
        "state": "QLD",
        "price": "350",
        "price_per_unit": "500",
        "price_unit": "G"
      },
      {
        "state": "WA",
        "price": "350",
        "price_per_unit": "500",
        "price_unit": "G"
      },
      {
        "state": "SA",
        "price": "350",
        "price_per_unit": "500",
        "price_unit": "G"
      },
      {
        "state": "TAS",
        "price": "350",
        "price_per_unit": "500",
        "price_unit": "G"
      },
      {
        "state": "ACT",
        "price": "350",
        "price_per_unit": "500",
        "price_unit": "G"
      },
      {
        "state": "NT",
        "price": "370",
        "price_per_unit": "529",
        "price_unit": "G"
      }
    ]
  },
  {
    "source_url": "https://www.woolworths.com.au/shop/productdetails/198740/continental-soup-sensations-mexican-tomato-corn-with-jalapeno-2-serve",
    "name": "Continental Soup Sensations Mexican Tomato & Corn With Jalapeno 2 Serve 55g",
    "image_url": "https://cdn1.woolworths.media/content/wowproductimages/large/198740.jpg",
    "source_id": "Woolworths - 198740",
    "barcode": "9300830070619",
    "category_id": "22770",
    "shop": "Woolworths",
    "weight": "100G",
    "prices": [
      {
        "state": "NSW",
        "price": "350",
        "price_per_unit": "636",
        "price_unit": "G"
      },
      {
        "state": "VIC",
        "price": "350",
        "price_per_unit": "636",
        "price_unit": "G"
      },
      {
        "state": "QLD",
        "price": "350",
        "price_per_unit": "636",
        "price_unit": "G"
      },
      {
        "state": "WA",
        "price": "350",
        "price_per_unit": "636",
        "price_unit": "G"
      },
      {
        "state": "SA",
        "price": "350",
        "price_per_unit": "636",
        "price_unit": "G"
      },
      {
        "state": "TAS",
        "price": "350",
        "price_per_unit": "636",
        "price_unit": "G"
      },
      {
        "state": "ACT",
        "price": "350",
        "price_per_unit": "636",
        "price_unit": "G"
      },
      {
        "state": "NT",
        "price": "370",
        "price_per_unit": "673",
        "price_unit": "G"
      }
    ]
  },
  {
    "source_url": "https://www.woolworths.com.au/shop/productdetails/81497/continental-soup-sensations-mushroom-bacon-serves-2",
    "name": "Continental Soup Sensations Mushroom & Bacon Serves 2 48g",
    "image_url": "https://cdn1.woolworths.media/content/wowproductimages/large/081497.jpg",
    "source_id": "Woolworths - 81497",
    "barcode": "9300830057528",
    "category_id": "22770",
    "shop": "Woolworths",
    "weight": "100G",
    "prices": [
      {
        "state": "NSW",
        "price": "350",
        "price_per_unit": "729",
        "price_unit": "G"
      },
      {
        "state": "VIC",
        "price": "350",
        "price_per_unit": "729",
        "price_unit": "G"
      },
      {
        "state": "QLD",
        "price": "350",
        "price_per_unit": "729",
        "price_unit": "G"
      },
      {
        "state": "WA",
        "price": "350",
        "price_per_unit": "729",
        "price_unit": "G"
      },
      {
        "state": "SA",
        "price": "350",
        "price_per_unit": "729",
        "price_unit": "G"
      },
      {
        "state": "TAS",
        "price": "350",
        "price_per_unit": "729",
        "price_unit": "G"
      },
      {
        "state": "ACT",
        "price": "350",
        "price_per_unit": "729",
        "price_unit": "G"
      },
      {
        "state": "NT",
        "price": "370",
        "price_per_unit": "771",
        "price_unit": "G"
      }
    ]
  },
  {
    "source_url": "https://www.woolworths.com.au/shop/productdetails/81686/continental-soup-sensations-sweet-potato-pumpkin-caramelised-onion",
    "name": "Continental Soup Sensations Sweet Potato Pumpkin & Caramelised Onion 63g",
    "image_url": "https://cdn1.woolworths.media/content/wowproductimages/large/081686.jpg",
    "source_id": "Woolworths - 81686",
    "barcode": "9300830057511",
    "category_id": "22770",
    "shop": "Woolworths",
    "weight": "100G",
    "prices": [
      {
        "state": "NSW",
        "price": "350",
        "price_per_unit": "556",
        "price_unit": "G"
      },
      {
        "state": "VIC",
        "price": "350",
        "price_per_unit": "556",
        "price_unit": "G"
      },
      {
        "state": "QLD",
        "price": "350",
        "price_per_unit": "556",
        "price_unit": "G"
      },
      {
        "state": "WA",
        "price": "350",
        "price_per_unit": "556",
        "price_unit": "G"
      },
      {
        "state": "SA",
        "price": "350",
        "price_per_unit": "556",
        "price_unit": "G"
      },
      {
        "state": "TAS",
        "price": "350",
        "price_per_unit": "556",
        "price_unit": "G"
      },
      {
        "state": "ACT",
        "price": "350",
        "price_per_unit": "556",
        "price_unit": "G"
      },
      {
        "state": "NT",
        "price": "370",
        "price_per_unit": "587",
        "price_unit": "G"
      }
    ]
  },
  {
    "source_url": "https://www.woolworths.com.au/shop/productdetails/199453/continental-soup-sensations-vietnamese-chicken-shiitake-mushroom",
    "name": "Continental Soup Sensations Vietnamese Chicken & Shiitake Mushroom 40g",
    "image_url": "https://cdn1.woolworths.media/content/wowproductimages/large/199453.jpg",
    "source_id": "Woolworths - 199453",
    "barcode": "9300830070633",
    "category_id": "22770",
    "shop": "Woolworths",
    "weight": "100G",
    "prices": [
      {
        "state": "NSW",
        "price": "350",
        "price_per_unit": "875",
        "price_unit": "G"
      },
      {
        "state": "VIC",
        "price": "350",
        "price_per_unit": "875",
        "price_unit": "G"
      },
      {
        "state": "QLD",
        "price": "350",
        "price_per_unit": "875",
        "price_unit": "G"
      },
      {
        "state": "WA",
        "price": "350",
        "price_per_unit": "875",
        "price_unit": "G"
      },
      {
        "state": "SA",
        "price": "350",
        "price_per_unit": "875",
        "price_unit": "G"
      },
      {
        "state": "TAS",
        "price": "350",
        "price_per_unit": "875",
        "price_unit": "G"
      },
      {
        "state": "ACT",
        "price": "350",
        "price_per_unit": "875",
        "price_unit": "G"
      },
      {
        "state": "NT",
        "price": "370",
        "price_per_unit": "925",
        "price_unit": "G"
      }
    ]
  },
  {
    "source_url": "https://www.woolworths.com.au/shop/productdetails/82852/continental-soup-sensations-vine-ripened-tomato-ricotta-serves-2",
    "name": "Continental Soup Sensations Vine Ripened Tomato & Ricotta Serves 2 54g",
    "image_url": "https://cdn1.woolworths.media/content/wowproductimages/large/082852.jpg",
    "source_id": "Woolworths - 82852",
    "barcode": "9300830057559",
    "category_id": "22770",
    "shop": "Woolworths",
    "weight": "100G",
    "prices": [
      {
        "state": "NSW",
        "price": "350",
        "price_per_unit": "648",
        "price_unit": "G"
      },
      {
        "state": "VIC",
        "price": "350",
        "price_per_unit": "648",
        "price_unit": "G"
      },
      {
        "state": "QLD",
        "price": "350",
        "price_per_unit": "648",
        "price_unit": "G"
      },
      {
        "state": "WA",
        "price": "350",
        "price_per_unit": "648",
        "price_unit": "G"
      },
      {
        "state": "SA",
        "price": "350",
        "price_per_unit": "648",
        "price_unit": "G"
      },
      {
        "state": "TAS",
        "price": "350",
        "price_per_unit": "648",
        "price_unit": "G"
      },
      {
        "state": "ACT",
        "price": "350",
        "price_per_unit": "648",
        "price_unit": "G"
      },
      {
        "state": "NT",
        "price": "370",
        "price_per_unit": "685",
        "price_unit": "G"
      }
    ]
  },
  {
    "source_url": "https://www.woolworths.com.au/shop/productdetails/37613/essentials-packet-soup-mix-chicken-noodle",
    "name": "Essentials Packet Soup Mix Chicken Noodle 50g",
    "image_url": "https://cdn1.woolworths.media/content/wowproductimages/large/037613.jpg",
    "source_id": "Woolworths - 37613",
    "barcode": "9300633376130",
    "category_id": "22770",
    "shop": "Woolworths",
    "weight": "100G",
    "prices": [
      {
        "state": "NSW",
        "price": "55",
        "price_per_unit": "110",
        "price_unit": "G"
      },
      {
        "state": "VIC",
        "price": "55",
        "price_per_unit": "110",
        "price_unit": "G"
      },
      {
        "state": "QLD",
        "price": "55",
        "price_per_unit": "110",
        "price_unit": "G"
      },
      {
        "state": "WA",
        "price": "55",
        "price_per_unit": "110",
        "price_unit": "G"
      },
      {
        "state": "SA",
        "price": "55",
        "price_per_unit": "110",
        "price_unit": "G"
      },
      {
        "state": "TAS",
        "price": "55",
        "price_per_unit": "110",
        "price_unit": "G"
      },
      {
        "state": "ACT",
        "price": "55",
        "price_per_unit": "110",
        "price_unit": "G"
      },
      {
        "state": "NT",
        "price": "55",
        "price_per_unit": "110",
        "price_unit": "G"
      }
    ]
  },
  {
    "source_url": "https://www.woolworths.com.au/shop/productdetails/94699/essentials-packet-soup-mix-french-onion",
    "name": "Essentials Packet Soup Mix French Onion 40g",
    "image_url": "https://cdn1.woolworths.media/content/wowproductimages/large/094699.jpg",
    "source_id": "Woolworths - 94699",
    "barcode": "9300633946999",
    "category_id": "22770",
    "shop": "Woolworths",
    "weight": "100G",
    "prices": [
      {
        "state": "NSW",
        "price": "55",
        "price_per_unit": "138",
        "price_unit": "G"
      },
      {
        "state": "VIC",
        "price": "55",
        "price_per_unit": "138",
        "price_unit": "G"
      },
      {
        "state": "QLD",
        "price": "55",
        "price_per_unit": "138",
        "price_unit": "G"
      },
      {
        "state": "WA",
        "price": "55",
        "price_per_unit": "138",
        "price_unit": "G"
      },
      {
        "state": "SA",
        "price": "55",
        "price_per_unit": "138",
        "price_unit": "G"
      },
      {
        "state": "TAS",
        "price": "55",
        "price_per_unit": "138",
        "price_unit": "G"
      },
      {
        "state": "ACT",
        "price": "55",
        "price_per_unit": "138",
        "price_unit": "G"
      },
      {
        "state": "NT",
        "price": "55",
        "price_per_unit": "138",
        "price_unit": "G"
      }
    ]
  },
  {
    "source_url": "https://www.woolworths.com.au/shop/productdetails/503593/f-whitlock-sons-smokey-chipotle-corn-chowder-soup",
    "name": "F. Whitlock & Sons Smokey Chipotle Corn Chowder Soup 420g",
    "image_url": "https://cdn1.woolworths.media/content/wowproductimages/large/503593.jpg",
    "source_id": "Woolworths - 503593",
    "barcode": "9300657295097",
    "category_id": "22770",
    "shop": "Woolworths",
    "weight": "100G",
    "prices": [
      {
        "state": "NSW",
        "price": "200",
        "price_per_unit": "48",
        "price_unit": "G"
      },
      {
        "state": "VIC",
        "price": "200",
        "price_per_unit": "48",
        "price_unit": "G"
      },
      {
        "state": "QLD",
        "price": "200",
        "price_per_unit": "48",
        "price_unit": "G"
      },
      {
        "state": "WA",
        "price": "200",
        "price_per_unit": "48",
        "price_unit": "G"
      },
      {
        "state": "SA",
        "price": "200",
        "price_per_unit": "48",
        "price_unit": "G"
      },
      {
        "state": "TAS",
        "price": "200",
        "price_per_unit": "48",
        "price_unit": "G"
      },
      {
        "state": "ACT",
        "price": "200",
        "price_per_unit": "48",
        "price_unit": "G"
      },
      {
        "state": "NT",
        "price": "200",
        "price_per_unit": "48",
        "price_unit": "G"
      }
    ]
  },
  {
    "source_url": "https://www.woolworths.com.au/shop/productdetails/505463/f-whitlock-sons-f-whitlock-sons-brazen-beef-brisket-soup",
    "name": "F.Whitlock & Sons Brazen Beef Brisket Soup 420g",
    "image_url": "https://cdn1.woolworths.media/content/wowproductimages/large/505463.jpg",
    "source_id": "Woolworths - 505463",
    "barcode": "9300657295103",
    "category_id": "22770",
    "shop": "Woolworths",
    "weight": "100G",
    "prices": [
      {
        "state": "NSW",
        "price": "200",
        "price_per_unit": "48",
        "price_unit": "G"
      },
      {
        "state": "VIC",
        "price": "200",
        "price_per_unit": "48",
        "price_unit": "G"
      },
      {
        "state": "QLD",
        "price": "200",
        "price_per_unit": "48",
        "price_unit": "G"
      },
      {
        "state": "WA",
        "price": "200",
        "price_per_unit": "48",
        "price_unit": "G"
      },
      {
        "state": "SA",
        "price": "200",
        "price_per_unit": "48",
        "price_unit": "G"
      },
      {
        "state": "TAS",
        "price": "200",
        "price_per_unit": "48",
        "price_unit": "G"
      },
      {
        "state": "ACT",
        "price": "200",
        "price_per_unit": "48",
        "price_unit": "G"
      },
      {
        "state": "NT",
        "price": "200",
        "price_per_unit": "48",
        "price_unit": "G"
      }
    ]
  },
  {
    "source_url": "https://www.woolworths.com.au/shop/productdetails/647691/fodmapped-for-you-roasted-pumpkin-sage-soup",
    "name": "Fodmapped For You Roasted Pumpkin & Sage Soup 500G",
    "image_url": "https://cdn1.woolworths.media/content/wowproductimages/large/647691.jpg",
    "source_id": "Woolworths - 647691",
    "barcode": "9345625001133",
    "category_id": "22770",
    "shop": "Woolworths",
    "weight": "100G",
    "prices": [
      {
        "state": "NSW",
        "price": "890",
        "price_per_unit": "178",
        "price_unit": "G"
      },
      {
        "state": "VIC",
        "price": "890",
        "price_per_unit": "178",
        "price_unit": "G"
      },
      {
        "state": "QLD",
        "price": "890",
        "price_per_unit": "178",
        "price_unit": "G"
      },
      {
        "state": "WA",
        "price": "890",
        "price_per_unit": "178",
        "price_unit": "G"
      },
      {
        "state": "SA",
        "price": "890",
        "price_per_unit": "178",
        "price_unit": "G"
      },
      {
        "state": "TAS",
        "price": "890",
        "price_per_unit": "178",
        "price_unit": "G"
      },
      {
        "state": "ACT",
        "price": "890",
        "price_per_unit": "178",
        "price_unit": "G"
      },
      {
        "state": "NT",
        "price": "890",
        "price_per_unit": "178",
        "price_unit": "G"
      }
    ]
  },
  {
    "source_url": "https://www.woolworths.com.au/shop/productdetails/676576/hart-soul-all-natural-pho-soup-cup",
    "name": "Hart & Soul All Natural Pho Soup Cup 100g",
    "image_url": "https://cdn1.woolworths.media/content/wowproductimages/large/676576.jpg",
    "source_id": "Woolworths - 676576",
    "barcode": "9350007001311",
    "category_id": "22770",
    "shop": "Woolworths",
    "weight": "100G",
    "prices": [
      {
        "state": "NSW",
        "price": "200",
        "price_per_unit": "200",
        "price_unit": "G"
      },
      {
        "state": "VIC",
        "price": "200",
        "price_per_unit": "200",
        "price_unit": "G"
      },
      {
        "state": "QLD",
        "price": "200",
        "price_per_unit": "200",
        "price_unit": "G"
      },
      {
        "state": "WA",
        "price": "200",
        "price_per_unit": "200",
        "price_unit": "G"
      },
      {
        "state": "SA",
        "price": "200",
        "price_per_unit": "200",
        "price_unit": "G"
      },
      {
        "state": "TAS",
        "price": "200",
        "price_per_unit": "200",
        "price_unit": "G"
      },
      {
        "state": "ACT",
        "price": "200",
        "price_per_unit": "200",
        "price_unit": "G"
      },
      {
        "state": "NT",
        "price": "210",
        "price_per_unit": "210",
        "price_unit": "G"
      }
    ]
  },
  {
    "source_url": "https://www.woolworths.com.au/shop/productdetails/676579/hart-soul-all-natural-tom-yum-soup-cup",
    "name": "Hart & Soul All Natural Tom Yum Soup Cup 100g",
    "image_url": "https://cdn1.woolworths.media/content/wowproductimages/large/676579.jpg",
    "source_id": "Woolworths - 676579",
    "barcode": "9350007001335",
    "category_id": "22770",
    "shop": "Woolworths",
    "weight": "100G",
    "prices": [
      {
        "state": "NSW",
        "price": "200",
        "price_per_unit": "200",
        "price_unit": "G"
      },
      {
        "state": "VIC",
        "price": "200",
        "price_per_unit": "200",
        "price_unit": "G"
      },
      {
        "state": "QLD",
        "price": "200",
        "price_per_unit": "200",
        "price_unit": "G"
      },
      {
        "state": "WA",
        "price": "200",
        "price_per_unit": "200",
        "price_unit": "G"
      },
      {
        "state": "SA",
        "price": "200",
        "price_per_unit": "200",
        "price_unit": "G"
      },
      {
        "state": "TAS",
        "price": "200",
        "price_per_unit": "200",
        "price_unit": "G"
      },
      {
        "state": "ACT",
        "price": "200",
        "price_per_unit": "200",
        "price_unit": "G"
      },
      {
        "state": "NT",
        "price": "210",
        "price_per_unit": "210",
        "price_unit": "G"
      }
    ]
  },
  {
    "source_url": "https://www.woolworths.com.au/shop/productdetails/676610/hart-soul-all-natural-wonton-soup-cup",
    "name": "Hart & Soul All Natural Wonton Soup Cup 100g",
    "image_url": "https://cdn1.woolworths.media/content/wowproductimages/large/676610.jpg",
    "source_id": "Woolworths - 676610",
    "barcode": "9350007001328",
    "category_id": "22770",
    "shop": "Woolworths",
    "weight": "100G",
    "prices": [
      {
        "state": "NSW",
        "price": "200",
        "price_per_unit": "200",
        "price_unit": "G"
      },
      {
        "state": "VIC",
        "price": "200",
        "price_per_unit": "200",
        "price_unit": "G"
      },
      {
        "state": "QLD",
        "price": "200",
        "price_per_unit": "200",
        "price_unit": "G"
      },
      {
        "state": "WA",
        "price": "200",
        "price_per_unit": "200",
        "price_unit": "G"
      },
      {
        "state": "SA",
        "price": "200",
        "price_per_unit": "200",
        "price_unit": "G"
      },
      {
        "state": "TAS",
        "price": "200",
        "price_per_unit": "200",
        "price_unit": "G"
      },
      {
        "state": "ACT",
        "price": "200",
        "price_per_unit": "200",
        "price_unit": "G"
      },
      {
        "state": "NT",
        "price": "210",
        "price_per_unit": "210",
        "price_unit": "G"
      }
    ]
  },
  {
    "source_url": "https://www.woolworths.com.au/shop/productdetails/845116/hart-soul-chicken-noodle-soup-pouch",
    "name": "Hart & Soul Chicken Noodle Soup Pouch 100g",
    "image_url": "https://cdn1.woolworths.media/content/wowproductimages/large/845116.jpg",
    "source_id": "Woolworths - 845116",
    "barcode": "9350007001076",
    "category_id": "22770",
    "shop": "Woolworths",
    "weight": "100G",
    "prices": [
      {
        "state": "NSW",
        "price": "200",
        "price_per_unit": "200",
        "price_unit": "G"
      },
      {
        "state": "VIC",
        "price": "200",
        "price_per_unit": "200",
        "price_unit": "G"
      },
      {
        "state": "QLD",
        "price": "200",
        "price_per_unit": "200",
        "price_unit": "G"
      },
      {
        "state": "WA",
        "price": "200",
        "price_per_unit": "200",
        "price_unit": "G"
      },
      {
        "state": "SA",
        "price": "200",
        "price_per_unit": "200",
        "price_unit": "G"
      },
      {
        "state": "TAS",
        "price": "200",
        "price_per_unit": "200",
        "price_unit": "G"
      },
      {
        "state": "ACT",
        "price": "200",
        "price_per_unit": "200",
        "price_unit": "G"
      },
      {
        "state": "NT",
        "price": "210",
        "price_per_unit": "210",
        "price_unit": "G"
      }
    ]
  },
  {
    "source_url": "https://www.woolworths.com.au/shop/productdetails/167626/heinz-big-n-chunky-beef-vegetable-soup-veggie-ready-meals",
    "name": "Heinz Big n Chunky Beef & Vegetable Soup Veggie Ready Meals 535g",
    "image_url": "https://cdn1.woolworths.media/content/wowproductimages/large/167626.jpg",
    "source_id": "Woolworths - 167626",
    "barcode": "9400547030439",
    "category_id": "22770",
    "shop": "Woolworths",
    "weight": "100G",
    "prices": [
      {
        "state": "NSW",
        "price": "440",
        "price_per_unit": "82",
        "price_unit": "G"
      },
      {
        "state": "VIC",
        "price": "440",
        "price_per_unit": "82",
        "price_unit": "G"
      },
      {
        "state": "QLD",
        "price": "440",
        "price_per_unit": "82",
        "price_unit": "G"
      },
      {
        "state": "WA",
        "price": "400",
        "price_per_unit": "75",
        "price_unit": "G"
      },
      {
        "state": "SA",
        "price": "440",
        "price_per_unit": "82",
        "price_unit": "G"
      },
      {
        "state": "TAS",
        "price": "440",
        "price_per_unit": "82",
        "price_unit": "G"
      },
      {
        "state": "ACT",
        "price": "440",
        "price_per_unit": "82",
        "price_unit": "G"
      },
      {
        "state": "NT",
        "price": "460",
        "price_per_unit": "86",
        "price_unit": "G"
      }
    ]
  },
  {
    "source_url": "https://www.woolworths.com.au/shop/productdetails/34331/heinz-big-red-condensed-tomato-soup-big-red-tomato",
    "name": "Heinz Big Red Condensed Tomato Soup 420g",
    "image_url": "https://cdn1.woolworths.media/content/wowproductimages/large/034331.jpg",
    "source_id": "Woolworths - 34331",
    "barcode": "9300657005009",
    "category_id": "22770",
    "shop": "Woolworths",
    "weight": "100G",
    "prices": [
      {
        "state": "NSW",
        "price": "250",
        "price_per_unit": "60",
        "price_unit": "G"
      },
      {
        "state": "VIC",
        "price": "250",
        "price_per_unit": "60",
        "price_unit": "G"
      },
      {
        "state": "QLD",
        "price": "250",
        "price_per_unit": "60",
        "price_unit": "G"
      },
      {
        "state": "WA",
        "price": "250",
        "price_per_unit": "60",
        "price_unit": "G"
      },
      {
        "state": "SA",
        "price": "250",
        "price_per_unit": "60",
        "price_unit": "G"
      },
      {
        "state": "TAS",
        "price": "250",
        "price_per_unit": "60",
        "price_unit": "G"
      },
      {
        "state": "ACT",
        "price": "250",
        "price_per_unit": "60",
        "price_unit": "G"
      },
      {
        "state": "NT",
        "price": "265",
        "price_per_unit": "63",
        "price_unit": "G"
      }
    ]
  },
  {
    "source_url": "https://www.woolworths.com.au/shop/productdetails/79077/heinz-big-red-salt-reduced-condensed-tomato-soup",
    "name": "Heinz Big Red Salt Reduced Condensed Tomato Soup 420g",
    "image_url": "https://cdn1.woolworths.media/content/wowproductimages/large/079077.jpg",
    "source_id": "Woolworths - 79077",
    "barcode": "9300657006075",
    "category_id": "22770",
    "shop": "Woolworths",
    "weight": "100G",
    "prices": [
      {
        "state": "NSW",
        "price": "250",
        "price_per_unit": "60",
        "price_unit": "G"
      },
      {
        "state": "VIC",
        "price": "250",
        "price_per_unit": "60",
        "price_unit": "G"
      },
      {
        "state": "QLD",
        "price": "250",
        "price_per_unit": "60",
        "price_unit": "G"
      },
      {
        "state": "WA",
        "price": "250",
        "price_per_unit": "60",
        "price_unit": "G"
      },
      {
        "state": "SA",
        "price": "250",
        "price_per_unit": "60",
        "price_unit": "G"
      },
      {
        "state": "TAS",
        "price": "250",
        "price_per_unit": "60",
        "price_unit": "G"
      },
      {
        "state": "ACT",
        "price": "250",
        "price_per_unit": "60",
        "price_unit": "G"
      },
      {
        "state": "NT",
        "price": "265",
        "price_per_unit": "63",
        "price_unit": "G"
      }
    ]
  },
  {
    "source_url": "https://www.woolworths.com.au/shop/productdetails/14615/heinz-big-red-tomato-soup-for-one-tomato",
    "name": "Heinz Big Red Tomato Soup For One 300g",
    "image_url": "https://cdn1.woolworths.media/content/wowproductimages/large/014615.jpg",
    "source_id": "Woolworths - 14615",
    "barcode": "9300657014537",
    "category_id": "22770",
    "shop": "Woolworths",
    "weight": "100G",
    "prices": [
      {
        "state": "NSW",
        "price": "230",
        "price_per_unit": "77",
        "price_unit": "G"
      },
      {
        "state": "VIC",
        "price": "230",
        "price_per_unit": "77",
        "price_unit": "G"
      },
      {
        "state": "QLD",
        "price": "230",
        "price_per_unit": "77",
        "price_unit": "G"
      },
      {
        "state": "WA",
        "price": "230",
        "price_per_unit": "77",
        "price_unit": "G"
      },
      {
        "state": "SA",
        "price": "230",
        "price_per_unit": "77",
        "price_unit": "G"
      },
      {
        "state": "TAS",
        "price": "230",
        "price_per_unit": "77",
        "price_unit": "G"
      },
      {
        "state": "ACT",
        "price": "230",
        "price_per_unit": "77",
        "price_unit": "G"
      },
      {
        "state": "NT",
        "price": "245",
        "price_per_unit": "82",
        "price_unit": "G"
      }
    ]
  },
  {
    "source_url": "https://www.woolworths.com.au/shop/productdetails/19145/heinz-classic-creamy-pumpkin-soup-canned-vegetable-soup",
    "name": "Heinz Classic Creamy Pumpkin Soup Canned Vegetable Soup 535g",
    "image_url": "https://cdn1.woolworths.media/content/wowproductimages/large/019145.jpg",
    "source_id": "Woolworths - 19145",
    "barcode": "9400547020553",
    "category_id": "22770",
    "shop": "Woolworths",
    "weight": "100G",
    "prices": [
      {
        "state": "NSW",
        "price": "440",
        "price_per_unit": "82",
        "price_unit": "G"
      },
      {
        "state": "VIC",
        "price": "440",
        "price_per_unit": "82",
        "price_unit": "G"
      },
      {
        "state": "QLD",
        "price": "440",
        "price_per_unit": "82",
        "price_unit": "G"
      },
      {
        "state": "WA",
        "price": "440",
        "price_per_unit": "82",
        "price_unit": "G"
      },
      {
        "state": "SA",
        "price": "440",
        "price_per_unit": "82",
        "price_unit": "G"
      },
      {
        "state": "TAS",
        "price": "440",
        "price_per_unit": "82",
        "price_unit": "G"
      },
      {
        "state": "ACT",
        "price": "440",
        "price_per_unit": "82",
        "price_unit": "G"
      },
      {
        "state": "NT",
        "price": "460",
        "price_per_unit": "86",
        "price_unit": "G"
      }
    ]
  },
  {
    "source_url": "https://www.woolworths.com.au/shop/productdetails/828496/heinz-classic-creamy-tomato-soup-canned-vegetable-soup",
    "name": "Heinz Classic Creamy Tomato Soup Canned Vegetable Soup 535g",
    "image_url": "https://cdn1.woolworths.media/content/wowproductimages/large/828496.jpg",
    "source_id": "Woolworths - 828496",
    "barcode": "9300657234430",
    "category_id": "22770",
    "shop": "Woolworths",
    "weight": "100G",
    "prices": [
      {
        "state": "NSW",
        "price": "440",
        "price_per_unit": "82",
        "price_unit": "G"
      },
      {
        "state": "VIC",
        "price": "440",
        "price_per_unit": "82",
        "price_unit": "G"
      },
      {
        "state": "QLD",
        "price": "440",
        "price_per_unit": "82",
        "price_unit": "G"
      },
      {
        "state": "WA",
        "price": "440",
        "price_per_unit": "82",
        "price_unit": "G"
      },
      {
        "state": "SA",
        "price": "440",
        "price_per_unit": "82",
        "price_unit": "G"
      },
      {
        "state": "TAS",
        "price": "440",
        "price_per_unit": "82",
        "price_unit": "G"
      },
      {
        "state": "ACT",
        "price": "440",
        "price_per_unit": "82",
        "price_unit": "G"
      },
      {
        "state": "NT",
        "price": "460",
        "price_per_unit": "86",
        "price_unit": "G"
      }
    ]
  },
  {
    "source_url": "https://www.woolworths.com.au/shop/productdetails/750512/heinz-classic-hearty-vegetable-soup-canned-ready-meals",
    "name": "Heinz Classic Hearty Vegetable Soup Canned Ready Meals 535g",
    "image_url": "https://cdn1.woolworths.media/content/wowproductimages/large/750512.jpg",
    "source_id": "Woolworths - 750512",
    "barcode": "9300657036041",
    "category_id": "22770",
    "shop": "Woolworths",
    "weight": "100G",
    "prices": [
      {
        "state": "NSW",
        "price": "440",
        "price_per_unit": "82",
        "price_unit": "G"
      },
      {
        "state": "VIC",
        "price": "440",
        "price_per_unit": "82",
        "price_unit": "G"
      },
      {
        "state": "QLD",
        "price": "440",
        "price_per_unit": "82",
        "price_unit": "G"
      },
      {
        "state": "WA",
        "price": "440",
        "price_per_unit": "82",
        "price_unit": "G"
      },
      {
        "state": "SA",
        "price": "440",
        "price_per_unit": "82",
        "price_unit": "G"
      },
      {
        "state": "TAS",
        "price": "440",
        "price_per_unit": "82",
        "price_unit": "G"
      },
      {
        "state": "ACT",
        "price": "440",
        "price_per_unit": "82",
        "price_unit": "G"
      },
      {
        "state": "NT",
        "price": "460",
        "price_per_unit": "86",
        "price_unit": "G"
      }
    ]
  },
  {
    "source_url": "https://www.woolworths.com.au/shop/productdetails/113792/heinz-classic-italian-minestrone-soup",
    "name": "Heinz Classic Italian Minestrone Soup 535g",
    "image_url": "https://cdn1.woolworths.media/content/wowproductimages/large/113792.jpg",
    "source_id": "Woolworths - 113792",
    "barcode": "9400544011073",
    "category_id": "22770",
    "shop": "Woolworths",
    "weight": "100G",
    "prices": [
      {
        "state": "NSW",
        "price": "440",
        "price_per_unit": "82",
        "price_unit": "G"
      },
      {
        "state": "VIC",
        "price": "440",
        "price_per_unit": "82",
        "price_unit": "G"
      },
      {
        "state": "QLD",
        "price": "440",
        "price_per_unit": "82",
        "price_unit": "G"
      },
      {
        "state": "WA",
        "price": "440",
        "price_per_unit": "82",
        "price_unit": "G"
      },
      {
        "state": "SA",
        "price": "440",
        "price_per_unit": "82",
        "price_unit": "G"
      },
      {
        "state": "TAS",
        "price": "440",
        "price_per_unit": "82",
        "price_unit": "G"
      },
      {
        "state": "ACT",
        "price": "440",
        "price_per_unit": "82",
        "price_unit": "G"
      },
      {
        "state": "NT",
        "price": "460",
        "price_per_unit": "86",
        "price_unit": "G"
      }
    ]
  },
  {
    "source_url": "https://www.woolworths.com.au/shop/productdetails/18161/heinz-creamy-tomato-soup-for-one-creamy-tomato",
    "name": "Heinz Creamy Tomato Soup For One 300g",
    "image_url": "https://cdn1.woolworths.media/content/wowproductimages/large/018161.jpg",
    "source_id": "Woolworths - 18161",
    "barcode": "9300657014575",
    "category_id": "22770",
    "shop": "Woolworths",
    "weight": "100G",
    "prices": [
      {
        "state": "NSW",
        "price": "230",
        "price_per_unit": "77",
        "price_unit": "G"
      },
      {
        "state": "VIC",
        "price": "230",
        "price_per_unit": "77",
        "price_unit": "G"
      },
      {
        "state": "QLD",
        "price": "230",
        "price_per_unit": "77",
        "price_unit": "G"
      },
      {
        "state": "WA",
        "price": "230",
        "price_per_unit": "77",
        "price_unit": "G"
      },
      {
        "state": "SA",
        "price": "230",
        "price_per_unit": "77",
        "price_unit": "G"
      },
      {
        "state": "TAS",
        "price": "230",
        "price_per_unit": "77",
        "price_unit": "G"
      },
      {
        "state": "ACT",
        "price": "230",
        "price_per_unit": "77",
        "price_unit": "G"
      },
      {
        "state": "NT",
        "price": "245",
        "price_per_unit": "82",
        "price_unit": "G"
      }
    ]
  },
  {
    "source_url": "https://www.woolworths.com.au/shop/productdetails/828492/heinz-soup-of-the-day-7-veg-with-garden-herbs-soup-pouch",
    "name": "Heinz Soup Of The Day 7 Veg With Garden Herbs Soup Pouch 430g",
    "image_url": "https://cdn1.woolworths.media/content/wowproductimages/large/828492.jpg",
    "source_id": "Woolworths - 828492",
    "barcode": "9300657236946",
    "category_id": "22770",
    "shop": "Woolworths",
    "weight": "100G",
    "prices": [
      {
        "state": "NSW",
        "price": "450",
        "price_per_unit": "105",
        "price_unit": "G"
      },
      {
        "state": "VIC",
        "price": "450",
        "price_per_unit": "105",
        "price_unit": "G"
      },
      {
        "state": "QLD",
        "price": "450",
        "price_per_unit": "105",
        "price_unit": "G"
      },
      {
        "state": "WA",
        "price": "450",
        "price_per_unit": "105",
        "price_unit": "G"
      },
      {
        "state": "SA",
        "price": "450",
        "price_per_unit": "105",
        "price_unit": "G"
      },
      {
        "state": "TAS",
        "price": "450",
        "price_per_unit": "105",
        "price_unit": "G"
      },
      {
        "state": "ACT",
        "price": "450",
        "price_per_unit": "105",
        "price_unit": "G"
      },
      {
        "state": "NT",
        "price": "475",
        "price_per_unit": "110",
        "price_unit": "G"
      }
    ]
  },
  {
    "source_url": "https://www.woolworths.com.au/shop/productdetails/750514/heinz-soup-of-the-day-old-fashioned-chicken-soup-pouch",
    "name": "Heinz Soup Of The Day Old Fashioned Chicken Soup Pouch 430g",
    "image_url": "https://cdn1.woolworths.media/content/wowproductimages/large/750514.jpg",
    "source_id": "Woolworths - 750514",
    "barcode": "9300657236816",
    "category_id": "22770",
    "shop": "Woolworths",
    "weight": "100G",
    "prices": [
      {
        "state": "NSW",
        "price": "450",
        "price_per_unit": "105",
        "price_unit": "G"
      },
      {
        "state": "VIC",
        "price": "450",
        "price_per_unit": "105",
        "price_unit": "G"
      },
      {
        "state": "QLD",
        "price": "450",
        "price_per_unit": "105",
        "price_unit": "G"
      },
      {
        "state": "WA",
        "price": "450",
        "price_per_unit": "105",
        "price_unit": "G"
      },
      {
        "state": "SA",
        "price": "450",
        "price_per_unit": "105",
        "price_unit": "G"
      },
      {
        "state": "TAS",
        "price": "450",
        "price_per_unit": "105",
        "price_unit": "G"
      },
      {
        "state": "ACT",
        "price": "450",
        "price_per_unit": "105",
        "price_unit": "G"
      },
      {
        "state": "NT",
        "price": "475",
        "price_per_unit": "110",
        "price_unit": "G"
      }
    ]
  },
  {
    "source_url": "https://www.woolworths.com.au/shop/productdetails/227119/only-organic-boost-soup-pumpkin-red-lentils-coconut-turmeric",
    "name": "Only Organic Boost Soup Pumpkin Red Lentils Coconut & Turmeric 320g",
    "image_url": "https://cdn1.woolworths.media/content/wowproductimages/large/227119.jpg",
    "source_id": "Woolworths - 227119",
    "barcode": "9403145305503",
    "category_id": "22770",
    "shop": "Woolworths",
    "weight": "100G",
    "prices": [
      {
        "state": "NSW",
        "price": "500",
        "price_per_unit": "156",
        "price_unit": "G"
      },
      {
        "state": "VIC",
        "price": "500",
        "price_per_unit": "156",
        "price_unit": "G"
      },
      {
        "state": "QLD",
        "price": "500",
        "price_per_unit": "156",
        "price_unit": "G"
      },
      {
        "state": "WA",
        "price": "500",
        "price_per_unit": "156",
        "price_unit": "G"
      },
      {
        "state": "SA",
        "price": "500",
        "price_per_unit": "156",
        "price_unit": "G"
      },
      {
        "state": "TAS",
        "price": "500",
        "price_per_unit": "156",
        "price_unit": "G"
      },
      {
        "state": "ACT",
        "price": "500",
        "price_per_unit": "156",
        "price_unit": "G"
      },
      {
        "state": "NT",
        "price": "525",
        "price_per_unit": "164",
        "price_unit": "G"
      }
    ]
  },
  {
    "source_url": "https://www.woolworths.com.au/shop/productdetails/262725/only-organic-comfort-soup-free-range-chicken-sweetcorn-flaxseed",
    "name": "Only Organic Comfort Soup Free-Range Chicken Sweetcorn & Flaxseed 320g",
    "image_url": "https://cdn1.woolworths.media/content/wowproductimages/large/262725.jpg",
    "source_id": "Woolworths - 262725",
    "barcode": "9403145305510",
    "category_id": "22770",
    "shop": "Woolworths",
    "weight": "100G",
    "prices": [
      {
        "state": "NSW",
        "price": "500",
        "price_per_unit": "156",
        "price_unit": "G"
      },
      {
        "state": "VIC",
        "price": "500",
        "price_per_unit": "156",
        "price_unit": "G"
      },
      {
        "state": "QLD",
        "price": "500",
        "price_per_unit": "156",
        "price_unit": "G"
      },
      {
        "state": "WA",
        "price": "500",
        "price_per_unit": "156",
        "price_unit": "G"
      },
      {
        "state": "SA",
        "price": "500",
        "price_per_unit": "156",
        "price_unit": "G"
      },
      {
        "state": "TAS",
        "price": "500",
        "price_per_unit": "156",
        "price_unit": "G"
      },
      {
        "state": "ACT",
        "price": "500",
        "price_per_unit": "156",
        "price_unit": "G"
      },
      {
        "state": "NT",
        "price": "525",
        "price_per_unit": "164",
        "price_unit": "G"
      }
    ]
  },
  {
    "source_url": "https://www.woolworths.com.au/shop/productdetails/228350/only-organic-nourish-soup-tomato-capsicum-potato-wild-rice",
    "name": "Only Organic Nourish Soup Tomato Capsicum Potato & Wild Rice 320g",
    "image_url": "https://cdn1.woolworths.media/content/wowproductimages/large/228350.jpg",
    "source_id": "Woolworths - 228350",
    "barcode": "9403145305480",
    "category_id": "22770",
    "shop": "Woolworths",
    "weight": "100G",
    "prices": [
      {
        "state": "NSW",
        "price": "500",
        "price_per_unit": "156",
        "price_unit": "G"
      },
      {
        "state": "VIC",
        "price": "500",
        "price_per_unit": "156",
        "price_unit": "G"
      },
      {
        "state": "QLD",
        "price": "500",
        "price_per_unit": "156",
        "price_unit": "G"
      },
      {
        "state": "WA",
        "price": "500",
        "price_per_unit": "156",
        "price_unit": "G"
      },
      {
        "state": "SA",
        "price": "500",
        "price_per_unit": "156",
        "price_unit": "G"
      },
      {
        "state": "TAS",
        "price": "500",
        "price_per_unit": "156",
        "price_unit": "G"
      },
      {
        "state": "ACT",
        "price": "500",
        "price_per_unit": "156",
        "price_unit": "G"
      },
      {
        "state": "NT",
        "price": "525",
        "price_per_unit": "164",
        "price_unit": "G"
      }
    ]
  },
  {
    "source_url": "https://www.woolworths.com.au/shop/productdetails/226230/only-organic-revive-soup-minted-peas-broccoli-kale-chia",
    "name": "Only Organic Revive Soup Minted Peas Broccoli Kale & Chia 320g",
    "image_url": "https://cdn1.woolworths.media/content/wowproductimages/large/226230.jpg",
    "source_id": "Woolworths - 226230",
    "barcode": "9403145305497",
    "category_id": "22770",
    "shop": "Woolworths",
    "weight": "100G",
    "prices": [
      {
        "state": "NSW",
        "price": "500",
        "price_per_unit": "156",
        "price_unit": "G"
      },
      {
        "state": "VIC",
        "price": "500",
        "price_per_unit": "156",
        "price_unit": "G"
      },
      {
        "state": "QLD",
        "price": "500",
        "price_per_unit": "156",
        "price_unit": "G"
      },
      {
        "state": "WA",
        "price": "500",
        "price_per_unit": "156",
        "price_unit": "G"
      },
      {
        "state": "SA",
        "price": "500",
        "price_per_unit": "156",
        "price_unit": "G"
      },
      {
        "state": "TAS",
        "price": "500",
        "price_per_unit": "156",
        "price_unit": "G"
      },
      {
        "state": "ACT",
        "price": "500",
        "price_per_unit": "156",
        "price_unit": "G"
      },
      {
        "state": "NT",
        "price": "525",
        "price_per_unit": "164",
        "price_unit": "G"
      }
    ]
  },
  {
    "source_url": "https://www.woolworths.com.au/shop/productdetails/481168/trident-chicken-flavour-congee",
    "name": "Trident Chicken Flavour Congee 31g",
    "image_url": "https://cdn1.woolworths.media/content/wowproductimages/large/481168.jpg",
    "source_id": "Woolworths - 481168",
    "barcode": "9310560024219",
    "category_id": "22770",
    "shop": "Woolworths",
    "weight": "100G",
    "prices": [
      {
        "state": "NSW",
        "price": "180",
        "price_per_unit": "581",
        "price_unit": "G"
      },
      {
        "state": "VIC",
        "price": "180",
        "price_per_unit": "581",
        "price_unit": "G"
      },
      {
        "state": "QLD",
        "price": "180",
        "price_per_unit": "581",
        "price_unit": "G"
      },
      {
        "state": "WA",
        "price": "180",
        "price_per_unit": "581",
        "price_unit": "G"
      },
      {
        "state": "SA",
        "price": "180",
        "price_per_unit": "581",
        "price_unit": "G"
      },
      {
        "state": "TAS",
        "price": "180",
        "price_per_unit": "581",
        "price_unit": "G"
      },
      {
        "state": "ACT",
        "price": "180",
        "price_per_unit": "581",
        "price_unit": "G"
      },
      {
        "state": "NT",
        "price": "190",
        "price_per_unit": "613",
        "price_unit": "G"
      }
    ]
  },
  {
    "source_url": "https://www.woolworths.com.au/shop/productdetails/480965/trident-chicken-sweet-corn-flavour-instant-soup-with-noodles",
    "name": "Trident Chicken Sweet Corn Flavour Instant Soup With Noodles 2 pack",
    "image_url": "https://cdn1.woolworths.media/content/wowproductimages/large/480965.jpg",
    "source_id": "Woolworths - 480965",
    "barcode": "9310560024165",
    "category_id": "22770",
    "shop": "Woolworths",
    "weight": "100G",
    "prices": [
      {
        "state": "NSW",
        "price": "280",
        "price_per_unit": "467",
        "price_unit": "G"
      },
      {
        "state": "VIC",
        "price": "280",
        "price_per_unit": "467",
        "price_unit": "G"
      },
      {
        "state": "QLD",
        "price": "280",
        "price_per_unit": "467",
        "price_unit": "G"
      },
      {
        "state": "WA",
        "price": "280",
        "price_per_unit": "467",
        "price_unit": "G"
      },
      {
        "state": "SA",
        "price": "280",
        "price_per_unit": "467",
        "price_unit": "G"
      },
      {
        "state": "TAS",
        "price": "280",
        "price_per_unit": "467",
        "price_unit": "G"
      },
      {
        "state": "ACT",
        "price": "280",
        "price_per_unit": "467",
        "price_unit": "G"
      },
      {
        "state": "NT",
        "price": "295",
        "price_per_unit": "492",
        "price_unit": "G"
      }
    ]
  },
  {
    "source_url": "https://www.woolworths.com.au/shop/productdetails/481208/trident-laksa-flavour-instant-soup-with-noodles",
    "name": "Trident Laksa Flavour Instant Soup With Noodles 60g",
    "image_url": "https://cdn1.woolworths.media/content/wowproductimages/large/481208.jpg",
    "source_id": "Woolworths - 481208",
    "barcode": "9310560024134",
    "category_id": "22770",
    "shop": "Woolworths",
    "weight": "100G",
    "prices": [
      {
        "state": "NSW",
        "price": "280",
        "price_per_unit": "467",
        "price_unit": "G"
      },
      {
        "state": "VIC",
        "price": "280",
        "price_per_unit": "467",
        "price_unit": "G"
      },
      {
        "state": "QLD",
        "price": "280",
        "price_per_unit": "467",
        "price_unit": "G"
      },
      {
        "state": "WA",
        "price": "280",
        "price_per_unit": "467",
        "price_unit": "G"
      },
      {
        "state": "SA",
        "price": "280",
        "price_per_unit": "467",
        "price_unit": "G"
      },
      {
        "state": "TAS",
        "price": "280",
        "price_per_unit": "467",
        "price_unit": "G"
      },
      {
        "state": "ACT",
        "price": "280",
        "price_per_unit": "467",
        "price_unit": "G"
      },
      {
        "state": "NT",
        "price": "295",
        "price_per_unit": "492",
        "price_unit": "G"
      }
    ]
  },
  {
    "source_url": "https://www.woolworths.com.au/shop/productdetails/114000/trident-laksa-flavour-thai-noodle-soup",
    "name": "Trident Laksa Flavour Thai Noodle Soup 50g",
    "image_url": "https://cdn1.woolworths.media/content/wowproductimages/large/114000.jpg",
    "source_id": "Woolworths - 114000",
    "barcode": "9310182300661",
    "category_id": "22770",
    "shop": "Woolworths",
    "weight": "100G",
    "prices": [
      {
        "state": "NSW",
        "price": "125",
        "price_per_unit": "250",
        "price_unit": "G"
      },
      {
        "state": "VIC",
        "price": "125",
        "price_per_unit": "250",
        "price_unit": "G"
      },
      {
        "state": "QLD",
        "price": "125",
        "price_per_unit": "250",
        "price_unit": "G"
      },
      {
        "state": "WA",
        "price": "125",
        "price_per_unit": "250",
        "price_unit": "G"
      },
      {
        "state": "SA",
        "price": "125",
        "price_per_unit": "250",
        "price_unit": "G"
      },
      {
        "state": "TAS",
        "price": "125",
        "price_per_unit": "250",
        "price_unit": "G"
      },
      {
        "state": "ACT",
        "price": "125",
        "price_per_unit": "250",
        "price_unit": "G"
      },
      {
        "state": "NT",
        "price": "130",
        "price_per_unit": "260",
        "price_unit": "G"
      }
    ]
  },
  {
    "source_url": "https://www.woolworths.com.au/shop/productdetails/278497/trident-miso-flavour-noodle-soup",
    "name": "Trident Miso Flavour Noodle Soup 50g",
    "image_url": "https://cdn1.woolworths.media/content/wowproductimages/large/278497.jpg",
    "source_id": "Woolworths - 278497",
    "barcode": "9310560023724",
    "category_id": "22770",
    "shop": "Woolworths",
    "weight": "100G",
    "prices": [
      {
        "state": "NSW",
        "price": "125",
        "price_per_unit": "250",
        "price_unit": "G"
      },
      {
        "state": "ACT",
        "price": "125",
        "price_per_unit": "250",
        "price_unit": "G"
      }
    ]
  },
  {
    "source_url": "https://www.woolworths.com.au/shop/productdetails/480950/trident-spicy-pork-flavour-rice-soup",
    "name": "Trident Spicy Pork Flavour Rice Soup 40g",
    "image_url": "https://cdn1.woolworths.media/content/wowproductimages/large/480950.jpg",
    "source_id": "Woolworths - 480950",
    "barcode": "9310560024233",
    "category_id": "22770",
    "shop": "Woolworths",
    "weight": "100G",
    "prices": [
      {
        "state": "NSW",
        "price": "180",
        "price_per_unit": "450",
        "price_unit": "G"
      },
      {
        "state": "VIC",
        "price": "180",
        "price_per_unit": "450",
        "price_unit": "G"
      },
      {
        "state": "QLD",
        "price": "180",
        "price_per_unit": "450",
        "price_unit": "G"
      },
      {
        "state": "WA",
        "price": "180",
        "price_per_unit": "450",
        "price_unit": "G"
      },
      {
        "state": "SA",
        "price": "180",
        "price_per_unit": "450",
        "price_unit": "G"
      },
      {
        "state": "TAS",
        "price": "180",
        "price_per_unit": "450",
        "price_unit": "G"
      },
      {
        "state": "ACT",
        "price": "180",
        "price_per_unit": "450",
        "price_unit": "G"
      },
      {
        "state": "NT",
        "price": "190",
        "price_per_unit": "475",
        "price_unit": "G"
      }
    ]
  },
  {
    "source_url": "https://www.woolworths.com.au/shop/productdetails/463991/trident-tom-kha-flavour-instant-soup-with-noodles",
    "name": "Trident Tom Kha Flavour Instant Soup With Noodles 2 pack",
    "image_url": "https://cdn1.woolworths.media/content/wowproductimages/large/463991.jpg",
    "source_id": "Woolworths - 463991",
    "barcode": "9310560024141",
    "category_id": "22770",
    "shop": "Woolworths",
    "weight": "100G",
    "prices": [
      {
        "state": "NSW",
        "price": "280",
        "price_per_unit": "467",
        "price_unit": "G"
      },
      {
        "state": "VIC",
        "price": "280",
        "price_per_unit": "467",
        "price_unit": "G"
      },
      {
        "state": "QLD",
        "price": "280",
        "price_per_unit": "467",
        "price_unit": "G"
      },
      {
        "state": "WA",
        "price": "280",
        "price_per_unit": "467",
        "price_unit": "G"
      },
      {
        "state": "SA",
        "price": "280",
        "price_per_unit": "467",
        "price_unit": "G"
      },
      {
        "state": "TAS",
        "price": "280",
        "price_per_unit": "467",
        "price_unit": "G"
      },
      {
        "state": "ACT",
        "price": "280",
        "price_per_unit": "467",
        "price_unit": "G"
      },
      {
        "state": "NT",
        "price": "295",
        "price_per_unit": "492",
        "price_unit": "G"
      }
    ]
  },
  {
    "source_url": "https://www.woolworths.com.au/shop/productdetails/481082/trident-tom-yum-flavour-instant-soup-with-noodles",
    "name": "Trident Tom Yum Flavour Instant Soup With Noodles 2 pack",
    "image_url": "https://cdn1.woolworths.media/content/wowproductimages/large/481082.jpg",
    "source_id": "Woolworths - 481082",
    "barcode": "9310560024158",
    "category_id": "22770",
    "shop": "Woolworths",
    "weight": "100G",
    "prices": [
      {
        "state": "NSW",
        "price": "280",
        "price_per_unit": "467",
        "price_unit": "G"
      },
      {
        "state": "VIC",
        "price": "280",
        "price_per_unit": "467",
        "price_unit": "G"
      },
      {
        "state": "QLD",
        "price": "280",
        "price_per_unit": "467",
        "price_unit": "G"
      },
      {
        "state": "WA",
        "price": "280",
        "price_per_unit": "467",
        "price_unit": "G"
      },
      {
        "state": "SA",
        "price": "280",
        "price_per_unit": "467",
        "price_unit": "G"
      },
      {
        "state": "TAS",
        "price": "280",
        "price_per_unit": "467",
        "price_unit": "G"
      },
      {
        "state": "ACT",
        "price": "280",
        "price_per_unit": "467",
        "price_unit": "G"
      },
      {
        "state": "NT",
        "price": "295",
        "price_per_unit": "492",
        "price_unit": "G"
      }
    ]
  },
  {
    "source_url": "https://www.woolworths.com.au/shop/productdetails/494634/unox-chicken-noodle-soup-in-a-cup",
    "name": "Unox Chicken Noodle Soup In A Cup 2 pack",
    "image_url": "https://cdn1.woolworths.media/content/wowproductimages/large/494634.jpg",
    "source_id": "Woolworths - 494634",
    "barcode": "9300830089710",
    "category_id": "22770",
    "shop": "Woolworths",
    "weight": "100G",
    "prices": [
      {
        "state": "NSW",
        "price": "115",
        "price_per_unit": "575",
        "price_unit": "G"
      },
      {
        "state": "VIC",
        "price": "115",
        "price_per_unit": "575",
        "price_unit": "G"
      },
      {
        "state": "QLD",
        "price": "115",
        "price_per_unit": "575",
        "price_unit": "G"
      },
      {
        "state": "WA",
        "price": "115",
        "price_per_unit": "575",
        "price_unit": "G"
      },
      {
        "state": "SA",
        "price": "115",
        "price_per_unit": "575",
        "price_unit": "G"
      },
      {
        "state": "TAS",
        "price": "115",
        "price_per_unit": "575",
        "price_unit": "G"
      },
      {
        "state": "ACT",
        "price": "115",
        "price_per_unit": "575",
        "price_unit": "G"
      },
      {
        "state": "NT",
        "price": "120",
        "price_per_unit": "600",
        "price_unit": "G"
      }
    ]
  },
  {
    "source_url": "https://www.woolworths.com.au/shop/productdetails/496868/unox-cream-of-mushroom-soup-in-a-cup",
    "name": "Unox Cream of Mushroom Soup In A Cup 2 pack",
    "image_url": "https://cdn1.woolworths.media/content/wowproductimages/large/496868.jpg",
    "source_id": "Woolworths - 496868",
    "barcode": "9300830089727",
    "category_id": "22770",
    "shop": "Woolworths",
    "weight": "100G",
    "prices": [
      {
        "state": "NSW",
        "price": "115",
        "price_per_unit": "329",
        "price_unit": "G"
      },
      {
        "state": "VIC",
        "price": "115",
        "price_per_unit": "329",
        "price_unit": "G"
      },
      {
        "state": "QLD",
        "price": "115",
        "price_per_unit": "329",
        "price_unit": "G"
      },
      {
        "state": "WA",
        "price": "115",
        "price_per_unit": "329",
        "price_unit": "G"
      },
      {
        "state": "SA",
        "price": "115",
        "price_per_unit": "329",
        "price_unit": "G"
      },
      {
        "state": "TAS",
        "price": "115",
        "price_per_unit": "329",
        "price_unit": "G"
      },
      {
        "state": "ACT",
        "price": "115",
        "price_per_unit": "329",
        "price_unit": "G"
      },
      {
        "state": "NT",
        "price": "120",
        "price_per_unit": "343",
        "price_unit": "G"
      }
    ]
  },
  {
    "source_url": "https://www.woolworths.com.au/shop/productdetails/496992/unox-soup-in-a-cup-tomato",
    "name": "Unox Soup In A Cup Tomato 40g x 2 pack",
    "image_url": "https://cdn1.woolworths.media/content/wowproductimages/large/496992.jpg",
    "source_id": "Woolworths - 496992",
    "barcode": "9300830089734",
    "category_id": "22770",
    "shop": "Woolworths",
    "weight": "100G",
    "prices": [
      {
        "state": "NSW",
        "price": "115",
        "price_per_unit": "288",
        "price_unit": "G"
      },
      {
        "state": "VIC",
        "price": "115",
        "price_per_unit": "288",
        "price_unit": "G"
      },
      {
        "state": "QLD",
        "price": "115",
        "price_per_unit": "288",
        "price_unit": "G"
      },
      {
        "state": "WA",
        "price": "115",
        "price_per_unit": "288",
        "price_unit": "G"
      },
      {
        "state": "SA",
        "price": "115",
        "price_per_unit": "288",
        "price_unit": "G"
      },
      {
        "state": "TAS",
        "price": "115",
        "price_per_unit": "288",
        "price_unit": "G"
      },
      {
        "state": "ACT",
        "price": "115",
        "price_per_unit": "288",
        "price_unit": "G"
      },
      {
        "state": "NT",
        "price": "120",
        "price_per_unit": "300",
        "price_unit": "G"
      }
    ]
  },
  {
    "source_url": "https://www.woolworths.com.au/shop/productdetails/525979/vegeta-chicken-with-noodles-cup-soup",
    "name": "Vegeta Chicken With Noodles Cup Soup 18g",
    "image_url": "https://cdn1.woolworths.media/content/wowproductimages/large/525979.jpg",
    "source_id": "Woolworths - 525979",
    "barcode": "3856020271190",
    "category_id": "22770",
    "shop": "Woolworths",
    "weight": "100G",
    "prices": [
      {
        "state": "NSW",
        "price": "100",
        "price_per_unit": "556",
        "price_unit": "G"
      },
      {
        "state": "VIC",
        "price": "100",
        "price_per_unit": "556",
        "price_unit": "G"
      },
      {
        "state": "QLD",
        "price": "100",
        "price_per_unit": "556",
        "price_unit": "G"
      },
      {
        "state": "WA",
        "price": "100",
        "price_per_unit": "556",
        "price_unit": "G"
      },
      {
        "state": "SA",
        "price": "100",
        "price_per_unit": "556",
        "price_unit": "G"
      },
      {
        "state": "TAS",
        "price": "100",
        "price_per_unit": "556",
        "price_unit": "G"
      },
      {
        "state": "ACT",
        "price": "100",
        "price_per_unit": "556",
        "price_unit": "G"
      },
      {
        "state": "NT",
        "price": "105",
        "price_per_unit": "583",
        "price_unit": "G"
      }
    ]
  },
  {
    "source_url": "https://www.woolworths.com.au/shop/productdetails/520575/vegeta-creamy-mushroom-with-croutons-cup-soup",
    "name": "Vegeta Creamy Mushroom With Croutons Cup Soup 20g",
    "image_url": "https://cdn1.woolworths.media/content/wowproductimages/large/520575.jpg",
    "source_id": "Woolworths - 520575",
    "barcode": "3856020271169",
    "category_id": "22770",
    "shop": "Woolworths",
    "weight": "100G",
    "prices": [
      {
        "state": "NSW",
        "price": "100",
        "price_per_unit": "500",
        "price_unit": "G"
      },
      {
        "state": "VIC",
        "price": "100",
        "price_per_unit": "500",
        "price_unit": "G"
      },
      {
        "state": "QLD",
        "price": "100",
        "price_per_unit": "500",
        "price_unit": "G"
      },
      {
        "state": "WA",
        "price": "100",
        "price_per_unit": "500",
        "price_unit": "G"
      },
      {
        "state": "SA",
        "price": "100",
        "price_per_unit": "500",
        "price_unit": "G"
      },
      {
        "state": "TAS",
        "price": "100",
        "price_per_unit": "500",
        "price_unit": "G"
      },
      {
        "state": "ACT",
        "price": "100",
        "price_per_unit": "500",
        "price_unit": "G"
      },
      {
        "state": "NT",
        "price": "105",
        "price_per_unit": "525",
        "price_unit": "G"
      }
    ]
  },
  {
    "source_url": "https://www.woolworths.com.au/shop/productdetails/507645/vegeta-creamy-tomato-mozzarella-with-croutons-cup-soup",
    "name": "Vegeta Creamy Tomato & Mozzarella With Croutons Cup Soup 23g",
    "image_url": "https://cdn1.woolworths.media/content/wowproductimages/large/507645.jpg",
    "source_id": "Woolworths - 507645",
    "barcode": "3856020271138",
    "category_id": "22770",
    "shop": "Woolworths",
    "weight": "100G",
    "prices": [
      {
        "state": "NSW",
        "price": "100",
        "price_per_unit": "435",
        "price_unit": "G"
      },
      {
        "state": "VIC",
        "price": "100",
        "price_per_unit": "435",
        "price_unit": "G"
      },
      {
        "state": "QLD",
        "price": "100",
        "price_per_unit": "435",
        "price_unit": "G"
      },
      {
        "state": "WA",
        "price": "100",
        "price_per_unit": "435",
        "price_unit": "G"
      },
      {
        "state": "SA",
        "price": "100",
        "price_per_unit": "435",
        "price_unit": "G"
      },
      {
        "state": "TAS",
        "price": "100",
        "price_per_unit": "435",
        "price_unit": "G"
      },
      {
        "state": "ACT",
        "price": "100",
        "price_per_unit": "435",
        "price_unit": "G"
      },
      {
        "state": "NT",
        "price": "105",
        "price_per_unit": "457",
        "price_unit": "G"
      }
    ]
  },
  {
    "source_url": "https://www.woolworths.com.au/shop/productdetails/507619/vegeta-vegetables-with-noodles-cup-soup",
    "name": "Vegeta Vegetables With Noodles Cup Soup 16g",
    "image_url": "https://cdn1.woolworths.media/content/wowproductimages/large/507619.jpg",
    "source_id": "Woolworths - 507619",
    "barcode": "3856020271220",
    "category_id": "22770",
    "shop": "Woolworths",
    "weight": "100G",
    "prices": [
      {
        "state": "NSW",
        "price": "100",
        "price_per_unit": "625",
        "price_unit": "G"
      },
      {
        "state": "VIC",
        "price": "100",
        "price_per_unit": "625",
        "price_unit": "G"
      },
      {
        "state": "QLD",
        "price": "100",
        "price_per_unit": "625",
        "price_unit": "G"
      },
      {
        "state": "WA",
        "price": "100",
        "price_per_unit": "625",
        "price_unit": "G"
      },
      {
        "state": "SA",
        "price": "100",
        "price_per_unit": "625",
        "price_unit": "G"
      },
      {
        "state": "TAS",
        "price": "100",
        "price_per_unit": "625",
        "price_unit": "G"
      },
      {
        "state": "ACT",
        "price": "100",
        "price_per_unit": "625",
        "price_unit": "G"
      },
      {
        "state": "NT",
        "price": "105",
        "price_per_unit": "656",
        "price_unit": "G"
      }
    ]
  },
  {
    "source_url": "https://www.woolworths.com.au/shop/productdetails/659135/woolworths-tomato-soup",
    "name": "Woolworths Tomato Soup 420g",
    "image_url": "https://cdn1.woolworths.media/content/wowproductimages/large/659135.jpg",
    "source_id": "Woolworths - 659135",
    "barcode": "9300633696146",
    "category_id": "22770",
    "shop": "Woolworths",
    "weight": "100G",
    "prices": [
      {
        "state": "NSW",
        "price": "130",
        "price_per_unit": "31",
        "price_unit": "G"
      },
      {
        "state": "VIC",
        "price": "130",
        "price_per_unit": "31",
        "price_unit": "G"
      },
      {
        "state": "QLD",
        "price": "130",
        "price_per_unit": "31",
        "price_unit": "G"
      },
      {
        "state": "WA",
        "price": "130",
        "price_per_unit": "31",
        "price_unit": "G"
      },
      {
        "state": "SA",
        "price": "130",
        "price_per_unit": "31",
        "price_unit": "G"
      },
      {
        "state": "TAS",
        "price": "130",
        "price_per_unit": "31",
        "price_unit": "G"
      },
      {
        "state": "ACT",
        "price": "130",
        "price_per_unit": "31",
        "price_unit": "G"
      },
      {
        "state": "NT",
        "price": "130",
        "price_per_unit": "31",
        "price_unit": "G"
      }
    ]
  },
  {
    "source_url": "https://www.woolworths.com.au/shop/productdetails/348321/amy-s-kitchen-canned-soup-organic-chunky-tomato-bisque",
    "name": "Amy's Kitchen Canned Soup Organic Chunky Tomato Bisque 411g",
    "image_url": "https://cdn1.woolworths.media/content/wowproductimages/large/348321.jpg",
    "source_id": "Woolworths - 348321",
    "barcode": "42272005369",
    "category_id": "22770",
    "shop": "Woolworths",
    "weight": "100G",
    "prices": [
      {
        "state": "VIC",
        "price": "440",
        "price_per_unit": "107",
        "price_unit": "G"
      },
      {
        "state": "QLD",
        "price": "440",
        "price_per_unit": "107",
        "price_unit": "G"
      },
      {
        "state": "WA",
        "price": "440",
        "price_per_unit": "107",
        "price_unit": "G"
      },
      {
        "state": "SA",
        "price": "440",
        "price_per_unit": "107",
        "price_unit": "G"
      },
      {
        "state": "TAS",
        "price": "440",
        "price_per_unit": "107",
        "price_unit": "G"
      },
      {
        "state": "ACT",
        "price": "440",
        "price_per_unit": "107",
        "price_unit": "G"
      }
    ]
  },
  {
    "source_url": "https://www.woolworths.com.au/shop/productdetails/303700/amy-s-kitchen-canned-soup-organic-lentil-vegetable",
    "name": "Amy's Kitchen Canned Soup Organic Lentil & Vegetable 411g",
    "image_url": "https://cdn1.woolworths.media/content/wowproductimages/large/303700.jpg",
    "source_id": "Woolworths - 303700",
    "barcode": "42272005024",
    "category_id": "22770",
    "shop": "Woolworths",
    "weight": "100G",
    "prices": [
      {
        "state": "VIC",
        "price": "440",
        "price_per_unit": "107",
        "price_unit": "G"
      },
      {
        "state": "QLD",
        "price": "440",
        "price_per_unit": "107",
        "price_unit": "G"
      },
      {
        "state": "WA",
        "price": "440",
        "price_per_unit": "107",
        "price_unit": "G"
      },
      {
        "state": "SA",
        "price": "440",
        "price_per_unit": "107",
        "price_unit": "G"
      },
      {
        "state": "TAS",
        "price": "440",
        "price_per_unit": "107",
        "price_unit": "G"
      },
      {
        "state": "ACT",
        "price": "440",
        "price_per_unit": "107",
        "price_unit": "G"
      },
      {
        "state": "NT",
        "price": "460",
        "price_per_unit": "112",
        "price_unit": "G"
      }
    ]
  },
  {
    "source_url": "https://www.woolworths.com.au/shop/productdetails/198160/amy-s-kitchen-hearty-organic-quinoa-kale-red-lentil-soup",
    "name": "Amy's Kitchen Hearty Organic Quinoa, Kale & Red Lentil Soup 408g",
    "image_url": "https://cdn1.woolworths.media/content/wowproductimages/large/198160.jpg",
    "source_id": "Woolworths - 198160",
    "barcode": "42272006854",
    "category_id": "22770",
    "shop": "Woolworths",
    "weight": "100G",
    "prices": [
      {
        "state": "VIC",
        "price": "440",
        "price_per_unit": "108",
        "price_unit": "G"
      },
      {
        "state": "QLD",
        "price": "440",
        "price_per_unit": "108",
        "price_unit": "G"
      },
      {
        "state": "SA",
        "price": "440",
        "price_per_unit": "108",
        "price_unit": "G"
      },
      {
        "state": "TAS",
        "price": "440",
        "price_per_unit": "108",
        "price_unit": "G"
      },
      {
        "state": "ACT",
        "price": "440",
        "price_per_unit": "108",
        "price_unit": "G"
      },
      {
        "state": "NT",
        "price": "460",
        "price_per_unit": "113",
        "price_unit": "G"
      }
    ]
  },
  {
    "source_url": "https://www.woolworths.com.au/shop/productdetails/678349/australian-organic-food-co-pumpkin-sweet-potato-soup-pouch",
    "name": "Australian Organic Food Co Pumpkin & Sweet Potato Soup Pouch 330g",
    "image_url": "https://cdn1.woolworths.media/content/wowproductimages/large/678349.jpg",
    "source_id": "Woolworths - 678349",
    "barcode": "9352744000046",
    "category_id": "22770",
    "shop": "Woolworths",
    "weight": "100G",
    "prices": [
      {
        "state": "VIC",
        "price": "390",
        "price_per_unit": "118",
        "price_unit": "G"
      },
      {
        "state": "QLD",
        "price": "390",
        "price_per_unit": "118",
        "price_unit": "G"
      },
      {
        "state": "WA",
        "price": "390",
        "price_per_unit": "118",
        "price_unit": "G"
      },
      {
        "state": "SA",
        "price": "390",
        "price_per_unit": "118",
        "price_unit": "G"
      },
      {
        "state": "TAS",
        "price": "390",
        "price_per_unit": "118",
        "price_unit": "G"
      },
      {
        "state": "ACT",
        "price": "390",
        "price_per_unit": "118",
        "price_unit": "G"
      }
    ]
  },
  {
    "source_url": "https://www.woolworths.com.au/shop/productdetails/247332/campbell-s-chunky-soup-irish-stew-style",
    "name": "Campbell's Chunky Soup Irish Stew Style 505g",
    "image_url": "https://cdn1.woolworths.media/content/wowproductimages/large/247332.jpg",
    "source_id": "Woolworths - 247332",
    "barcode": "9300644700009",
    "category_id": "22770",
    "shop": "Woolworths",
    "weight": "100G",
    "prices": [
      {
        "state": "VIC",
        "price": "450",
        "price_per_unit": "89",
        "price_unit": "G"
      },
      {
        "state": "QLD",
        "price": "450",
        "price_per_unit": "89",
        "price_unit": "G"
      },
      {
        "state": "WA",
        "price": "450",
        "price_per_unit": "89",
        "price_unit": "G"
      },
      {
        "state": "SA",
        "price": "450",
        "price_per_unit": "89",
        "price_unit": "G"
      },
      {
        "state": "TAS",
        "price": "450",
        "price_per_unit": "89",
        "price_unit": "G"
      },
      {
        "state": "ACT",
        "price": "450",
        "price_per_unit": "89",
        "price_unit": "G"
      },
      {
        "state": "NT",
        "price": "480",
        "price_per_unit": "95",
        "price_unit": "G"
      }
    ]
  },
  {
    "source_url": "https://www.woolworths.com.au/shop/productdetails/245581/campbell-s-chunky-soup-roast-chicken-vegetable",
    "name": "Campbell's Chunky Soup Roast Chicken & Vegetable 505g",
    "image_url": "https://cdn1.woolworths.media/content/wowproductimages/large/245581.jpg",
    "source_id": "Woolworths - 245581",
    "barcode": "9300644700740",
    "category_id": "22770",
    "shop": "Woolworths",
    "weight": "100G",
    "prices": [
      {
        "state": "VIC",
        "price": "450",
        "price_per_unit": "89",
        "price_unit": "G"
      },
      {
        "state": "QLD",
        "price": "450",
        "price_per_unit": "89",
        "price_unit": "G"
      },
      {
        "state": "WA",
        "price": "450",
        "price_per_unit": "89",
        "price_unit": "G"
      },
      {
        "state": "SA",
        "price": "450",
        "price_per_unit": "89",
        "price_unit": "G"
      },
      {
        "state": "TAS",
        "price": "450",
        "price_per_unit": "89",
        "price_unit": "G"
      },
      {
        "state": "ACT",
        "price": "450",
        "price_per_unit": "89",
        "price_unit": "G"
      },
      {
        "state": "NT",
        "price": "480",
        "price_per_unit": "95",
        "price_unit": "G"
      }
    ]
  },
  {
    "source_url": "https://www.woolworths.com.au/shop/productdetails/36668/campbell-s-condensed-soup-cream-of-asparagus",
    "name": "Campbell's Condensed Soup Cream Of Asparagus 420g",
    "image_url": "https://cdn1.woolworths.media/content/wowproductimages/large/036668.jpg",
    "source_id": "Woolworths - 36668",
    "barcode": "9300644120210",
    "category_id": "22770",
    "shop": "Woolworths",
    "weight": "100G",
    "prices": [
      {
        "state": "VIC",
        "price": "220",
        "price_per_unit": "52",
        "price_unit": "G"
      },
      {
        "state": "QLD",
        "price": "220",
        "price_per_unit": "52",
        "price_unit": "G"
      },
      {
        "state": "WA",
        "price": "220",
        "price_per_unit": "52",
        "price_unit": "G"
      },
      {
        "state": "SA",
        "price": "220",
        "price_per_unit": "52",
        "price_unit": "G"
      },
      {
        "state": "TAS",
        "price": "220",
        "price_per_unit": "52",
        "price_unit": "G"
      },
      {
        "state": "ACT",
        "price": "220",
        "price_per_unit": "52",
        "price_unit": "G"
      }
    ]
  },
  {
    "source_url": "https://www.woolworths.com.au/shop/productdetails/33892/campbell-s-condensed-soup-cream-of-chicken-corn",
    "name": "Campbell's Condensed Soup Cream Of Chicken & Corn 420g",
    "image_url": "https://cdn1.woolworths.media/content/wowproductimages/large/033892.jpg",
    "source_id": "Woolworths - 33892",
    "barcode": "9300644234313",
    "category_id": "22770",
    "shop": "Woolworths",
    "weight": "100G",
    "prices": [
      {
        "state": "VIC",
        "price": "220",
        "price_per_unit": "52",
        "price_unit": "G"
      },
      {
        "state": "QLD",
        "price": "220",
        "price_per_unit": "52",
        "price_unit": "G"
      },
      {
        "state": "WA",
        "price": "220",
        "price_per_unit": "52",
        "price_unit": "G"
      },
      {
        "state": "SA",
        "price": "220",
        "price_per_unit": "52",
        "price_unit": "G"
      },
      {
        "state": "TAS",
        "price": "220",
        "price_per_unit": "52",
        "price_unit": "G"
      },
      {
        "state": "ACT",
        "price": "220",
        "price_per_unit": "52",
        "price_unit": "G"
      },
      {
        "state": "NT",
        "price": "220",
        "price_per_unit": "52",
        "price_unit": "G"
      }
    ]
  },
  {
    "source_url": "https://www.woolworths.com.au/shop/productdetails/45795/campbell-s-country-ladle-soup-butternut-pumpkin",
    "name": "Campbell's Country Ladle Soup Butternut Pumpkin 505g",
    "image_url": "https://cdn1.woolworths.media/content/wowproductimages/large/045795.jpg",
    "source_id": "Woolworths - 45795",
    "barcode": "9300644123549",
    "category_id": "22770",
    "shop": "Woolworths",
    "weight": "100G",
    "prices": [
      {
        "state": "VIC",
        "price": "450",
        "price_per_unit": "89",
        "price_unit": "G"
      },
      {
        "state": "QLD",
        "price": "450",
        "price_per_unit": "89",
        "price_unit": "G"
      },
      {
        "state": "WA",
        "price": "450",
        "price_per_unit": "89",
        "price_unit": "G"
      },
      {
        "state": "SA",
        "price": "450",
        "price_per_unit": "89",
        "price_unit": "G"
      },
      {
        "state": "TAS",
        "price": "450",
        "price_per_unit": "89",
        "price_unit": "G"
      },
      {
        "state": "ACT",
        "price": "450",
        "price_per_unit": "89",
        "price_unit": "G"
      },
      {
        "state": "NT",
        "price": "475",
        "price_per_unit": "94",
        "price_unit": "G"
      }
    ]
  },
  {
    "source_url": "https://www.woolworths.com.au/shop/productdetails/186164/campbell-s-country-ladle-soup-chicken-sweet-corn",
    "name": "Campbell's Country Ladle Soup Chicken & Sweet Corn 505g",
    "image_url": "https://cdn1.woolworths.media/content/wowproductimages/large/186164.jpg",
    "source_id": "Woolworths - 186164",
    "barcode": "9300644235808",
    "category_id": "22770",
    "shop": "Woolworths",
    "weight": "100G",
    "prices": [
      {
        "state": "VIC",
        "price": "450",
        "price_per_unit": "89",
        "price_unit": "G"
      },
      {
        "state": "QLD",
        "price": "450",
        "price_per_unit": "89",
        "price_unit": "G"
      },
      {
        "state": "WA",
        "price": "450",
        "price_per_unit": "89",
        "price_unit": "G"
      },
      {
        "state": "SA",
        "price": "450",
        "price_per_unit": "89",
        "price_unit": "G"
      },
      {
        "state": "TAS",
        "price": "450",
        "price_per_unit": "89",
        "price_unit": "G"
      },
      {
        "state": "ACT",
        "price": "450",
        "price_per_unit": "89",
        "price_unit": "G"
      },
      {
        "state": "NT",
        "price": "475",
        "price_per_unit": "94",
        "price_unit": "G"
      }
    ]
  },
  {
    "source_url": "https://www.woolworths.com.au/shop/productdetails/370259/campbell-s-country-ladle-soup-chicken-noodle",
    "name": "Campbell's Country Ladle Soup Chicken Noodle 500g",
    "image_url": "https://cdn1.woolworths.media/content/wowproductimages/large/370259.jpg",
    "source_id": "Woolworths - 370259",
    "barcode": "9300644702393",
    "category_id": "22770",
    "shop": "Woolworths",
    "weight": "100G",
    "prices": [
      {
        "state": "VIC",
        "price": "450",
        "price_per_unit": "90",
        "price_unit": "G"
      },
      {
        "state": "QLD",
        "price": "450",
        "price_per_unit": "90",
        "price_unit": "G"
      },
      {
        "state": "WA",
        "price": "450",
        "price_per_unit": "90",
        "price_unit": "G"
      },
      {
        "state": "SA",
        "price": "450",
        "price_per_unit": "90",
        "price_unit": "G"
      },
      {
        "state": "TAS",
        "price": "450",
        "price_per_unit": "90",
        "price_unit": "G"
      },
      {
        "state": "ACT",
        "price": "450",
        "price_per_unit": "90",
        "price_unit": "G"
      },
      {
        "state": "NT",
        "price": "475",
        "price_per_unit": "95",
        "price_unit": "G"
      }
    ]
  },
  {
    "source_url": "https://www.woolworths.com.au/shop/productdetails/45931/campbell-s-country-ladle-soup-farmhouse-vegetable",
    "name": "Campbell's Country Ladle Soup Farmhouse Vegetable 495g",
    "image_url": "https://cdn1.woolworths.media/content/wowproductimages/large/045931.jpg",
    "source_id": "Woolworths - 45931",
    "barcode": "9300644123501",
    "category_id": "22770",
    "shop": "Woolworths",
    "weight": "100G",
    "prices": [
      {
        "state": "VIC",
        "price": "450",
        "price_per_unit": "91",
        "price_unit": "G"
      },
      {
        "state": "QLD",
        "price": "450",
        "price_per_unit": "91",
        "price_unit": "G"
      },
      {
        "state": "WA",
        "price": "450",
        "price_per_unit": "91",
        "price_unit": "G"
      },
      {
        "state": "SA",
        "price": "450",
        "price_per_unit": "91",
        "price_unit": "G"
      },
      {
        "state": "TAS",
        "price": "450",
        "price_per_unit": "91",
        "price_unit": "G"
      },
      {
        "state": "ACT",
        "price": "450",
        "price_per_unit": "91",
        "price_unit": "G"
      },
      {
        "state": "NT",
        "price": "475",
        "price_per_unit": "96",
        "price_unit": "G"
      }
    ]
  },
  {
    "source_url": "https://www.woolworths.com.au/shop/productdetails/320499/campbell-s-country-ladle-soup-garden-vegetable-wholegrain-barley",
    "name": "Campbell's Country Ladle Soup Garden Vegetable & Wholegrain Barley 500g",
    "image_url": "https://cdn1.woolworths.media/content/wowproductimages/large/320499.jpg",
    "source_id": "Woolworths - 320499",
    "barcode": "9300644701617",
    "category_id": "22770",
    "shop": "Woolworths",
    "weight": "100G",
    "prices": [
      {
        "state": "VIC",
        "price": "450",
        "price_per_unit": "90",
        "price_unit": "G"
      },
      {
        "state": "QLD",
        "price": "450",
        "price_per_unit": "90",
        "price_unit": "G"
      },
      {
        "state": "WA",
        "price": "450",
        "price_per_unit": "90",
        "price_unit": "G"
      },
      {
        "state": "SA",
        "price": "450",
        "price_per_unit": "90",
        "price_unit": "G"
      },
      {
        "state": "TAS",
        "price": "450",
        "price_per_unit": "90",
        "price_unit": "G"
      },
      {
        "state": "ACT",
        "price": "450",
        "price_per_unit": "90",
        "price_unit": "G"
      },
      {
        "state": "NT",
        "price": "475",
        "price_per_unit": "95",
        "price_unit": "G"
      }
    ]
  },
  {
    "source_url": "https://www.woolworths.com.au/shop/productdetails/144709/campbell-s-country-ladle-soup-hearty-beef-vegetable",
    "name": "Campbell's Country Ladle Soup Hearty Beef & Vegetable 500g",
    "image_url": "https://cdn1.woolworths.media/content/wowproductimages/large/144709.jpg",
    "source_id": "Woolworths - 144709",
    "barcode": "9300644123563",
    "category_id": "22770",
    "shop": "Woolworths",
    "weight": "100G",
    "prices": [
      {
        "state": "VIC",
        "price": "450",
        "price_per_unit": "90",
        "price_unit": "G"
      },
      {
        "state": "QLD",
        "price": "450",
        "price_per_unit": "90",
        "price_unit": "G"
      },
      {
        "state": "WA",
        "price": "450",
        "price_per_unit": "90",
        "price_unit": "G"
      },
      {
        "state": "SA",
        "price": "450",
        "price_per_unit": "90",
        "price_unit": "G"
      },
      {
        "state": "TAS",
        "price": "450",
        "price_per_unit": "90",
        "price_unit": "G"
      },
      {
        "state": "ACT",
        "price": "450",
        "price_per_unit": "90",
        "price_unit": "G"
      },
      {
        "state": "NT",
        "price": "475",
        "price_per_unit": "95",
        "price_unit": "G"
      }
    ]
  },
  {
    "source_url": "https://www.woolworths.com.au/shop/productdetails/370260/campbell-s-country-ladle-soup-rich-creamy-pumpkin",
    "name": "Campbell's Country Ladle Soup Rich & Creamy Pumpkin 500g",
    "image_url": "https://cdn1.woolworths.media/content/wowproductimages/large/370260.jpg",
    "source_id": "Woolworths - 370260",
    "barcode": "9300644702409",
    "category_id": "22770",
    "shop": "Woolworths",
    "weight": "100G",
    "prices": [
      {
        "state": "VIC",
        "price": "450",
        "price_per_unit": "90",
        "price_unit": "G"
      },
      {
        "state": "QLD",
        "price": "450",
        "price_per_unit": "90",
        "price_unit": "G"
      },
      {
        "state": "WA",
        "price": "450",
        "price_per_unit": "90",
        "price_unit": "G"
      },
      {
        "state": "SA",
        "price": "450",
        "price_per_unit": "90",
        "price_unit": "G"
      },
      {
        "state": "TAS",
        "price": "450",
        "price_per_unit": "90",
        "price_unit": "G"
      },
      {
        "state": "ACT",
        "price": "450",
        "price_per_unit": "90",
        "price_unit": "G"
      },
      {
        "state": "NT",
        "price": "475",
        "price_per_unit": "95",
        "price_unit": "G"
      }
    ]
  },
  {
    "source_url": "https://www.woolworths.com.au/shop/productdetails/95458/continental-classics-simmer-soup-chicken-noodle-salt-reduced",
    "name": "Continental Classics Simmer Soup Chicken Noodle Salt Reduced 40g",
    "image_url": "https://cdn1.woolworths.media/content/wowproductimages/large/095458.jpg",
    "source_id": "Woolworths - 95458",
    "barcode": "9300667310018",
    "category_id": "22770",
    "shop": "Woolworths",
    "weight": "100G",
    "prices": [
      {
        "state": "VIC",
        "price": "120",
        "price_per_unit": "300",
        "price_unit": "G"
      },
      {
        "state": "QLD",
        "price": "120",
        "price_per_unit": "300",
        "price_unit": "G"
      },
      {
        "state": "WA",
        "price": "120",
        "price_per_unit": "300",
        "price_unit": "G"
      },
      {
        "state": "SA",
        "price": "120",
        "price_per_unit": "300",
        "price_unit": "G"
      },
      {
        "state": "TAS",
        "price": "120",
        "price_per_unit": "300",
        "price_unit": "G"
      },
      {
        "state": "ACT",
        "price": "120",
        "price_per_unit": "300",
        "price_unit": "G"
      },
      {
        "state": "NT",
        "price": "125",
        "price_per_unit": "313",
        "price_unit": "G"
      }
    ]
  },
  {
    "source_url": "https://www.woolworths.com.au/shop/productdetails/34046/continental-classics-simmer-soup-spring-vegetable",
    "name": "Continental Classics Simmer Soup Spring Vegetable 30g",
    "image_url": "https://cdn1.woolworths.media/content/wowproductimages/large/034046.jpg",
    "source_id": "Woolworths - 34046",
    "barcode": "9300667370098",
    "category_id": "22770",
    "shop": "Woolworths",
    "weight": "100G",
    "prices": [
      {
        "state": "VIC",
        "price": "170",
        "price_per_unit": "567",
        "price_unit": "G"
      },
      {
        "state": "QLD",
        "price": "170",
        "price_per_unit": "567",
        "price_unit": "G"
      },
      {
        "state": "WA",
        "price": "170",
        "price_per_unit": "567",
        "price_unit": "G"
      },
      {
        "state": "SA",
        "price": "170",
        "price_per_unit": "567",
        "price_unit": "G"
      },
      {
        "state": "TAS",
        "price": "170",
        "price_per_unit": "567",
        "price_unit": "G"
      },
      {
        "state": "ACT",
        "price": "170",
        "price_per_unit": "567",
        "price_unit": "G"
      },
      {
        "state": "NT",
        "price": "180",
        "price_per_unit": "600",
        "price_unit": "G"
      }
    ]
  },
  {
    "source_url": "https://www.woolworths.com.au/shop/productdetails/34391/continental-simmer-soup-cream-of-chicken",
    "name": "Continental Simmer Soup Cream Of Chicken 45g",
    "image_url": "https://cdn1.woolworths.media/content/wowproductimages/large/034391.jpg",
    "source_id": "Woolworths - 34391",
    "barcode": "9300667011397",
    "category_id": "22770",
    "shop": "Woolworths",
    "weight": "100G",
    "prices": [
      {
        "state": "VIC",
        "price": "170",
        "price_per_unit": "378",
        "price_unit": "G"
      },
      {
        "state": "QLD",
        "price": "170",
        "price_per_unit": "378",
        "price_unit": "G"
      },
      {
        "state": "WA",
        "price": "170",
        "price_per_unit": "378",
        "price_unit": "G"
      },
      {
        "state": "SA",
        "price": "170",
        "price_per_unit": "378",
        "price_unit": "G"
      },
      {
        "state": "TAS",
        "price": "170",
        "price_per_unit": "378",
        "price_unit": "G"
      },
      {
        "state": "ACT",
        "price": "170",
        "price_per_unit": "378",
        "price_unit": "G"
      },
      {
        "state": "NT",
        "price": "180",
        "price_per_unit": "400",
        "price_unit": "G"
      }
    ]
  },
  {
    "source_url": "https://www.woolworths.com.au/shop/productdetails/676616/hart-soul-all-natural-cauliflower-cashew-soup",
    "name": "Hart & Soul All Natural Cauliflower Cashew Soup 400g",
    "image_url": "https://cdn1.woolworths.media/content/wowproductimages/large/676616.jpg",
    "source_id": "Woolworths - 676616",
    "barcode": "9350007001366",
    "category_id": "22770",
    "shop": "Woolworths",
    "weight": "100G",
    "prices": [
      {
        "state": "VIC",
        "price": "450",
        "price_per_unit": "113",
        "price_unit": "G"
      },
      {
        "state": "QLD",
        "price": "450",
        "price_per_unit": "113",
        "price_unit": "G"
      },
      {
        "state": "WA",
        "price": "450",
        "price_per_unit": "113",
        "price_unit": "G"
      },
      {
        "state": "SA",
        "price": "450",
        "price_per_unit": "113",
        "price_unit": "G"
      },
      {
        "state": "TAS",
        "price": "450",
        "price_per_unit": "113",
        "price_unit": "G"
      },
      {
        "state": "ACT",
        "price": "450",
        "price_per_unit": "113",
        "price_unit": "G"
      },
      {
        "state": "NT",
        "price": "470",
        "price_per_unit": "118",
        "price_unit": "G"
      }
    ]
  },
  {
    "source_url": "https://www.woolworths.com.au/shop/productdetails/82416/hart-soul-beef-bone-broth-soup",
    "name": "Hart & Soul Beef Bone Broth Soup 350g",
    "image_url": "https://cdn1.woolworths.media/content/wowproductimages/large/082416.jpg",
    "source_id": "Woolworths - 82416",
    "barcode": "9350007003353",
    "category_id": "22770",
    "shop": "Woolworths",
    "weight": "100G",
    "prices": [
      {
        "state": "VIC",
        "price": "450",
        "price_per_unit": "129",
        "price_unit": "G"
      },
      {
        "state": "QLD",
        "price": "450",
        "price_per_unit": "129",
        "price_unit": "G"
      },
      {
        "state": "WA",
        "price": "450",
        "price_per_unit": "129",
        "price_unit": "G"
      },
      {
        "state": "SA",
        "price": "450",
        "price_per_unit": "129",
        "price_unit": "G"
      },
      {
        "state": "TAS",
        "price": "450",
        "price_per_unit": "129",
        "price_unit": "G"
      },
      {
        "state": "ACT",
        "price": "450",
        "price_per_unit": "129",
        "price_unit": "G"
      },
      {
        "state": "NT",
        "price": "470",
        "price_per_unit": "134",
        "price_unit": "G"
      }
    ]
  },
  {
    "source_url": "https://www.woolworths.com.au/shop/productdetails/438469/hart-soul-chicken-corn-soup-pouch",
    "name": "Hart & Soul Chicken & Corn Soup Pouch 400g",
    "image_url": "https://cdn1.woolworths.media/content/wowproductimages/large/438469.jpg",
    "source_id": "Woolworths - 438469",
    "barcode": "9350007004442",
    "category_id": "22770",
    "shop": "Woolworths",
    "weight": "100G",
    "prices": [
      {
        "state": "VIC",
        "price": "450",
        "price_per_unit": "113",
        "price_unit": "G"
      },
      {
        "state": "QLD",
        "price": "450",
        "price_per_unit": "113",
        "price_unit": "G"
      },
      {
        "state": "WA",
        "price": "450",
        "price_per_unit": "113",
        "price_unit": "G"
      },
      {
        "state": "SA",
        "price": "450",
        "price_per_unit": "113",
        "price_unit": "G"
      },
      {
        "state": "TAS",
        "price": "450",
        "price_per_unit": "113",
        "price_unit": "G"
      },
      {
        "state": "ACT",
        "price": "450",
        "price_per_unit": "113",
        "price_unit": "G"
      },
      {
        "state": "NT",
        "price": "470",
        "price_per_unit": "118",
        "price_unit": "G"
      }
    ]
  },
  {
    "source_url": "https://www.woolworths.com.au/shop/productdetails/81271/hart-soul-chicken-bone-broth-soup",
    "name": "Hart & Soul Chicken Bone Broth Soup 350g",
    "image_url": "https://cdn1.woolworths.media/content/wowproductimages/large/081271.jpg",
    "source_id": "Woolworths - 81271",
    "barcode": "9350007003360",
    "category_id": "22770",
    "shop": "Woolworths",
    "weight": "100G",
    "prices": [
      {
        "state": "VIC",
        "price": "450",
        "price_per_unit": "129",
        "price_unit": "G"
      },
      {
        "state": "QLD",
        "price": "450",
        "price_per_unit": "129",
        "price_unit": "G"
      },
      {
        "state": "WA",
        "price": "450",
        "price_per_unit": "129",
        "price_unit": "G"
      },
      {
        "state": "SA",
        "price": "450",
        "price_per_unit": "129",
        "price_unit": "G"
      },
      {
        "state": "TAS",
        "price": "450",
        "price_per_unit": "129",
        "price_unit": "G"
      },
      {
        "state": "ACT",
        "price": "450",
        "price_per_unit": "129",
        "price_unit": "G"
      },
      {
        "state": "NT",
        "price": "470",
        "price_per_unit": "134",
        "price_unit": "G"
      }
    ]
  },
  {
    "source_url": "https://www.woolworths.com.au/shop/productdetails/438564/hart-soul-coconut-lentil-soup",
    "name": "Hart & Soul Coconut & Lentil Soup 400g",
    "image_url": "https://cdn1.woolworths.media/content/wowproductimages/large/438564.jpg",
    "source_id": "Woolworths - 438564",
    "barcode": "9350007005562",
    "category_id": "22770",
    "shop": "Woolworths",
    "weight": "100G",
    "prices": [
      {
        "state": "VIC",
        "price": "450",
        "price_per_unit": "113",
        "price_unit": "G"
      },
      {
        "state": "QLD",
        "price": "450",
        "price_per_unit": "113",
        "price_unit": "G"
      },
      {
        "state": "WA",
        "price": "450",
        "price_per_unit": "113",
        "price_unit": "G"
      },
      {
        "state": "SA",
        "price": "450",
        "price_per_unit": "113",
        "price_unit": "G"
      },
      {
        "state": "TAS",
        "price": "450",
        "price_per_unit": "113",
        "price_unit": "G"
      },
      {
        "state": "ACT",
        "price": "450",
        "price_per_unit": "113",
        "price_unit": "G"
      },
      {
        "state": "NT",
        "price": "470",
        "price_per_unit": "118",
        "price_unit": "G"
      }
    ]
  },
  {
    "source_url": "https://www.woolworths.com.au/shop/productdetails/576390/hart-soul-coconut-pumpkin-soup-pouch",
    "name": "Hart & Soul Coconut Pumpkin Soup Pouch 400g",
    "image_url": "https://cdn1.woolworths.media/content/wowproductimages/large/576390.jpg",
    "source_id": "Woolworths - 576390",
    "barcode": "9350007006323",
    "category_id": "22770",
    "shop": "Woolworths",
    "weight": "100G",
    "prices": [
      {
        "state": "VIC",
        "price": "450",
        "price_per_unit": "113",
        "price_unit": "G"
      },
      {
        "state": "QLD",
        "price": "450",
        "price_per_unit": "113",
        "price_unit": "G"
      },
      {
        "state": "WA",
        "price": "450",
        "price_per_unit": "113",
        "price_unit": "G"
      },
      {
        "state": "SA",
        "price": "450",
        "price_per_unit": "113",
        "price_unit": "G"
      },
      {
        "state": "TAS",
        "price": "450",
        "price_per_unit": "113",
        "price_unit": "G"
      },
      {
        "state": "ACT",
        "price": "450",
        "price_per_unit": "113",
        "price_unit": "G"
      },
      {
        "state": "NT",
        "price": "470",
        "price_per_unit": "118",
        "price_unit": "G"
      }
    ]
  },
  {
    "source_url": "https://www.woolworths.com.au/shop/productdetails/498174/hart-soul-creamy-chicken-mushroom-soup",
    "name": "Hart & Soul Creamy Chicken & Mushroom Soup 400g",
    "image_url": "https://cdn1.woolworths.media/content/wowproductimages/large/498174.jpg",
    "source_id": "Woolworths - 498174",
    "barcode": "9300602384197",
    "category_id": "22770",
    "shop": "Woolworths",
    "weight": "100G",
    "prices": [
      {
        "state": "VIC",
        "price": "450",
        "price_per_unit": "113",
        "price_unit": "G"
      },
      {
        "state": "QLD",
        "price": "450",
        "price_per_unit": "113",
        "price_unit": "G"
      },
      {
        "state": "WA",
        "price": "450",
        "price_per_unit": "113",
        "price_unit": "G"
      },
      {
        "state": "SA",
        "price": "450",
        "price_per_unit": "113",
        "price_unit": "G"
      },
      {
        "state": "TAS",
        "price": "450",
        "price_per_unit": "113",
        "price_unit": "G"
      },
      {
        "state": "ACT",
        "price": "450",
        "price_per_unit": "113",
        "price_unit": "G"
      },
      {
        "state": "NT",
        "price": "470",
        "price_per_unit": "118",
        "price_unit": "G"
      }
    ]
  },
  {
    "source_url": "https://www.woolworths.com.au/shop/productdetails/267219/hart-soul-creamy-chicken-and-noodle-soup",
    "name": "Hart & Soul Creamy Chicken And Noodle Soup 400g",
    "image_url": "https://cdn1.woolworths.media/content/wowproductimages/large/267219.jpg",
    "source_id": "Woolworths - 267219",
    "barcode": "9300602378103",
    "category_id": "22770",
    "shop": "Woolworths",
    "weight": "100G",
    "prices": [
      {
        "state": "VIC",
        "price": "450",
        "price_per_unit": "113",
        "price_unit": "G"
      },
      {
        "state": "QLD",
        "price": "450",
        "price_per_unit": "113",
        "price_unit": "G"
      },
      {
        "state": "WA",
        "price": "450",
        "price_per_unit": "113",
        "price_unit": "G"
      },
      {
        "state": "SA",
        "price": "450",
        "price_per_unit": "113",
        "price_unit": "G"
      },
      {
        "state": "TAS",
        "price": "450",
        "price_per_unit": "113",
        "price_unit": "G"
      },
      {
        "state": "ACT",
        "price": "450",
        "price_per_unit": "113",
        "price_unit": "G"
      },
      {
        "state": "NT",
        "price": "470",
        "price_per_unit": "118",
        "price_unit": "G"
      }
    ]
  },
  {
    "source_url": "https://www.woolworths.com.au/shop/productdetails/438465/hart-soul-laksa-soup-pouch",
    "name": "Hart & Soul Laksa Soup Pouch 400g",
    "image_url": "https://cdn1.woolworths.media/content/wowproductimages/large/438465.jpg",
    "source_id": "Woolworths - 438465",
    "barcode": "9350007002226",
    "category_id": "22770",
    "shop": "Woolworths",
    "weight": "100G",
    "prices": [
      {
        "state": "VIC",
        "price": "450",
        "price_per_unit": "113",
        "price_unit": "G"
      },
      {
        "state": "QLD",
        "price": "450",
        "price_per_unit": "113",
        "price_unit": "G"
      },
      {
        "state": "WA",
        "price": "450",
        "price_per_unit": "113",
        "price_unit": "G"
      },
      {
        "state": "SA",
        "price": "450",
        "price_per_unit": "113",
        "price_unit": "G"
      },
      {
        "state": "TAS",
        "price": "450",
        "price_per_unit": "113",
        "price_unit": "G"
      },
      {
        "state": "ACT",
        "price": "450",
        "price_per_unit": "113",
        "price_unit": "G"
      },
      {
        "state": "NT",
        "price": "470",
        "price_per_unit": "118",
        "price_unit": "G"
      }
    ]
  },
  {
    "source_url": "https://www.woolworths.com.au/shop/productdetails/438459/hart-soul-pho-konjac-soup-pouch",
    "name": "Hart & Soul Pho Konjac Soup Pouch 400g",
    "image_url": "https://cdn1.woolworths.media/content/wowproductimages/large/438459.jpg",
    "source_id": "Woolworths - 438459",
    "barcode": "9350007009980",
    "category_id": "22770",
    "shop": "Woolworths",
    "weight": "100G",
    "prices": [
      {
        "state": "VIC",
        "price": "450",
        "price_per_unit": "113",
        "price_unit": "G"
      },
      {
        "state": "QLD",
        "price": "450",
        "price_per_unit": "113",
        "price_unit": "G"
      },
      {
        "state": "WA",
        "price": "450",
        "price_per_unit": "113",
        "price_unit": "G"
      },
      {
        "state": "SA",
        "price": "450",
        "price_per_unit": "113",
        "price_unit": "G"
      },
      {
        "state": "TAS",
        "price": "450",
        "price_per_unit": "113",
        "price_unit": "G"
      },
      {
        "state": "ACT",
        "price": "450",
        "price_per_unit": "113",
        "price_unit": "G"
      },
      {
        "state": "NT",
        "price": "470",
        "price_per_unit": "118",
        "price_unit": "G"
      }
    ]
  },
  {
    "source_url": "https://www.woolworths.com.au/shop/productdetails/224190/heinz-big-n-chunky-bacon-steak-potato-soup",
    "name": "Heinz Big n Chunky Bacon, Steak, Potato Soup 535g",
    "image_url": "https://cdn1.woolworths.media/content/wowproductimages/large/224190.jpg",
    "source_id": "Woolworths - 224190",
    "barcode": "9300657031527",
    "category_id": "22770",
    "shop": "Woolworths",
    "weight": "100G",
    "prices": [
      {
        "state": "VIC",
        "price": "440",
        "price_per_unit": "82",
        "price_unit": "G"
      },
      {
        "state": "QLD",
        "price": "440",
        "price_per_unit": "82",
        "price_unit": "G"
      },
      {
        "state": "WA",
        "price": "400",
        "price_per_unit": "75",
        "price_unit": "G"
      },
      {
        "state": "SA",
        "price": "440",
        "price_per_unit": "82",
        "price_unit": "G"
      },
      {
        "state": "TAS",
        "price": "440",
        "price_per_unit": "82",
        "price_unit": "G"
      },
      {
        "state": "ACT",
        "price": "440",
        "price_per_unit": "82",
        "price_unit": "G"
      },
      {
        "state": "NT",
        "price": "460",
        "price_per_unit": "86",
        "price_unit": "G"
      }
    ]
  },
  {
    "source_url": "https://www.woolworths.com.au/shop/productdetails/224203/heinz-big-n-chunky-beef-stockpot-soup",
    "name": "Heinz Big n Chunky Beef Stockpot Soup 535g",
    "image_url": "https://cdn1.woolworths.media/content/wowproductimages/large/224203.jpg",
    "source_id": "Woolworths - 224203",
    "barcode": "9300657031510",
    "category_id": "22770",
    "shop": "Woolworths",
    "weight": "100G",
    "prices": [
      {
        "state": "VIC",
        "price": "440",
        "price_per_unit": "82",
        "price_unit": "G"
      },
      {
        "state": "QLD",
        "price": "440",
        "price_per_unit": "82",
        "price_unit": "G"
      },
      {
        "state": "WA",
        "price": "400",
        "price_per_unit": "75",
        "price_unit": "G"
      },
      {
        "state": "SA",
        "price": "440",
        "price_per_unit": "82",
        "price_unit": "G"
      },
      {
        "state": "TAS",
        "price": "440",
        "price_per_unit": "82",
        "price_unit": "G"
      },
      {
        "state": "ACT",
        "price": "440",
        "price_per_unit": "82",
        "price_unit": "G"
      },
      {
        "state": "NT",
        "price": "460",
        "price_per_unit": "86",
        "price_unit": "G"
      }
    ]
  },
  {
    "source_url": "https://www.woolworths.com.au/shop/productdetails/167628/heinz-big-n-chunky-chicken-corn-soup-tinned-ready-meals",
    "name": "Heinz Big n Chunky Chicken & Corn Soup Tinned Ready Meals 535g",
    "image_url": "https://cdn1.woolworths.media/content/wowproductimages/large/167628.jpg",
    "source_id": "Woolworths - 167628",
    "barcode": "9400547030446",
    "category_id": "22770",
    "shop": "Woolworths",
    "weight": "100G",
    "prices": [
      {
        "state": "VIC",
        "price": "440",
        "price_per_unit": "82",
        "price_unit": "G"
      },
      {
        "state": "QLD",
        "price": "440",
        "price_per_unit": "82",
        "price_unit": "G"
      },
      {
        "state": "WA",
        "price": "400",
        "price_per_unit": "75",
        "price_unit": "G"
      },
      {
        "state": "SA",
        "price": "440",
        "price_per_unit": "82",
        "price_unit": "G"
      },
      {
        "state": "TAS",
        "price": "440",
        "price_per_unit": "82",
        "price_unit": "G"
      },
      {
        "state": "ACT",
        "price": "440",
        "price_per_unit": "82",
        "price_unit": "G"
      },
      {
        "state": "NT",
        "price": "460",
        "price_per_unit": "86",
        "price_unit": "G"
      }
    ]
  },
  {
    "source_url": "https://www.woolworths.com.au/shop/productdetails/750407/heinz-big-n-chunky-mexican-chilli-beef-soup-ready-meals",
    "name": "Heinz Big n Chunky Mexican Chilli Beef Soup Ready Meals 520g",
    "image_url": "https://cdn1.woolworths.media/content/wowproductimages/large/750407.jpg",
    "source_id": "Woolworths - 750407",
    "barcode": "9300657036010",
    "category_id": "22770",
    "shop": "Woolworths",
    "weight": "100G",
    "prices": [
      {
        "state": "VIC",
        "price": "440",
        "price_per_unit": "85",
        "price_unit": "G"
      },
      {
        "state": "QLD",
        "price": "440",
        "price_per_unit": "85",
        "price_unit": "G"
      },
      {
        "state": "WA",
        "price": "400",
        "price_per_unit": "77",
        "price_unit": "G"
      },
      {
        "state": "SA",
        "price": "440",
        "price_per_unit": "85",
        "price_unit": "G"
      },
      {
        "state": "TAS",
        "price": "440",
        "price_per_unit": "85",
        "price_unit": "G"
      },
      {
        "state": "ACT",
        "price": "440",
        "price_per_unit": "85",
        "price_unit": "G"
      },
      {
        "state": "NT",
        "price": "460",
        "price_per_unit": "88",
        "price_unit": "G"
      }
    ]
  },
  {
    "source_url": "https://www.woolworths.com.au/shop/productdetails/224195/heinz-big-n-chunky-peppered-steak-soup-tinned-ready-meals",
    "name": "Heinz Big n Chunky Peppered Steak Soup Tinned Ready Meals 535g",
    "image_url": "https://cdn1.woolworths.media/content/wowproductimages/large/224195.jpg",
    "source_id": "Woolworths - 224195",
    "barcode": "9300657031558",
    "category_id": "22770",
    "shop": "Woolworths",
    "weight": "100G",
    "prices": [
      {
        "state": "VIC",
        "price": "440",
        "price_per_unit": "82",
        "price_unit": "G"
      },
      {
        "state": "QLD",
        "price": "440",
        "price_per_unit": "82",
        "price_unit": "G"
      },
      {
        "state": "WA",
        "price": "400",
        "price_per_unit": "75",
        "price_unit": "G"
      },
      {
        "state": "SA",
        "price": "440",
        "price_per_unit": "82",
        "price_unit": "G"
      },
      {
        "state": "TAS",
        "price": "440",
        "price_per_unit": "82",
        "price_unit": "G"
      },
      {
        "state": "ACT",
        "price": "440",
        "price_per_unit": "82",
        "price_unit": "G"
      },
      {
        "state": "NT",
        "price": "460",
        "price_per_unit": "86",
        "price_unit": "G"
      }
    ]
  },
  {
    "source_url": "https://www.woolworths.com.au/shop/productdetails/298168/heinz-big-n-chunky-ravioli-with-beef-tomato-canned-meal",
    "name": "Heinz Big n Chunky Ravioli With Beef & Tomato Canned Meal 535g",
    "image_url": "https://cdn1.woolworths.media/content/wowproductimages/large/298168.jpg",
    "source_id": "Woolworths - 298168",
    "barcode": "9300657032760",
    "category_id": "22770",
    "shop": "Woolworths",
    "weight": "100G",
    "prices": [
      {
        "state": "VIC",
        "price": "440",
        "price_per_unit": "82",
        "price_unit": "G"
      },
      {
        "state": "QLD",
        "price": "440",
        "price_per_unit": "82",
        "price_unit": "G"
      },
      {
        "state": "WA",
        "price": "400",
        "price_per_unit": "75",
        "price_unit": "G"
      },
      {
        "state": "SA",
        "price": "440",
        "price_per_unit": "82",
        "price_unit": "G"
      },
      {
        "state": "TAS",
        "price": "440",
        "price_per_unit": "82",
        "price_unit": "G"
      },
      {
        "state": "ACT",
        "price": "440",
        "price_per_unit": "82",
        "price_unit": "G"
      },
      {
        "state": "NT",
        "price": "460",
        "price_per_unit": "86",
        "price_unit": "G"
      }
    ]
  },
  {
    "source_url": "https://www.woolworths.com.au/shop/productdetails/113847/heinz-big-red-condensed-tomato-soup-big-red-tomato",
    "name": "Heinz Big Red Condensed Tomato Soup 820g",
    "image_url": "https://cdn1.woolworths.media/content/wowproductimages/large/113847.jpg",
    "source_id": "Woolworths - 113847",
    "barcode": "9400544011219",
    "category_id": "22770",
    "shop": "Woolworths",
    "weight": "100G",
    "prices": [
      {
        "state": "VIC",
        "price": "390",
        "price_per_unit": "48",
        "price_unit": "G"
      },
      {
        "state": "QLD",
        "price": "390",
        "price_per_unit": "48",
        "price_unit": "G"
      },
      {
        "state": "WA",
        "price": "390",
        "price_per_unit": "48",
        "price_unit": "G"
      },
      {
        "state": "SA",
        "price": "390",
        "price_per_unit": "48",
        "price_unit": "G"
      },
      {
        "state": "TAS",
        "price": "390",
        "price_per_unit": "48",
        "price_unit": "G"
      },
      {
        "state": "ACT",
        "price": "390",
        "price_per_unit": "48",
        "price_unit": "G"
      },
      {
        "state": "NT",
        "price": "410",
        "price_per_unit": "50",
        "price_unit": "G"
      }
    ]
  },
  {
    "source_url": "https://www.woolworths.com.au/shop/productdetails/204839/heinz-classic-chicken-sweetcorn-soup",
    "name": "Heinz Classic Chicken & Sweetcorn Soup 535g",
    "image_url": "https://cdn1.woolworths.media/content/wowproductimages/large/204839.jpg",
    "source_id": "Woolworths - 204839",
    "barcode": "9300657031275",
    "category_id": "22770",
    "shop": "Woolworths",
    "weight": "100G",
    "prices": [
      {
        "state": "VIC",
        "price": "440",
        "price_per_unit": "82",
        "price_unit": "G"
      },
      {
        "state": "QLD",
        "price": "440",
        "price_per_unit": "82",
        "price_unit": "G"
      },
      {
        "state": "WA",
        "price": "440",
        "price_per_unit": "82",
        "price_unit": "G"
      },
      {
        "state": "SA",
        "price": "440",
        "price_per_unit": "82",
        "price_unit": "G"
      },
      {
        "state": "TAS",
        "price": "440",
        "price_per_unit": "82",
        "price_unit": "G"
      },
      {
        "state": "ACT",
        "price": "440",
        "price_per_unit": "82",
        "price_unit": "G"
      },
      {
        "state": "NT",
        "price": "460",
        "price_per_unit": "86",
        "price_unit": "G"
      }
    ]
  },
  {
    "source_url": "https://www.woolworths.com.au/shop/productdetails/20749/heinz-classic-country-chicken-soup-canned-soup-ready-meals",
    "name": "Heinz Classic Country Chicken Soup Canned Soup Ready Meals 535g",
    "image_url": "https://cdn1.woolworths.media/content/wowproductimages/large/020749.jpg",
    "source_id": "Woolworths - 20749",
    "barcode": "9400547020591",
    "category_id": "22770",
    "shop": "Woolworths",
    "weight": "100G",
    "prices": [
      {
        "state": "VIC",
        "price": "440",
        "price_per_unit": "82",
        "price_unit": "G"
      },
      {
        "state": "QLD",
        "price": "440",
        "price_per_unit": "82",
        "price_unit": "G"
      },
      {
        "state": "WA",
        "price": "440",
        "price_per_unit": "82",
        "price_unit": "G"
      },
      {
        "state": "SA",
        "price": "440",
        "price_per_unit": "82",
        "price_unit": "G"
      },
      {
        "state": "TAS",
        "price": "440",
        "price_per_unit": "82",
        "price_unit": "G"
      },
      {
        "state": "ACT",
        "price": "440",
        "price_per_unit": "82",
        "price_unit": "G"
      },
      {
        "state": "NT",
        "price": "460",
        "price_per_unit": "86",
        "price_unit": "G"
      }
    ]
  },
  {
    "source_url": "https://www.woolworths.com.au/shop/productdetails/828503/heinz-classic-creamy-chicken-mushroom-soup-ready-meals",
    "name": "Heinz Classic Creamy Chicken & Mushroom Soup Ready Meals 520g",
    "image_url": "https://cdn1.woolworths.media/content/wowproductimages/large/828503.jpg",
    "source_id": "Woolworths - 828503",
    "barcode": "9300657234447",
    "category_id": "22770",
    "shop": "Woolworths",
    "weight": "100G",
    "prices": [
      {
        "state": "VIC",
        "price": "440",
        "price_per_unit": "85",
        "price_unit": "G"
      },
      {
        "state": "QLD",
        "price": "440",
        "price_per_unit": "85",
        "price_unit": "G"
      },
      {
        "state": "WA",
        "price": "440",
        "price_per_unit": "85",
        "price_unit": "G"
      },
      {
        "state": "SA",
        "price": "440",
        "price_per_unit": "85",
        "price_unit": "G"
      },
      {
        "state": "TAS",
        "price": "440",
        "price_per_unit": "85",
        "price_unit": "G"
      },
      {
        "state": "ACT",
        "price": "440",
        "price_per_unit": "85",
        "price_unit": "G"
      },
      {
        "state": "NT",
        "price": "460",
        "price_per_unit": "88",
        "price_unit": "G"
      }
    ]
  },
  {
    "source_url": "https://www.woolworths.com.au/shop/productdetails/167602/heinz-classic-pea-ham-soup-canned-soup-ready-meals",
    "name": "Heinz Classic Pea & Ham Soup Canned Soup Ready Meals 535g",
    "image_url": "https://cdn1.woolworths.media/content/wowproductimages/large/167602.jpg",
    "source_id": "Woolworths - 167602",
    "barcode": "9400547030507",
    "category_id": "22770",
    "shop": "Woolworths",
    "weight": "100G",
    "prices": [
      {
        "state": "VIC",
        "price": "440",
        "price_per_unit": "82",
        "price_unit": "G"
      },
      {
        "state": "QLD",
        "price": "440",
        "price_per_unit": "82",
        "price_unit": "G"
      },
      {
        "state": "WA",
        "price": "440",
        "price_per_unit": "82",
        "price_unit": "G"
      },
      {
        "state": "SA",
        "price": "440",
        "price_per_unit": "82",
        "price_unit": "G"
      },
      {
        "state": "TAS",
        "price": "440",
        "price_per_unit": "82",
        "price_unit": "G"
      },
      {
        "state": "ACT",
        "price": "440",
        "price_per_unit": "82",
        "price_unit": "G"
      },
      {
        "state": "NT",
        "price": "460",
        "price_per_unit": "86",
        "price_unit": "G"
      }
    ]
  },
  {
    "source_url": "https://www.woolworths.com.au/shop/productdetails/224221/heinz-classic-winter-vegetable-soup-winter-vegetable",
    "name": "Heinz Classic Winter Vegetable Soup 535g",
    "image_url": "https://cdn1.woolworths.media/content/wowproductimages/large/224221.jpg",
    "source_id": "Woolworths - 224221",
    "barcode": "9300657031459",
    "category_id": "22770",
    "shop": "Woolworths",
    "weight": "100G",
    "prices": [
      {
        "state": "VIC",
        "price": "440",
        "price_per_unit": "82",
        "price_unit": "G"
      },
      {
        "state": "QLD",
        "price": "440",
        "price_per_unit": "82",
        "price_unit": "G"
      },
      {
        "state": "WA",
        "price": "440",
        "price_per_unit": "82",
        "price_unit": "G"
      },
      {
        "state": "SA",
        "price": "440",
        "price_per_unit": "82",
        "price_unit": "G"
      },
      {
        "state": "TAS",
        "price": "440",
        "price_per_unit": "82",
        "price_unit": "G"
      },
      {
        "state": "ACT",
        "price": "440",
        "price_per_unit": "82",
        "price_unit": "G"
      }
    ]
  },
  {
    "source_url": "https://www.woolworths.com.au/shop/productdetails/750320/heinz-soup-of-the-day-buttercup-pumpkin-veg-soup-pouch",
    "name": "Heinz Soup Of The Day Buttercup Pumpkin & Veg Soup Pouch 430g",
    "image_url": "https://cdn1.woolworths.media/content/wowproductimages/large/750320.jpg",
    "source_id": "Woolworths - 750320",
    "barcode": "9300657236847",
    "category_id": "22770",
    "shop": "Woolworths",
    "weight": "100G",
    "prices": [
      {
        "state": "VIC",
        "price": "450",
        "price_per_unit": "105",
        "price_unit": "G"
      },
      {
        "state": "QLD",
        "price": "450",
        "price_per_unit": "105",
        "price_unit": "G"
      },
      {
        "state": "WA",
        "price": "450",
        "price_per_unit": "105",
        "price_unit": "G"
      },
      {
        "state": "SA",
        "price": "450",
        "price_per_unit": "105",
        "price_unit": "G"
      },
      {
        "state": "TAS",
        "price": "450",
        "price_per_unit": "105",
        "price_unit": "G"
      },
      {
        "state": "ACT",
        "price": "450",
        "price_per_unit": "105",
        "price_unit": "G"
      },
      {
        "state": "NT",
        "price": "475",
        "price_per_unit": "110",
        "price_unit": "G"
      }
    ]
  },
  {
    "source_url": "https://www.woolworths.com.au/shop/productdetails/750522/heinz-soup-of-the-day-creamy-mushroom-with-thyme-soup-pouch",
    "name": "Heinz Soup Of The Day Creamy Mushroom With Thyme Soup Pouch 430g",
    "image_url": "https://cdn1.woolworths.media/content/wowproductimages/large/750522.jpg",
    "source_id": "Woolworths - 750522",
    "barcode": "9300657236854",
    "category_id": "22770",
    "shop": "Woolworths",
    "weight": "100G",
    "prices": [
      {
        "state": "VIC",
        "price": "450",
        "price_per_unit": "105",
        "price_unit": "G"
      },
      {
        "state": "QLD",
        "price": "450",
        "price_per_unit": "105",
        "price_unit": "G"
      },
      {
        "state": "WA",
        "price": "450",
        "price_per_unit": "105",
        "price_unit": "G"
      },
      {
        "state": "SA",
        "price": "450",
        "price_per_unit": "105",
        "price_unit": "G"
      },
      {
        "state": "TAS",
        "price": "450",
        "price_per_unit": "105",
        "price_unit": "G"
      },
      {
        "state": "ACT",
        "price": "450",
        "price_per_unit": "105",
        "price_unit": "G"
      },
      {
        "state": "NT",
        "price": "475",
        "price_per_unit": "110",
        "price_unit": "G"
      }
    ]
  },
  {
    "source_url": "https://www.woolworths.com.au/shop/productdetails/781572/heinz-soup-of-the-day-green-pea-with-ham-soup-pouch",
    "name": "Heinz Soup Of The Day Green Pea With Ham Soup Pouch 430g",
    "image_url": "https://cdn1.woolworths.media/content/wowproductimages/large/781572.jpg",
    "source_id": "Woolworths - 781572",
    "barcode": "9300657236922",
    "category_id": "22770",
    "shop": "Woolworths",
    "weight": "100G",
    "prices": [
      {
        "state": "VIC",
        "price": "450",
        "price_per_unit": "105",
        "price_unit": "G"
      },
      {
        "state": "QLD",
        "price": "450",
        "price_per_unit": "105",
        "price_unit": "G"
      },
      {
        "state": "WA",
        "price": "450",
        "price_per_unit": "105",
        "price_unit": "G"
      },
      {
        "state": "SA",
        "price": "450",
        "price_per_unit": "105",
        "price_unit": "G"
      },
      {
        "state": "TAS",
        "price": "450",
        "price_per_unit": "105",
        "price_unit": "G"
      },
      {
        "state": "ACT",
        "price": "450",
        "price_per_unit": "105",
        "price_unit": "G"
      },
      {
        "state": "NT",
        "price": "475",
        "price_per_unit": "110",
        "price_unit": "G"
      }
    ]
  },
  {
    "source_url": "https://www.woolworths.com.au/shop/productdetails/203960/heinz-soup-of-the-day-pumpkin-cauliflower-turmeric",
    "name": "Heinz Soup Of The Day Pumpkin Cauliflower & Turmeric 430g",
    "image_url": "https://cdn1.woolworths.media/content/wowproductimages/large/203960.jpg",
    "source_id": "Woolworths - 203960",
    "barcode": "9300657235963",
    "category_id": "22770",
    "shop": "Woolworths",
    "weight": "100G",
    "prices": [
      {
        "state": "VIC",
        "price": "450",
        "price_per_unit": "105",
        "price_unit": "G"
      },
      {
        "state": "QLD",
        "price": "450",
        "price_per_unit": "105",
        "price_unit": "G"
      },
      {
        "state": "WA",
        "price": "450",
        "price_per_unit": "105",
        "price_unit": "G"
      },
      {
        "state": "SA",
        "price": "450",
        "price_per_unit": "105",
        "price_unit": "G"
      },
      {
        "state": "TAS",
        "price": "450",
        "price_per_unit": "105",
        "price_unit": "G"
      },
      {
        "state": "ACT",
        "price": "450",
        "price_per_unit": "105",
        "price_unit": "G"
      },
      {
        "state": "NT",
        "price": "475",
        "price_per_unit": "110",
        "price_unit": "G"
      }
    ]
  },
  {
    "source_url": "https://www.woolworths.com.au/shop/productdetails/781575/heinz-soup-of-the-day-spanish-style-chicken-paella",
    "name": "Heinz Soup Of The Day Spanish-Style Chicken Paella 430g",
    "image_url": "https://cdn1.woolworths.media/content/wowproductimages/large/781575.jpg",
    "source_id": "Woolworths - 781575",
    "barcode": "9300657236908",
    "category_id": "22770",
    "shop": "Woolworths",
    "weight": "100G",
    "prices": [
      {
        "state": "VIC",
        "price": "450",
        "price_per_unit": "105",
        "price_unit": "G"
      },
      {
        "state": "QLD",
        "price": "450",
        "price_per_unit": "105",
        "price_unit": "G"
      },
      {
        "state": "WA",
        "price": "450",
        "price_per_unit": "105",
        "price_unit": "G"
      },
      {
        "state": "SA",
        "price": "450",
        "price_per_unit": "105",
        "price_unit": "G"
      },
      {
        "state": "TAS",
        "price": "450",
        "price_per_unit": "105",
        "price_unit": "G"
      },
      {
        "state": "ACT",
        "price": "450",
        "price_per_unit": "105",
        "price_unit": "G"
      },
      {
        "state": "NT",
        "price": "475",
        "price_per_unit": "110",
        "price_unit": "G"
      }
    ]
  },
  {
    "source_url": "https://www.woolworths.com.au/shop/productdetails/781560/heinz-soup-of-the-day-thai-style-chicken-chilli-soup-pouch",
    "name": "Heinz Soup Of The Day Thai Style Chicken & Chilli Soup Pouch 430g",
    "image_url": "https://cdn1.woolworths.media/content/wowproductimages/large/781560.jpg",
    "source_id": "Woolworths - 781560",
    "barcode": "9300657236915",
    "category_id": "22770",
    "shop": "Woolworths",
    "weight": "100G",
    "prices": [
      {
        "state": "VIC",
        "price": "450",
        "price_per_unit": "105",
        "price_unit": "G"
      },
      {
        "state": "QLD",
        "price": "450",
        "price_per_unit": "105",
        "price_unit": "G"
      },
      {
        "state": "WA",
        "price": "450",
        "price_per_unit": "105",
        "price_unit": "G"
      },
      {
        "state": "SA",
        "price": "450",
        "price_per_unit": "105",
        "price_unit": "G"
      },
      {
        "state": "TAS",
        "price": "450",
        "price_per_unit": "105",
        "price_unit": "G"
      },
      {
        "state": "ACT",
        "price": "450",
        "price_per_unit": "105",
        "price_unit": "G"
      },
      {
        "state": "NT",
        "price": "475",
        "price_per_unit": "110",
        "price_unit": "G"
      }
    ]
  },
  {
    "source_url": "https://www.woolworths.com.au/shop/productdetails/750525/heinz-soup-of-the-day-tomato-vegetable-lentil-soup-pouch",
    "name": "Heinz Soup Of The Day Tomato, Vegetable & Lentil Soup Pouch 430g",
    "image_url": "https://cdn1.woolworths.media/content/wowproductimages/large/750525.jpg",
    "source_id": "Woolworths - 750525",
    "barcode": "9300657236885",
    "category_id": "22770",
    "shop": "Woolworths",
    "weight": "100G",
    "prices": [
      {
        "state": "VIC",
        "price": "450",
        "price_per_unit": "105",
        "price_unit": "G"
      },
      {
        "state": "QLD",
        "price": "450",
        "price_per_unit": "105",
        "price_unit": "G"
      },
      {
        "state": "WA",
        "price": "450",
        "price_per_unit": "105",
        "price_unit": "G"
      },
      {
        "state": "SA",
        "price": "450",
        "price_per_unit": "105",
        "price_unit": "G"
      },
      {
        "state": "TAS",
        "price": "450",
        "price_per_unit": "105",
        "price_unit": "G"
      },
      {
        "state": "ACT",
        "price": "450",
        "price_per_unit": "105",
        "price_unit": "G"
      },
      {
        "state": "NT",
        "price": "475",
        "price_per_unit": "110",
        "price_unit": "G"
      }
    ]
  },
  {
    "source_url": "https://www.woolworths.com.au/shop/productdetails/856749/heinz-soup-of-the-day-veg-lentil-chilli-paprika-soup-pouch",
    "name": "Heinz Soup Of The Day Veg & Lentil Chilli Paprika Soup Pouch 430g",
    "image_url": "https://cdn1.woolworths.media/content/wowproductimages/large/856749.jpg",
    "source_id": "Woolworths - 856749",
    "barcode": "9300657236960",
    "category_id": "22770",
    "shop": "Woolworths",
    "weight": "100G",
    "prices": [
      {
        "state": "VIC",
        "price": "450",
        "price_per_unit": "105",
        "price_unit": "G"
      },
      {
        "state": "QLD",
        "price": "450",
        "price_per_unit": "105",
        "price_unit": "G"
      },
      {
        "state": "WA",
        "price": "450",
        "price_per_unit": "105",
        "price_unit": "G"
      },
      {
        "state": "SA",
        "price": "450",
        "price_per_unit": "105",
        "price_unit": "G"
      },
      {
        "state": "TAS",
        "price": "450",
        "price_per_unit": "105",
        "price_unit": "G"
      },
      {
        "state": "ACT",
        "price": "450",
        "price_per_unit": "105",
        "price_unit": "G"
      },
      {
        "state": "NT",
        "price": "475",
        "price_per_unit": "110",
        "price_unit": "G"
      }
    ]
  },
  {
    "source_url": "https://www.woolworths.com.au/shop/productdetails/856305/heinz-soup-potato-leek-soup",
    "name": "Heinz Soup Potato & Leek Soup 430g",
    "image_url": "https://cdn1.woolworths.media/content/wowproductimages/large/856305.jpg",
    "source_id": "Woolworths - 856305",
    "barcode": "9300657236977",
    "category_id": "22770",
    "shop": "Woolworths",
    "weight": "100G",
    "prices": [
      {
        "state": "VIC",
        "price": "450",
        "price_per_unit": "105",
        "price_unit": "G"
      },
      {
        "state": "QLD",
        "price": "450",
        "price_per_unit": "105",
        "price_unit": "G"
      },
      {
        "state": "WA",
        "price": "450",
        "price_per_unit": "105",
        "price_unit": "G"
      },
      {
        "state": "SA",
        "price": "450",
        "price_per_unit": "105",
        "price_unit": "G"
      },
      {
        "state": "TAS",
        "price": "450",
        "price_per_unit": "105",
        "price_unit": "G"
      },
      {
        "state": "ACT",
        "price": "450",
        "price_per_unit": "105",
        "price_unit": "G"
      },
      {
        "state": "NT",
        "price": "475",
        "price_per_unit": "110",
        "price_unit": "G"
      }
    ]
  },
  {
    "source_url": "https://www.woolworths.com.au/shop/productdetails/750524/heinz-soup-spicy-pumpkin-soup",
    "name": "Heinz Soup Spicy Pumpkin Soup 430g",
    "image_url": "https://cdn1.woolworths.media/content/wowproductimages/large/750524.jpg",
    "source_id": "Woolworths - 750524",
    "barcode": "9300657236878",
    "category_id": "22770",
    "shop": "Woolworths",
    "weight": "100G",
    "prices": [
      {
        "state": "VIC",
        "price": "450",
        "price_per_unit": "105",
        "price_unit": "G"
      },
      {
        "state": "QLD",
        "price": "450",
        "price_per_unit": "105",
        "price_unit": "G"
      },
      {
        "state": "WA",
        "price": "450",
        "price_per_unit": "105",
        "price_unit": "G"
      },
      {
        "state": "SA",
        "price": "450",
        "price_per_unit": "105",
        "price_unit": "G"
      },
      {
        "state": "TAS",
        "price": "450",
        "price_per_unit": "105",
        "price_unit": "G"
      },
      {
        "state": "ACT",
        "price": "450",
        "price_per_unit": "105",
        "price_unit": "G"
      },
      {
        "state": "NT",
        "price": "475",
        "price_per_unit": "110",
        "price_unit": "G"
      }
    ]
  },
  {
    "source_url": "https://www.woolworths.com.au/shop/productdetails/370227/la-zuppa-microwave-soup-chicken-veg-wholegrain",
    "name": "La Zuppa Microwave Soup Chicken Veg & Wholegrain 420g",
    "image_url": "https://cdn1.woolworths.media/content/wowproductimages/large/370227.jpg",
    "source_id": "Woolworths - 370227",
    "barcode": "9300637505253",
    "category_id": "22770",
    "shop": "Woolworths",
    "weight": "100G",
    "prices": [
      {
        "state": "VIC",
        "price": "460",
        "price_per_unit": "110",
        "price_unit": "G"
      },
      {
        "state": "WA",
        "price": "460",
        "price_per_unit": "110",
        "price_unit": "G"
      },
      {
        "state": "SA",
        "price": "460",
        "price_per_unit": "110",
        "price_unit": "G"
      },
      {
        "state": "TAS",
        "price": "460",
        "price_per_unit": "110",
        "price_unit": "G"
      },
      {
        "state": "ACT",
        "price": "460",
        "price_per_unit": "110",
        "price_unit": "G"
      },
      {
        "state": "NT",
        "price": "485",
        "price_per_unit": "115",
        "price_unit": "G"
      }
    ]
  },
  {
    "source_url": "https://www.woolworths.com.au/shop/productdetails/297728/la-zuppa-microwave-soup-minestrone-minestrone",
    "name": "La Zuppa Microwave Soup Minestrone 420g",
    "image_url": "https://cdn1.woolworths.media/content/wowproductimages/large/297728.jpg",
    "source_id": "Woolworths - 297728",
    "barcode": "9300637503037",
    "category_id": "22770",
    "shop": "Woolworths",
    "weight": "100G",
    "prices": [
      {
        "state": "VIC",
        "price": "460",
        "price_per_unit": "110",
        "price_unit": "G"
      },
      {
        "state": "QLD",
        "price": "460",
        "price_per_unit": "110",
        "price_unit": "G"
      },
      {
        "state": "WA",
        "price": "460",
        "price_per_unit": "110",
        "price_unit": "G"
      },
      {
        "state": "SA",
        "price": "460",
        "price_per_unit": "110",
        "price_unit": "G"
      },
      {
        "state": "TAS",
        "price": "460",
        "price_per_unit": "110",
        "price_unit": "G"
      },
      {
        "state": "ACT",
        "price": "460",
        "price_per_unit": "110",
        "price_unit": "G"
      },
      {
        "state": "NT",
        "price": "485",
        "price_per_unit": "115",
        "price_unit": "G"
      }
    ]
  },
  {
    "source_url": "https://www.woolworths.com.au/shop/productdetails/297729/la-zuppa-microwave-soup-pumpkin-pumpkin",
    "name": "La Zuppa Microwave Soup Pumpkin 420g",
    "image_url": "https://cdn1.woolworths.media/content/wowproductimages/large/297729.jpg",
    "source_id": "Woolworths - 297729",
    "barcode": "9300637503006",
    "category_id": "22770",
    "shop": "Woolworths",
    "weight": "100G",
    "prices": [
      {
        "state": "VIC",
        "price": "460",
        "price_per_unit": "110",
        "price_unit": "G"
      },
      {
        "state": "QLD",
        "price": "460",
        "price_per_unit": "110",
        "price_unit": "G"
      },
      {
        "state": "WA",
        "price": "460",
        "price_per_unit": "110",
        "price_unit": "G"
      },
      {
        "state": "SA",
        "price": "460",
        "price_per_unit": "110",
        "price_unit": "G"
      },
      {
        "state": "TAS",
        "price": "460",
        "price_per_unit": "110",
        "price_unit": "G"
      },
      {
        "state": "ACT",
        "price": "460",
        "price_per_unit": "110",
        "price_unit": "G"
      },
      {
        "state": "NT",
        "price": "485",
        "price_per_unit": "115",
        "price_unit": "G"
      }
    ]
  },
  {
    "source_url": "https://www.woolworths.com.au/shop/productdetails/484647/la-zuppa-soup-pouch-chicken-sweetcorn",
    "name": "La Zuppa Soup Pouch Chicken & Sweetcorn 400g",
    "image_url": "https://cdn1.woolworths.media/content/wowproductimages/large/484647.jpg",
    "source_id": "Woolworths - 484647",
    "barcode": "9300637508551",
    "category_id": "22770",
    "shop": "Woolworths",
    "weight": "100G",
    "prices": [
      {
        "state": "VIC",
        "price": "470",
        "price_per_unit": "118",
        "price_unit": "G"
      },
      {
        "state": "QLD",
        "price": "470",
        "price_per_unit": "118",
        "price_unit": "G"
      },
      {
        "state": "WA",
        "price": "470",
        "price_per_unit": "118",
        "price_unit": "G"
      },
      {
        "state": "SA",
        "price": "470",
        "price_per_unit": "118",
        "price_unit": "G"
      },
      {
        "state": "TAS",
        "price": "470",
        "price_per_unit": "118",
        "price_unit": "G"
      },
      {
        "state": "ACT",
        "price": "470",
        "price_per_unit": "118",
        "price_unit": "G"
      },
      {
        "state": "NT",
        "price": "495",
        "price_per_unit": "124",
        "price_unit": "G"
      }
    ]
  },
  {
    "source_url": "https://www.woolworths.com.au/shop/productdetails/497301/la-zuppa-soup-pouch-chicken-vegetable",
    "name": "La Zuppa Soup Pouch Chicken & Vegetable 400g",
    "image_url": "https://cdn1.woolworths.media/content/wowproductimages/large/497301.jpg",
    "source_id": "Woolworths - 497301",
    "barcode": "9300637508520",
    "category_id": "22770",
    "shop": "Woolworths",
    "weight": "100G",
    "prices": [
      {
        "state": "VIC",
        "price": "470",
        "price_per_unit": "118",
        "price_unit": "G"
      },
      {
        "state": "WA",
        "price": "470",
        "price_per_unit": "118",
        "price_unit": "G"
      },
      {
        "state": "SA",
        "price": "470",
        "price_per_unit": "118",
        "price_unit": "G"
      },
      {
        "state": "TAS",
        "price": "470",
        "price_per_unit": "118",
        "price_unit": "G"
      },
      {
        "state": "ACT",
        "price": "470",
        "price_per_unit": "118",
        "price_unit": "G"
      },
      {
        "state": "NT",
        "price": "495",
        "price_per_unit": "124",
        "price_unit": "G"
      }
    ]
  },
  {
    "source_url": "https://www.woolworths.com.au/shop/productdetails/489668/la-zuppa-soup-pouch-creamy-chicken-vegetable",
    "name": "La Zuppa Soup Pouch Creamy Chicken & Vegetable 400g",
    "image_url": "https://cdn1.woolworths.media/content/wowproductimages/large/489668.jpg",
    "source_id": "Woolworths - 489668",
    "barcode": "9300637508483",
    "category_id": "22770",
    "shop": "Woolworths",
    "weight": "100G",
    "prices": [
      {
        "state": "VIC",
        "price": "470",
        "price_per_unit": "118",
        "price_unit": "G"
      },
      {
        "state": "QLD",
        "price": "470",
        "price_per_unit": "118",
        "price_unit": "G"
      },
      {
        "state": "WA",
        "price": "470",
        "price_per_unit": "118",
        "price_unit": "G"
      },
      {
        "state": "SA",
        "price": "470",
        "price_per_unit": "118",
        "price_unit": "G"
      },
      {
        "state": "TAS",
        "price": "470",
        "price_per_unit": "118",
        "price_unit": "G"
      },
      {
        "state": "ACT",
        "price": "470",
        "price_per_unit": "118",
        "price_unit": "G"
      },
      {
        "state": "NT",
        "price": "495",
        "price_per_unit": "124",
        "price_unit": "G"
      }
    ]
  },
  {
    "source_url": "https://www.woolworths.com.au/shop/productdetails/494791/la-zuppa-soup-pouch-minestrone",
    "name": "La Zuppa Soup Pouch Minestrone 400g",
    "image_url": "https://cdn1.woolworths.media/content/wowproductimages/large/494791.jpg",
    "source_id": "Woolworths - 494791",
    "barcode": "9300637508575",
    "category_id": "22770",
    "shop": "Woolworths",
    "weight": "100G",
    "prices": [
      {
        "state": "VIC",
        "price": "470",
        "price_per_unit": "118",
        "price_unit": "G"
      },
      {
        "state": "QLD",
        "price": "470",
        "price_per_unit": "118",
        "price_unit": "G"
      },
      {
        "state": "WA",
        "price": "470",
        "price_per_unit": "118",
        "price_unit": "G"
      },
      {
        "state": "SA",
        "price": "470",
        "price_per_unit": "118",
        "price_unit": "G"
      },
      {
        "state": "TAS",
        "price": "470",
        "price_per_unit": "118",
        "price_unit": "G"
      },
      {
        "state": "ACT",
        "price": "470",
        "price_per_unit": "118",
        "price_unit": "G"
      }
    ]
  },
  {
    "source_url": "https://www.woolworths.com.au/shop/productdetails/503953/la-zuppa-soup-pouch-roasted-pumpkin",
    "name": "La Zuppa Soup Pouch Roasted Pumpkin 400g",
    "image_url": "https://cdn1.woolworths.media/content/wowproductimages/large/503953.jpg",
    "source_id": "Woolworths - 503953",
    "barcode": "9300637508490",
    "category_id": "22770",
    "shop": "Woolworths",
    "weight": "100G",
    "prices": [
      {
        "state": "VIC",
        "price": "470",
        "price_per_unit": "118",
        "price_unit": "G"
      },
      {
        "state": "QLD",
        "price": "470",
        "price_per_unit": "118",
        "price_unit": "G"
      },
      {
        "state": "WA",
        "price": "470",
        "price_per_unit": "118",
        "price_unit": "G"
      },
      {
        "state": "SA",
        "price": "470",
        "price_per_unit": "118",
        "price_unit": "G"
      },
      {
        "state": "TAS",
        "price": "470",
        "price_per_unit": "118",
        "price_unit": "G"
      },
      {
        "state": "ACT",
        "price": "470",
        "price_per_unit": "118",
        "price_unit": "G"
      },
      {
        "state": "NT",
        "price": "495",
        "price_per_unit": "124",
        "price_unit": "G"
      }
    ]
  },
  {
    "source_url": "https://www.woolworths.com.au/shop/productdetails/503585/la-zuppa-soup-pouch-rustic-vegetable-bean",
    "name": "La Zuppa Soup Pouch Rustic Vegetable & Bean 400g",
    "image_url": "https://cdn1.woolworths.media/content/wowproductimages/large/503585.jpg",
    "source_id": "Woolworths - 503585",
    "barcode": "9300637508506",
    "category_id": "22770",
    "shop": "Woolworths",
    "weight": "100G",
    "prices": [
      {
        "state": "VIC",
        "price": "470",
        "price_per_unit": "118",
        "price_unit": "G"
      },
      {
        "state": "QLD",
        "price": "470",
        "price_per_unit": "118",
        "price_unit": "G"
      },
      {
        "state": "WA",
        "price": "470",
        "price_per_unit": "118",
        "price_unit": "G"
      },
      {
        "state": "SA",
        "price": "470",
        "price_per_unit": "118",
        "price_unit": "G"
      },
      {
        "state": "TAS",
        "price": "470",
        "price_per_unit": "118",
        "price_unit": "G"
      },
      {
        "state": "ACT",
        "price": "470",
        "price_per_unit": "118",
        "price_unit": "G"
      },
      {
        "state": "NT",
        "price": "495",
        "price_per_unit": "124",
        "price_unit": "G"
      }
    ]
  },
  {
    "source_url": "https://www.woolworths.com.au/shop/productdetails/202590/rosella-condensed-tomato-soup",
    "name": "Rosella Condensed Tomato Soup 390g",
    "image_url": "https://cdn1.woolworths.media/content/wowproductimages/large/202590.jpg",
    "source_id": "Woolworths - 202590",
    "barcode": "9300660446929",
    "category_id": "22770",
    "shop": "Woolworths",
    "weight": "100ML",
    "prices": [
      {
        "state": "VIC",
        "price": "280",
        "price_per_unit": "72",
        "price_unit": "ML"
      },
      {
        "state": "QLD",
        "price": "280",
        "price_per_unit": "72",
        "price_unit": "ML"
      },
      {
        "state": "WA",
        "price": "280",
        "price_per_unit": "72",
        "price_unit": "ML"
      },
      {
        "state": "SA",
        "price": "280",
        "price_per_unit": "72",
        "price_unit": "ML"
      },
      {
        "state": "TAS",
        "price": "280",
        "price_per_unit": "72",
        "price_unit": "ML"
      },
      {
        "state": "ACT",
        "price": "280",
        "price_per_unit": "72",
        "price_unit": "ML"
      },
      {
        "state": "NT",
        "price": "295",
        "price_per_unit": "76",
        "price_unit": "ML"
      }
    ]
  },
  {
    "source_url": "https://www.woolworths.com.au/shop/productdetails/553352/south-australian-gourmet-food-chunky-hearty-vegetable-soup",
    "name": "South Australian Gourmet Food Chunky Hearty Vegetable Soup 430g",
    "image_url": "https://cdn1.woolworths.media/content/wowproductimages/large/553352.jpg",
    "source_id": "Woolworths - 553352",
    "barcode": "9310768115481",
    "category_id": "22770",
    "shop": "Woolworths",
    "weight": "100G",
    "prices": [
      {
        "state": "VIC",
        "price": "330",
        "price_per_unit": "77",
        "price_unit": "G"
      },
      {
        "state": "QLD",
        "price": "330",
        "price_per_unit": "77",
        "price_unit": "G"
      },
      {
        "state": "WA",
        "price": "330",
        "price_per_unit": "77",
        "price_unit": "G"
      },
      {
        "state": "SA",
        "price": "330",
        "price_per_unit": "77",
        "price_unit": "G"
      },
      {
        "state": "TAS",
        "price": "330",
        "price_per_unit": "77",
        "price_unit": "G"
      },
      {
        "state": "ACT",
        "price": "330",
        "price_per_unit": "77",
        "price_unit": "G"
      }
    ]
  },
  {
    "source_url": "https://www.woolworths.com.au/shop/productdetails/279772/south-australian-gourmet-food-company-8-garden-vegetable-soup",
    "name": "South Australian Gourmet Food Company 8 Garden Vegetable Soup 430g",
    "image_url": "https://cdn1.woolworths.media/content/wowproductimages/large/279772.jpg",
    "source_id": "Woolworths - 279772",
    "barcode": "9310768115146",
    "category_id": "22770",
    "shop": "Woolworths",
    "weight": "100G",
    "prices": [
      {
        "state": "VIC",
        "price": "300",
        "price_per_unit": "70",
        "price_unit": "G"
      },
      {
        "state": "QLD",
        "price": "300",
        "price_per_unit": "70",
        "price_unit": "G"
      },
      {
        "state": "SA",
        "price": "300",
        "price_per_unit": "70",
        "price_unit": "G"
      },
      {
        "state": "TAS",
        "price": "300",
        "price_per_unit": "70",
        "price_unit": "G"
      },
      {
        "state": "ACT",
        "price": "300",
        "price_per_unit": "70",
        "price_unit": "G"
      }
    ]
  },
  {
    "source_url": "https://www.woolworths.com.au/shop/productdetails/277558/south-australian-gourmet-food-company-aussie-beef-vegetable-soup",
    "name": "South Australian Gourmet Food Company Aussie Beef & Vegetable Soup 430g",
    "image_url": "https://cdn1.woolworths.media/content/wowproductimages/large/277558.jpg",
    "source_id": "Woolworths - 277558",
    "barcode": "9310768115085",
    "category_id": "22770",
    "shop": "Woolworths",
    "weight": "100G",
    "prices": [
      {
        "state": "VIC",
        "price": "300",
        "price_per_unit": "70",
        "price_unit": "G"
      },
      {
        "state": "QLD",
        "price": "300",
        "price_per_unit": "70",
        "price_unit": "G"
      },
      {
        "state": "WA",
        "price": "300",
        "price_per_unit": "70",
        "price_unit": "G"
      },
      {
        "state": "SA",
        "price": "300",
        "price_per_unit": "70",
        "price_unit": "G"
      },
      {
        "state": "TAS",
        "price": "300",
        "price_per_unit": "70",
        "price_unit": "G"
      },
      {
        "state": "ACT",
        "price": "300",
        "price_per_unit": "70",
        "price_unit": "G"
      }
    ]
  },
  {
    "source_url": "https://www.woolworths.com.au/shop/productdetails/525978/south-australian-gourmet-food-company-chunky-beef-vegetable-soup",
    "name": "South Australian Gourmet Food Company Chunky Beef & Vegetable Soup 430g",
    "image_url": "https://cdn1.woolworths.media/content/wowproductimages/large/525978.jpg",
    "source_id": "Woolworths - 525978",
    "barcode": "9310768115467",
    "category_id": "22770",
    "shop": "Woolworths",
    "weight": "100G",
    "prices": [
      {
        "state": "VIC",
        "price": "330",
        "price_per_unit": "77",
        "price_unit": "G"
      },
      {
        "state": "QLD",
        "price": "330",
        "price_per_unit": "77",
        "price_unit": "G"
      },
      {
        "state": "WA",
        "price": "330",
        "price_per_unit": "77",
        "price_unit": "G"
      },
      {
        "state": "SA",
        "price": "330",
        "price_per_unit": "77",
        "price_unit": "G"
      },
      {
        "state": "TAS",
        "price": "330",
        "price_per_unit": "77",
        "price_unit": "G"
      },
      {
        "state": "ACT",
        "price": "330",
        "price_per_unit": "77",
        "price_unit": "G"
      }
    ]
  },
  {
    "source_url": "https://www.woolworths.com.au/shop/productdetails/523634/south-australian-gourmet-food-company-chunky-chicken-vegetable-soup",
    "name": "South Australian Gourmet Food Company Chunky Chicken & Vegetable Soup 430g",
    "image_url": "https://cdn1.woolworths.media/content/wowproductimages/large/523634.jpg",
    "source_id": "Woolworths - 523634",
    "barcode": "9310768115474",
    "category_id": "22770",
    "shop": "Woolworths",
    "weight": "100G",
    "prices": [
      {
        "state": "VIC",
        "price": "330",
        "price_per_unit": "77",
        "price_unit": "G"
      },
      {
        "state": "QLD",
        "price": "330",
        "price_per_unit": "77",
        "price_unit": "G"
      },
      {
        "state": "WA",
        "price": "330",
        "price_per_unit": "77",
        "price_unit": "G"
      },
      {
        "state": "SA",
        "price": "330",
        "price_per_unit": "77",
        "price_unit": "G"
      },
      {
        "state": "TAS",
        "price": "330",
        "price_per_unit": "77",
        "price_unit": "G"
      },
      {
        "state": "ACT",
        "price": "330",
        "price_per_unit": "77",
        "price_unit": "G"
      }
    ]
  },
  {
    "source_url": "https://www.woolworths.com.au/shop/productdetails/554412/south-australian-gourmet-food-company-chunky-potato-leek-bacon-soup",
    "name": "South Australian Gourmet Food Company Chunky Potato Leek & Bacon Soup 430g",
    "image_url": "https://cdn1.woolworths.media/content/wowproductimages/large/554412.jpg",
    "source_id": "Woolworths - 554412",
    "barcode": "9310768115498",
    "category_id": "22770",
    "shop": "Woolworths",
    "weight": "100G",
    "prices": [
      {
        "state": "VIC",
        "price": "330",
        "price_per_unit": "77",
        "price_unit": "G"
      },
      {
        "state": "QLD",
        "price": "330",
        "price_per_unit": "77",
        "price_unit": "G"
      },
      {
        "state": "WA",
        "price": "330",
        "price_per_unit": "77",
        "price_unit": "G"
      },
      {
        "state": "SA",
        "price": "330",
        "price_per_unit": "77",
        "price_unit": "G"
      },
      {
        "state": "TAS",
        "price": "330",
        "price_per_unit": "77",
        "price_unit": "G"
      },
      {
        "state": "ACT",
        "price": "330",
        "price_per_unit": "77",
        "price_unit": "G"
      }
    ]
  },
  {
    "source_url": "https://www.woolworths.com.au/shop/productdetails/85195/south-australian-gourmet-food-company-classic-italian-minestrone-soup",
    "name": "South Australian Gourmet Food Company Classic Italian Minestrone Soup 430g",
    "image_url": "https://cdn1.woolworths.media/content/wowproductimages/large/085195.jpg",
    "source_id": "Woolworths - 85195",
    "barcode": "9310768113210",
    "category_id": "22770",
    "shop": "Woolworths",
    "weight": "100G",
    "prices": [
      {
        "state": "VIC",
        "price": "300",
        "price_per_unit": "70",
        "price_unit": "G"
      },
      {
        "state": "QLD",
        "price": "300",
        "price_per_unit": "70",
        "price_unit": "G"
      },
      {
        "state": "WA",
        "price": "300",
        "price_per_unit": "70",
        "price_unit": "G"
      },
      {
        "state": "SA",
        "price": "300",
        "price_per_unit": "70",
        "price_unit": "G"
      },
      {
        "state": "TAS",
        "price": "300",
        "price_per_unit": "70",
        "price_unit": "G"
      },
      {
        "state": "ACT",
        "price": "300",
        "price_per_unit": "70",
        "price_unit": "G"
      },
      {
        "state": "NT",
        "price": "315",
        "price_per_unit": "73",
        "price_unit": "G"
      }
    ]
  },
  {
    "source_url": "https://www.woolworths.com.au/shop/productdetails/142004/south-australian-gourmet-food-company-condensed-tomato-soup",
    "name": "South Australian Gourmet Food Company Condensed Tomato Soup 500g",
    "image_url": "https://cdn1.woolworths.media/content/wowproductimages/large/142004.jpg",
    "source_id": "Woolworths - 142004",
    "barcode": "9310768114217",
    "category_id": "22770",
    "shop": "Woolworths",
    "weight": "100G",
    "prices": [
      {
        "state": "VIC",
        "price": "200",
        "price_per_unit": "40",
        "price_unit": "G"
      },
      {
        "state": "QLD",
        "price": "200",
        "price_per_unit": "40",
        "price_unit": "G"
      },
      {
        "state": "WA",
        "price": "200",
        "price_per_unit": "40",
        "price_unit": "G"
      },
      {
        "state": "SA",
        "price": "200",
        "price_per_unit": "40",
        "price_unit": "G"
      },
      {
        "state": "TAS",
        "price": "200",
        "price_per_unit": "40",
        "price_unit": "G"
      },
      {
        "state": "ACT",
        "price": "200",
        "price_per_unit": "40",
        "price_unit": "G"
      },
      {
        "state": "NT",
        "price": "210",
        "price_per_unit": "42",
        "price_unit": "G"
      }
    ]
  },
  {
    "source_url": "https://www.woolworths.com.au/shop/productdetails/83611/south-australian-gourmet-food-company-creamy-chicken-sweet-corn-soup",
    "name": "South Australian Gourmet Food Company Creamy Chicken & Sweet Corn Soup 430g",
    "image_url": "https://cdn1.woolworths.media/content/wowproductimages/large/083611.jpg",
    "source_id": "Woolworths - 83611",
    "barcode": "9310768113203",
    "category_id": "22770",
    "shop": "Woolworths",
    "weight": "100G",
    "prices": [
      {
        "state": "VIC",
        "price": "300",
        "price_per_unit": "70",
        "price_unit": "G"
      },
      {
        "state": "QLD",
        "price": "300",
        "price_per_unit": "70",
        "price_unit": "G"
      },
      {
        "state": "WA",
        "price": "300",
        "price_per_unit": "70",
        "price_unit": "G"
      },
      {
        "state": "SA",
        "price": "300",
        "price_per_unit": "70",
        "price_unit": "G"
      },
      {
        "state": "TAS",
        "price": "300",
        "price_per_unit": "70",
        "price_unit": "G"
      },
      {
        "state": "ACT",
        "price": "300",
        "price_per_unit": "70",
        "price_unit": "G"
      },
      {
        "state": "NT",
        "price": "315",
        "price_per_unit": "73",
        "price_unit": "G"
      }
    ]
  },
  {
    "source_url": "https://www.woolworths.com.au/shop/productdetails/278912/south-australian-gourmet-food-company-creamy-chicken-veg-soup",
    "name": "South Australian Gourmet Food Company Creamy Chicken & Veg Soup 430g",
    "image_url": "https://cdn1.woolworths.media/content/wowproductimages/large/278912.jpg",
    "source_id": "Woolworths - 278912",
    "barcode": "9310768115092",
    "category_id": "22770",
    "shop": "Woolworths",
    "weight": "100G",
    "prices": [
      {
        "state": "VIC",
        "price": "300",
        "price_per_unit": "70",
        "price_unit": "G"
      },
      {
        "state": "QLD",
        "price": "300",
        "price_per_unit": "70",
        "price_unit": "G"
      },
      {
        "state": "WA",
        "price": "300",
        "price_per_unit": "70",
        "price_unit": "G"
      },
      {
        "state": "SA",
        "price": "300",
        "price_per_unit": "70",
        "price_unit": "G"
      },
      {
        "state": "TAS",
        "price": "300",
        "price_per_unit": "70",
        "price_unit": "G"
      },
      {
        "state": "ACT",
        "price": "300",
        "price_per_unit": "70",
        "price_unit": "G"
      },
      {
        "state": "NT",
        "price": "315",
        "price_per_unit": "73",
        "price_unit": "G"
      }
    ]
  },
  {
    "source_url": "https://www.woolworths.com.au/shop/productdetails/84981/south-australian-gourmet-food-company-creamy-pumpkin-soup",
    "name": "South Australian Gourmet Food Company Creamy Pumpkin Soup 430g",
    "image_url": "https://cdn1.woolworths.media/content/wowproductimages/large/084981.jpg",
    "source_id": "Woolworths - 84981",
    "barcode": "9310768113197",
    "category_id": "22770",
    "shop": "Woolworths",
    "weight": "100G",
    "prices": [
      {
        "state": "VIC",
        "price": "300",
        "price_per_unit": "70",
        "price_unit": "G"
      },
      {
        "state": "QLD",
        "price": "300",
        "price_per_unit": "70",
        "price_unit": "G"
      },
      {
        "state": "WA",
        "price": "300",
        "price_per_unit": "70",
        "price_unit": "G"
      },
      {
        "state": "SA",
        "price": "300",
        "price_per_unit": "70",
        "price_unit": "G"
      },
      {
        "state": "TAS",
        "price": "300",
        "price_per_unit": "70",
        "price_unit": "G"
      },
      {
        "state": "ACT",
        "price": "300",
        "price_per_unit": "70",
        "price_unit": "G"
      },
      {
        "state": "NT",
        "price": "315",
        "price_per_unit": "73",
        "price_unit": "G"
      }
    ]
  },
  {
    "source_url": "https://www.woolworths.com.au/shop/productdetails/142945/south-australian-gourmet-food-company-garden-pea-smokey-bacon-soup",
    "name": "South Australian Gourmet Food Company Garden Pea & Smokey Bacon Soup 430g",
    "image_url": "https://cdn1.woolworths.media/content/wowproductimages/large/142945.jpg",
    "source_id": "Woolworths - 142945",
    "barcode": "9310768113234",
    "category_id": "22770",
    "shop": "Woolworths",
    "weight": "100G",
    "prices": [
      {
        "state": "VIC",
        "price": "300",
        "price_per_unit": "70",
        "price_unit": "G"
      },
      {
        "state": "QLD",
        "price": "300",
        "price_per_unit": "70",
        "price_unit": "G"
      },
      {
        "state": "WA",
        "price": "300",
        "price_per_unit": "70",
        "price_unit": "G"
      },
      {
        "state": "SA",
        "price": "300",
        "price_per_unit": "70",
        "price_unit": "G"
      },
      {
        "state": "TAS",
        "price": "300",
        "price_per_unit": "70",
        "price_unit": "G"
      },
      {
        "state": "ACT",
        "price": "300",
        "price_per_unit": "70",
        "price_unit": "G"
      },
      {
        "state": "NT",
        "price": "315",
        "price_per_unit": "73",
        "price_unit": "G"
      }
    ]
  },
  {
    "source_url": "https://www.woolworths.com.au/shop/productdetails/83997/south-australian-gourmet-food-company-tuscan-style-tomato-basil-soup",
    "name": "South Australian Gourmet Food Company Tuscan Style Tomato & Basil Soup 430g",
    "image_url": "https://cdn1.woolworths.media/content/wowproductimages/large/083997.jpg",
    "source_id": "Woolworths - 83997",
    "barcode": "9310768113227",
    "category_id": "22770",
    "shop": "Woolworths",
    "weight": "100G",
    "prices": [
      {
        "state": "VIC",
        "price": "300",
        "price_per_unit": "70",
        "price_unit": "G"
      },
      {
        "state": "QLD",
        "price": "300",
        "price_per_unit": "70",
        "price_unit": "G"
      },
      {
        "state": "WA",
        "price": "300",
        "price_per_unit": "70",
        "price_unit": "G"
      },
      {
        "state": "SA",
        "price": "300",
        "price_per_unit": "70",
        "price_unit": "G"
      },
      {
        "state": "TAS",
        "price": "300",
        "price_per_unit": "70",
        "price_unit": "G"
      },
      {
        "state": "ACT",
        "price": "300",
        "price_per_unit": "70",
        "price_unit": "G"
      },
      {
        "state": "NT",
        "price": "315",
        "price_per_unit": "73",
        "price_unit": "G"
      }
    ]
  },
  {
    "source_url": "https://www.woolworths.com.au/shop/productdetails/11887/trident-hot-spicy-flavour-thai-with-noodles-soup",
    "name": "Trident Hot & Spicy Flavour Thai With Noodles Soup 50g",
    "image_url": "https://cdn1.woolworths.media/content/wowproductimages/large/011887.jpg",
    "source_id": "Woolworths - 11887",
    "barcode": "9310182243036",
    "category_id": "22770",
    "shop": "Woolworths",
    "weight": "100G",
    "prices": [
      {
        "state": "VIC",
        "price": "125",
        "price_per_unit": "250",
        "price_unit": "G"
      },
      {
        "state": "QLD",
        "price": "125",
        "price_per_unit": "250",
        "price_unit": "G"
      },
      {
        "state": "SA",
        "price": "125",
        "price_per_unit": "250",
        "price_unit": "G"
      },
      {
        "state": "TAS",
        "price": "125",
        "price_per_unit": "250",
        "price_unit": "G"
      },
      {
        "state": "ACT",
        "price": "125",
        "price_per_unit": "250",
        "price_unit": "G"
      },
      {
        "state": "NT",
        "price": "130",
        "price_per_unit": "260",
        "price_unit": "G"
      }
    ]
  },
  {
    "source_url": "https://www.woolworths.com.au/shop/productdetails/91920/trident-instant-soup-thai-chicken-with-noodles",
    "name": "Trident Instant Soup Thai Chicken With Noodles 50g",
    "image_url": "https://cdn1.woolworths.media/content/wowproductimages/large/091920.jpg",
    "source_id": "Woolworths - 91920",
    "barcode": "9310182300067",
    "category_id": "22770",
    "shop": "Woolworths",
    "weight": "100G",
    "prices": [
      {
        "state": "VIC",
        "price": "125",
        "price_per_unit": "250",
        "price_unit": "G"
      },
      {
        "state": "QLD",
        "price": "125",
        "price_per_unit": "250",
        "price_unit": "G"
      },
      {
        "state": "WA",
        "price": "125",
        "price_per_unit": "250",
        "price_unit": "G"
      },
      {
        "state": "SA",
        "price": "125",
        "price_per_unit": "250",
        "price_unit": "G"
      },
      {
        "state": "TAS",
        "price": "125",
        "price_per_unit": "250",
        "price_unit": "G"
      },
      {
        "state": "ACT",
        "price": "125",
        "price_per_unit": "250",
        "price_unit": "G"
      },
      {
        "state": "NT",
        "price": "130",
        "price_per_unit": "260",
        "price_unit": "G"
      }
    ]
  },
  {
    "source_url": "https://www.woolworths.com.au/shop/productdetails/91922/trident-instant-soup-thai-tom-yum-goong-with-noodle",
    "name": "Trident Instant Soup Thai Tom Yum Goong With Noodle 50g",
    "image_url": "https://cdn1.woolworths.media/content/wowproductimages/large/091922.jpg",
    "source_id": "Woolworths - 91922",
    "barcode": "9310182300050",
    "category_id": "22770",
    "shop": "Woolworths",
    "weight": "100G",
    "prices": [
      {
        "state": "VIC",
        "price": "125",
        "price_per_unit": "250",
        "price_unit": "G"
      },
      {
        "state": "QLD",
        "price": "125",
        "price_per_unit": "250",
        "price_unit": "G"
      },
      {
        "state": "WA",
        "price": "125",
        "price_per_unit": "250",
        "price_unit": "G"
      },
      {
        "state": "SA",
        "price": "125",
        "price_per_unit": "250",
        "price_unit": "G"
      },
      {
        "state": "TAS",
        "price": "125",
        "price_per_unit": "250",
        "price_unit": "G"
      },
      {
        "state": "ACT",
        "price": "125",
        "price_per_unit": "250",
        "price_unit": "G"
      },
      {
        "state": "NT",
        "price": "130",
        "price_per_unit": "260",
        "price_unit": "G"
      }
    ]
  },
  {
    "source_url": "https://www.woolworths.com.au/shop/productdetails/198861/amy-s-kitchen-canned-organic-minestrone-soup",
    "name": "Amy's Kitchen Canned Organic Minestrone Soup 405g",
    "image_url": "https://cdn1.woolworths.media/content/wowproductimages/large/198861.jpg",
    "source_id": "Woolworths - 198861",
    "barcode": "42272007592",
    "category_id": "22770",
    "shop": "Woolworths",
    "weight": "100G",
    "prices": [
      {
        "state": "QLD",
        "price": "440",
        "price_per_unit": "109",
        "price_unit": "G"
      },
      {
        "state": "TAS",
        "price": "440",
        "price_per_unit": "109",
        "price_unit": "G"
      },
      {
        "state": "ACT",
        "price": "440",
        "price_per_unit": "109",
        "price_unit": "G"
      }
    ]
  },
  {
    "source_url": "https://www.woolworths.com.au/shop/productdetails/857555/amy-s-kitchen-organic-indian-golden-lentil-soup",
    "name": "Amy's Kitchen Organic Indian Golden Lentil Soup 408g",
    "image_url": "https://cdn1.woolworths.media/content/wowproductimages/large/857555.jpg",
    "source_id": "Woolworths - 857555",
    "barcode": "42272007578",
    "category_id": "22770",
    "shop": "Woolworths",
    "weight": "100G",
    "prices": [
      {
        "state": "QLD",
        "price": "440",
        "price_per_unit": "108",
        "price_unit": "G"
      },
      {
        "state": "WA",
        "price": "440",
        "price_per_unit": "108",
        "price_unit": "G"
      },
      {
        "state": "TAS",
        "price": "440",
        "price_per_unit": "108",
        "price_unit": "G"
      },
      {
        "state": "ACT",
        "price": "440",
        "price_per_unit": "108",
        "price_unit": "G"
      },
      {
        "state": "NT",
        "price": "460",
        "price_per_unit": "113",
        "price_unit": "G"
      }
    ]
  },
  {
    "source_url": "https://www.woolworths.com.au/shop/productdetails/303731/amy-s-kitchen-organic-vegetable-barley-soup",
    "name": "Amy's Kitchen Organic Vegetable Barley Soup 400g",
    "image_url": "https://cdn1.woolworths.media/content/wowproductimages/large/303731.jpg",
    "source_id": "Woolworths - 303731",
    "barcode": "42272006434",
    "category_id": "22770",
    "shop": "Woolworths",
    "weight": "100G",
    "prices": [
      {
        "state": "QLD",
        "price": "440",
        "price_per_unit": "110",
        "price_unit": "G"
      },
      {
        "state": "SA",
        "price": "440",
        "price_per_unit": "110",
        "price_unit": "G"
      },
      {
        "state": "TAS",
        "price": "440",
        "price_per_unit": "110",
        "price_unit": "G"
      },
      {
        "state": "ACT",
        "price": "440",
        "price_per_unit": "110",
        "price_unit": "G"
      }
    ]
  },
  {
    "source_url": "https://www.woolworths.com.au/shop/productdetails/303727/amy-s-kitchen-soup-split-pea",
    "name": "Amy's Kitchen Soup Split Pea 400g",
    "image_url": "https://cdn1.woolworths.media/content/wowproductimages/large/303727.jpg",
    "source_id": "Woolworths - 303727",
    "barcode": "42272005055",
    "category_id": "22770",
    "shop": "Woolworths",
    "weight": "100G",
    "prices": [
      {
        "state": "QLD",
        "price": "440",
        "price_per_unit": "110",
        "price_unit": "G"
      },
      {
        "state": "SA",
        "price": "440",
        "price_per_unit": "110",
        "price_unit": "G"
      },
      {
        "state": "TAS",
        "price": "440",
        "price_per_unit": "110",
        "price_unit": "G"
      },
      {
        "state": "ACT",
        "price": "440",
        "price_per_unit": "110",
        "price_unit": "G"
      }
    ]
  },
  {
    "source_url": "https://www.woolworths.com.au/shop/productdetails/85776/australian-organic-food-co-100-australian-organic-tomato-basil-soup-pouch",
    "name": "Australian Organic Food Co 100% Australian Organic Tomato & Basil Soup Pouch 330g",
    "image_url": "https://cdn1.woolworths.media/content/wowproductimages/large/085776.jpg",
    "source_id": "Woolworths - 85776",
    "barcode": "9352744000398",
    "category_id": "22770",
    "shop": "Woolworths",
    "weight": "100G",
    "prices": [
      {
        "state": "QLD",
        "price": "390",
        "price_per_unit": "118",
        "price_unit": "G"
      },
      {
        "state": "SA",
        "price": "390",
        "price_per_unit": "118",
        "price_unit": "G"
      },
      {
        "state": "TAS",
        "price": "390",
        "price_per_unit": "118",
        "price_unit": "G"
      },
      {
        "state": "ACT",
        "price": "390",
        "price_per_unit": "118",
        "price_unit": "G"
      }
    ]
  },
  {
    "source_url": "https://www.woolworths.com.au/shop/productdetails/678711/australian-organic-food-co-8-vegetable-minestrone-soup-pouch",
    "name": "Australian Organic Food Co 8 Vegetable Minestrone Soup Pouch 330g",
    "image_url": "https://cdn1.woolworths.media/content/wowproductimages/large/678711.jpg",
    "source_id": "Woolworths - 678711",
    "barcode": "9352744000053",
    "category_id": "22770",
    "shop": "Woolworths",
    "weight": "100G",
    "prices": [
      {
        "state": "QLD",
        "price": "390",
        "price_per_unit": "118",
        "price_unit": "G"
      },
      {
        "state": "SA",
        "price": "390",
        "price_per_unit": "118",
        "price_unit": "G"
      },
      {
        "state": "TAS",
        "price": "390",
        "price_per_unit": "118",
        "price_unit": "G"
      },
      {
        "state": "ACT",
        "price": "390",
        "price_per_unit": "118",
        "price_unit": "G"
      }
    ]
  },
  {
    "source_url": "https://www.woolworths.com.au/shop/productdetails/678348/australian-organic-food-co-chicken-spelt-vegetable-soup-pouch",
    "name": "Australian Organic Food Co Chicken Spelt & Vegetable Soup Pouch 330g",
    "image_url": "https://cdn1.woolworths.media/content/wowproductimages/large/678348.jpg",
    "source_id": "Woolworths - 678348",
    "barcode": "9352744000022",
    "category_id": "22770",
    "shop": "Woolworths",
    "weight": "100G",
    "prices": [
      {
        "state": "QLD",
        "price": "390",
        "price_per_unit": "118",
        "price_unit": "G"
      },
      {
        "state": "SA",
        "price": "390",
        "price_per_unit": "118",
        "price_unit": "G"
      },
      {
        "state": "TAS",
        "price": "390",
        "price_per_unit": "118",
        "price_unit": "G"
      },
      {
        "state": "ACT",
        "price": "390",
        "price_per_unit": "118",
        "price_unit": "G"
      }
    ]
  },
  {
    "source_url": "https://www.woolworths.com.au/shop/productdetails/678381/australian-organic-food-co-chickpea-vegetable-soup-pouch",
    "name": "Australian Organic Food Co Chickpea & Vegetable Soup Pouch 330g",
    "image_url": "https://cdn1.woolworths.media/content/wowproductimages/large/678381.jpg",
    "source_id": "Woolworths - 678381",
    "barcode": "9352744000060",
    "category_id": "22770",
    "shop": "Woolworths",
    "weight": "100G",
    "prices": [
      {
        "state": "QLD",
        "price": "390",
        "price_per_unit": "118",
        "price_unit": "G"
      },
      {
        "state": "TAS",
        "price": "390",
        "price_per_unit": "118",
        "price_unit": "G"
      },
      {
        "state": "ACT",
        "price": "390",
        "price_per_unit": "118",
        "price_unit": "G"
      }
    ]
  },
  {
    "source_url": "https://www.woolworths.com.au/shop/productdetails/678380/australian-organic-food-co-mushroom-thyme-soup",
    "name": "Australian Organic Food Co Mushroom & Thyme Soup 330g",
    "image_url": "https://cdn1.woolworths.media/content/wowproductimages/large/678380.jpg",
    "source_id": "Woolworths - 678380",
    "barcode": "9352744000039",
    "category_id": "22770",
    "shop": "Woolworths",
    "weight": "100G",
    "prices": [
      {
        "state": "QLD",
        "price": "390",
        "price_per_unit": "118",
        "price_unit": "G"
      },
      {
        "state": "SA",
        "price": "390",
        "price_per_unit": "118",
        "price_unit": "G"
      },
      {
        "state": "TAS",
        "price": "390",
        "price_per_unit": "118",
        "price_unit": "G"
      },
      {
        "state": "ACT",
        "price": "390",
        "price_per_unit": "118",
        "price_unit": "G"
      }
    ]
  },
  {
    "source_url": "https://www.woolworths.com.au/shop/productdetails/277935/campbell-s-chunky-chilli-beef",
    "name": "Campbell's Chunky Chilli Beef 505g",
    "image_url": "https://cdn1.woolworths.media/content/wowproductimages/large/277935.jpg",
    "source_id": "Woolworths - 277935",
    "barcode": "9300644705318",
    "category_id": "22770",
    "shop": "Woolworths",
    "weight": "100G",
    "prices": [
      {
        "state": "QLD",
        "price": "450",
        "price_per_unit": "89",
        "price_unit": "G"
      },
      {
        "state": "SA",
        "price": "450",
        "price_per_unit": "89",
        "price_unit": "G"
      },
      {
        "state": "TAS",
        "price": "450",
        "price_per_unit": "89",
        "price_unit": "G"
      },
      {
        "state": "ACT",
        "price": "450",
        "price_per_unit": "89",
        "price_unit": "G"
      },
      {
        "state": "NT",
        "price": "480",
        "price_per_unit": "95",
        "price_unit": "G"
      }
    ]
  },
  {
    "source_url": "https://www.woolworths.com.au/shop/productdetails/434827/campbell-s-chunky-creamy-veg-soup",
    "name": "Campbell's Chunky Creamy Veg Soup 505g",
    "image_url": "https://cdn1.woolworths.media/content/wowproductimages/large/434827.jpg",
    "source_id": "Woolworths - 434827",
    "barcode": "9300644706896",
    "category_id": "22770",
    "shop": "Woolworths",
    "weight": "100G",
    "prices": [
      {
        "state": "QLD",
        "price": "450",
        "price_per_unit": "89",
        "price_unit": "G"
      },
      {
        "state": "SA",
        "price": "450",
        "price_per_unit": "89",
        "price_unit": "G"
      },
      {
        "state": "TAS",
        "price": "450",
        "price_per_unit": "89",
        "price_unit": "G"
      },
      {
        "state": "ACT",
        "price": "450",
        "price_per_unit": "89",
        "price_unit": "G"
      }
    ]
  },
  {
    "source_url": "https://www.woolworths.com.au/shop/productdetails/427490/campbell-s-chunky-hearty-veg-soup",
    "name": "Campbell's Chunky Hearty Veg Soup 505g",
    "image_url": "https://cdn1.woolworths.media/content/wowproductimages/large/427490.jpg",
    "source_id": "Woolworths - 427490",
    "barcode": "9300644706872",
    "category_id": "22770",
    "shop": "Woolworths",
    "weight": "100G",
    "prices": [
      {
        "state": "QLD",
        "price": "450",
        "price_per_unit": "89",
        "price_unit": "G"
      },
      {
        "state": "SA",
        "price": "450",
        "price_per_unit": "89",
        "price_unit": "G"
      },
      {
        "state": "TAS",
        "price": "450",
        "price_per_unit": "89",
        "price_unit": "G"
      },
      {
        "state": "ACT",
        "price": "450",
        "price_per_unit": "89",
        "price_unit": "G"
      }
    ]
  },
  {
    "source_url": "https://www.woolworths.com.au/shop/productdetails/439742/campbell-s-chunky-pumpkin-chickpea-soup",
    "name": "Campbell's Chunky Pumpkin & Chickpea Soup 505g",
    "image_url": "https://cdn1.woolworths.media/content/wowproductimages/large/439742.jpg",
    "source_id": "Woolworths - 439742",
    "barcode": "9300644706889",
    "category_id": "22770",
    "shop": "Woolworths",
    "weight": "100G",
    "prices": [
      {
        "state": "QLD",
        "price": "300",
        "price_per_unit": "59",
        "price_unit": "G"
      },
      {
        "state": "SA",
        "price": "300",
        "price_per_unit": "59",
        "price_unit": "G"
      },
      {
        "state": "TAS",
        "price": "300",
        "price_per_unit": "59",
        "price_unit": "G"
      },
      {
        "state": "ACT",
        "price": "300",
        "price_per_unit": "59",
        "price_unit": "G"
      }
    ]
  },
  {
    "source_url": "https://www.woolworths.com.au/shop/productdetails/245575/campbell-s-chunky-soup-ham-pea",
    "name": "Campbell's Chunky Soup Ham & Pea 505g",
    "image_url": "https://cdn1.woolworths.media/content/wowproductimages/large/245575.jpg",
    "source_id": "Woolworths - 245575",
    "barcode": "9300644700719",
    "category_id": "22770",
    "shop": "Woolworths",
    "weight": "100G",
    "prices": [
      {
        "state": "QLD",
        "price": "450",
        "price_per_unit": "89",
        "price_unit": "G"
      },
      {
        "state": "SA",
        "price": "450",
        "price_per_unit": "89",
        "price_unit": "G"
      },
      {
        "state": "TAS",
        "price": "450",
        "price_per_unit": "89",
        "price_unit": "G"
      },
      {
        "state": "ACT",
        "price": "450",
        "price_per_unit": "89",
        "price_unit": "G"
      }
    ]
  },
  {
    "source_url": "https://www.woolworths.com.au/shop/productdetails/245580/campbell-s-chunky-soup-potato-bacon",
    "name": "Campbell's Chunky Soup Potato & Bacon 505g",
    "image_url": "https://cdn1.woolworths.media/content/wowproductimages/large/245580.jpg",
    "source_id": "Woolworths - 245580",
    "barcode": "9300644700726",
    "category_id": "22770",
    "shop": "Woolworths",
    "weight": "100G",
    "prices": [
      {
        "state": "QLD",
        "price": "450",
        "price_per_unit": "89",
        "price_unit": "G"
      },
      {
        "state": "SA",
        "price": "450",
        "price_per_unit": "89",
        "price_unit": "G"
      },
      {
        "state": "TAS",
        "price": "450",
        "price_per_unit": "89",
        "price_unit": "G"
      },
      {
        "state": "ACT",
        "price": "450",
        "price_per_unit": "89",
        "price_unit": "G"
      },
      {
        "state": "NT",
        "price": "480",
        "price_per_unit": "95",
        "price_unit": "G"
      }
    ]
  },
  {
    "source_url": "https://www.woolworths.com.au/shop/productdetails/40049/campbell-s-condensed-soup-cream-of-celery",
    "name": "Campbell's Condensed Soup Cream Of Celery 410g",
    "image_url": "https://cdn1.woolworths.media/content/wowproductimages/large/040049.jpg",
    "source_id": "Woolworths - 40049",
    "barcode": "9300644116213",
    "category_id": "22770",
    "shop": "Woolworths",
    "weight": "100G",
    "prices": [
      {
        "state": "QLD",
        "price": "220",
        "price_per_unit": "54",
        "price_unit": "G"
      },
      {
        "state": "SA",
        "price": "220",
        "price_per_unit": "54",
        "price_unit": "G"
      },
      {
        "state": "TAS",
        "price": "220",
        "price_per_unit": "54",
        "price_unit": "G"
      },
      {
        "state": "ACT",
        "price": "220",
        "price_per_unit": "54",
        "price_unit": "G"
      }
    ]
  },
  {
    "source_url": "https://www.woolworths.com.au/shop/productdetails/36447/campbell-s-condensed-soup-split-pea-ham",
    "name": "Campbell's Condensed Soup Split Pea & Ham 420g",
    "image_url": "https://cdn1.woolworths.media/content/wowproductimages/large/036447.jpg",
    "source_id": "Woolworths - 36447",
    "barcode": "9300644146210",
    "category_id": "22770",
    "shop": "Woolworths",
    "weight": "100G",
    "prices": [
      {
        "state": "QLD",
        "price": "220",
        "price_per_unit": "52",
        "price_unit": "G"
      },
      {
        "state": "SA",
        "price": "220",
        "price_per_unit": "52",
        "price_unit": "G"
      },
      {
        "state": "TAS",
        "price": "220",
        "price_per_unit": "52",
        "price_unit": "G"
      },
      {
        "state": "ACT",
        "price": "220",
        "price_per_unit": "52",
        "price_unit": "G"
      }
    ]
  },
  {
    "source_url": "https://www.woolworths.com.au/shop/productdetails/35781/campbell-s-condensed-soup-vegetable-beef",
    "name": "Campbell's Condensed Soup Vegetable & Beef 420g",
    "image_url": "https://cdn1.woolworths.media/content/wowproductimages/large/035781.jpg",
    "source_id": "Woolworths - 35781",
    "barcode": "9300644123211",
    "category_id": "22770",
    "shop": "Woolworths",
    "weight": "100G",
    "prices": [
      {
        "state": "QLD",
        "price": "220",
        "price_per_unit": "52",
        "price_unit": "G"
      },
      {
        "state": "SA",
        "price": "220",
        "price_per_unit": "52",
        "price_unit": "G"
      },
      {
        "state": "TAS",
        "price": "220",
        "price_per_unit": "52",
        "price_unit": "G"
      },
      {
        "state": "ACT",
        "price": "220",
        "price_per_unit": "52",
        "price_unit": "G"
      }
    ]
  },
  {
    "source_url": "https://www.woolworths.com.au/shop/productdetails/99542/campbell-s-country-ladle-soup-pea-ham",
    "name": "Campbell's Country Ladle Soup Pea & Ham 500g",
    "image_url": "https://cdn1.woolworths.media/content/wowproductimages/large/099542.jpg",
    "source_id": "Woolworths - 99542",
    "barcode": "9300644123556",
    "category_id": "22770",
    "shop": "Woolworths",
    "weight": "100G",
    "prices": [
      {
        "state": "QLD",
        "price": "450",
        "price_per_unit": "90",
        "price_unit": "G"
      },
      {
        "state": "SA",
        "price": "450",
        "price_per_unit": "90",
        "price_unit": "G"
      },
      {
        "state": "TAS",
        "price": "450",
        "price_per_unit": "90",
        "price_unit": "G"
      },
      {
        "state": "ACT",
        "price": "450",
        "price_per_unit": "90",
        "price_unit": "G"
      },
      {
        "state": "NT",
        "price": "475",
        "price_per_unit": "95",
        "price_unit": "G"
      }
    ]
  },
  {
    "source_url": "https://www.woolworths.com.au/shop/productdetails/167572/campbell-s-country-ladle-soup-potato-leek",
    "name": "Campbell's Country Ladle Soup Potato & Leek 505g",
    "image_url": "https://cdn1.woolworths.media/content/wowproductimages/large/167572.jpg",
    "source_id": "Woolworths - 167572",
    "barcode": "9300644235716",
    "category_id": "22770",
    "shop": "Woolworths",
    "weight": "100G",
    "prices": [
      {
        "state": "QLD",
        "price": "450",
        "price_per_unit": "89",
        "price_unit": "G"
      },
      {
        "state": "SA",
        "price": "450",
        "price_per_unit": "89",
        "price_unit": "G"
      },
      {
        "state": "TAS",
        "price": "450",
        "price_per_unit": "89",
        "price_unit": "G"
      },
      {
        "state": "ACT",
        "price": "450",
        "price_per_unit": "89",
        "price_unit": "G"
      }
    ]
  },
  {
    "source_url": "https://www.woolworths.com.au/shop/productdetails/245579/campbell-s-soup-chunky-stockpot",
    "name": "Campbell's Soup Chunky Stockpot 505g",
    "image_url": "https://cdn1.woolworths.media/content/wowproductimages/large/245579.jpg",
    "source_id": "Woolworths - 245579",
    "barcode": "9300644700757",
    "category_id": "22770",
    "shop": "Woolworths",
    "weight": "100G",
    "prices": [
      {
        "state": "QLD",
        "price": "450",
        "price_per_unit": "89",
        "price_unit": "G"
      },
      {
        "state": "SA",
        "price": "450",
        "price_per_unit": "89",
        "price_unit": "G"
      },
      {
        "state": "TAS",
        "price": "450",
        "price_per_unit": "89",
        "price_unit": "G"
      },
      {
        "state": "ACT",
        "price": "450",
        "price_per_unit": "89",
        "price_unit": "G"
      },
      {
        "state": "NT",
        "price": "480",
        "price_per_unit": "95",
        "price_unit": "G"
      }
    ]
  },
  {
    "source_url": "https://www.woolworths.com.au/shop/productdetails/19149/continental-classics-cup-a-soup-creamy-chicken-noodles-single-serve",
    "name": "Continental Classics Cup A Soup Creamy Chicken Noodles Single Serve 43g",
    "image_url": "https://cdn1.woolworths.media/content/wowproductimages/large/019149.jpg",
    "source_id": "Woolworths - 19149",
    "barcode": "9300830052806",
    "category_id": "22770",
    "shop": "Woolworths",
    "weight": "100G",
    "prices": [
      {
        "state": "QLD",
        "price": "250",
        "price_per_unit": "581",
        "price_unit": "G"
      },
      {
        "state": "TAS",
        "price": "250",
        "price_per_unit": "581",
        "price_unit": "G"
      },
      {
        "state": "ACT",
        "price": "250",
        "price_per_unit": "581",
        "price_unit": "G"
      },
      {
        "state": "NT",
        "price": "265",
        "price_per_unit": "616",
        "price_unit": "G"
      }
    ]
  },
  {
    "source_url": "https://www.woolworths.com.au/shop/productdetails/34392/continental-simmer-soup-dutch-curry-rice",
    "name": "Continental Simmer Soup Dutch Curry & Rice 70g",
    "image_url": "https://cdn1.woolworths.media/content/wowproductimages/large/034392.jpg",
    "source_id": "Woolworths - 34392",
    "barcode": "9300667370067",
    "category_id": "22770",
    "shop": "Woolworths",
    "weight": "100G",
    "prices": [
      {
        "state": "QLD",
        "price": "170",
        "price_per_unit": "243",
        "price_unit": "G"
      },
      {
        "state": "SA",
        "price": "170",
        "price_per_unit": "243",
        "price_unit": "G"
      },
      {
        "state": "TAS",
        "price": "170",
        "price_per_unit": "243",
        "price_unit": "G"
      },
      {
        "state": "ACT",
        "price": "170",
        "price_per_unit": "243",
        "price_unit": "G"
      },
      {
        "state": "NT",
        "price": "180",
        "price_per_unit": "257",
        "price_unit": "G"
      }
    ]
  },
  {
    "source_url": "https://www.woolworths.com.au/shop/productdetails/271224/hart-soul-creamy-butter-chicken-soup",
    "name": "Hart & Soul Creamy Butter Chicken Soup 400g",
    "image_url": "https://cdn1.woolworths.media/content/wowproductimages/large/271224.jpg",
    "source_id": "Woolworths - 271224",
    "barcode": "9300602377465",
    "category_id": "22770",
    "shop": "Woolworths",
    "weight": "100G",
    "prices": [
      {
        "state": "QLD",
        "price": "450",
        "price_per_unit": "113",
        "price_unit": "G"
      },
      {
        "state": "WA",
        "price": "450",
        "price_per_unit": "113",
        "price_unit": "G"
      },
      {
        "state": "SA",
        "price": "450",
        "price_per_unit": "113",
        "price_unit": "G"
      },
      {
        "state": "TAS",
        "price": "450",
        "price_per_unit": "113",
        "price_unit": "G"
      },
      {
        "state": "ACT",
        "price": "450",
        "price_per_unit": "113",
        "price_unit": "G"
      }
    ]
  },
  {
    "source_url": "https://www.woolworths.com.au/shop/productdetails/271796/hart-soul-creamy-pumkin-cashew-soup",
    "name": "Hart & Soul Creamy Pumkin & Cashew Soup 400g",
    "image_url": "https://cdn1.woolworths.media/content/wowproductimages/large/271796.jpg",
    "source_id": "Woolworths - 271796",
    "barcode": "9300602377625",
    "category_id": "22770",
    "shop": "Woolworths",
    "weight": "100G",
    "prices": [
      {
        "state": "QLD",
        "price": "450",
        "price_per_unit": "113",
        "price_unit": "G"
      },
      {
        "state": "SA",
        "price": "450",
        "price_per_unit": "113",
        "price_unit": "G"
      },
      {
        "state": "TAS",
        "price": "450",
        "price_per_unit": "113",
        "price_unit": "G"
      },
      {
        "state": "ACT",
        "price": "450",
        "price_per_unit": "113",
        "price_unit": "G"
      },
      {
        "state": "NT",
        "price": "470",
        "price_per_unit": "118",
        "price_unit": "G"
      }
    ]
  },
  {
    "source_url": "https://www.woolworths.com.au/shop/productdetails/271225/hart-soul-hearty-pumpkin-lentil-soup",
    "name": "Hart & Soul Hearty Pumpkin & Lentil Soup 400g",
    "image_url": "https://cdn1.woolworths.media/content/wowproductimages/large/271225.jpg",
    "source_id": "Woolworths - 271225",
    "barcode": "9300602377786",
    "category_id": "22770",
    "shop": "Woolworths",
    "weight": "100G",
    "prices": [
      {
        "state": "QLD",
        "price": "450",
        "price_per_unit": "113",
        "price_unit": "G"
      },
      {
        "state": "SA",
        "price": "450",
        "price_per_unit": "113",
        "price_unit": "G"
      },
      {
        "state": "TAS",
        "price": "450",
        "price_per_unit": "113",
        "price_unit": "G"
      },
      {
        "state": "ACT",
        "price": "450",
        "price_per_unit": "113",
        "price_unit": "G"
      }
    ]
  },
  {
    "source_url": "https://www.woolworths.com.au/shop/productdetails/267191/hart-soul-potato-leek-with-miso-soup",
    "name": "Hart & Soul Potato & Leek With Miso Soup 400g",
    "image_url": "https://cdn1.woolworths.media/content/wowproductimages/large/267191.jpg",
    "source_id": "Woolworths - 267191",
    "barcode": "9300602377946",
    "category_id": "22770",
    "shop": "Woolworths",
    "weight": "100G",
    "prices": [
      {
        "state": "QLD",
        "price": "450",
        "price_per_unit": "113",
        "price_unit": "G"
      },
      {
        "state": "SA",
        "price": "450",
        "price_per_unit": "113",
        "price_unit": "G"
      },
      {
        "state": "TAS",
        "price": "450",
        "price_per_unit": "113",
        "price_unit": "G"
      },
      {
        "state": "ACT",
        "price": "450",
        "price_per_unit": "113",
        "price_unit": "G"
      }
    ]
  },
  {
    "source_url": "https://www.woolworths.com.au/shop/productdetails/82554/hart-soul-vegetable-broth-soup",
    "name": "Hart & Soul Vegetable Broth Soup 350g",
    "image_url": "https://cdn1.woolworths.media/content/wowproductimages/large/082554.jpg",
    "source_id": "Woolworths - 82554",
    "barcode": "9350007003377",
    "category_id": "22770",
    "shop": "Woolworths",
    "weight": "100G",
    "prices": [
      {
        "state": "QLD",
        "price": "450",
        "price_per_unit": "129",
        "price_unit": "G"
      },
      {
        "state": "TAS",
        "price": "450",
        "price_per_unit": "129",
        "price_unit": "G"
      },
      {
        "state": "ACT",
        "price": "450",
        "price_per_unit": "129",
        "price_unit": "G"
      }
    ]
  },
  {
    "source_url": "https://www.woolworths.com.au/shop/productdetails/224183/heinz-big-n-chunky-butter-chicken-soup-ready-meals",
    "name": "Heinz Big n Chunky Butter Chicken Soup Ready Meals 535g",
    "image_url": "https://cdn1.woolworths.media/content/wowproductimages/large/224183.jpg",
    "source_id": "Woolworths - 224183",
    "barcode": "9300657031534",
    "category_id": "22770",
    "shop": "Woolworths",
    "weight": "100G",
    "prices": [
      {
        "state": "QLD",
        "price": "440",
        "price_per_unit": "82",
        "price_unit": "G"
      },
      {
        "state": "SA",
        "price": "440",
        "price_per_unit": "82",
        "price_unit": "G"
      },
      {
        "state": "TAS",
        "price": "440",
        "price_per_unit": "82",
        "price_unit": "G"
      },
      {
        "state": "ACT",
        "price": "440",
        "price_per_unit": "82",
        "price_unit": "G"
      },
      {
        "state": "NT",
        "price": "460",
        "price_per_unit": "86",
        "price_unit": "G"
      }
    ]
  },
  {
    "source_url": "https://www.woolworths.com.au/shop/productdetails/715078/heinz-big-n-chunky-steak-mushroom-soup-ready-meals",
    "name": "Heinz Big n Chunky Steak & Mushroom Soup Ready Meals 535g",
    "image_url": "https://cdn1.woolworths.media/content/wowproductimages/large/715078.jpg",
    "source_id": "Woolworths - 715078",
    "barcode": "9300657034573",
    "category_id": "22770",
    "shop": "Woolworths",
    "weight": "100G",
    "prices": [
      {
        "state": "QLD",
        "price": "440",
        "price_per_unit": "82",
        "price_unit": "G"
      },
      {
        "state": "SA",
        "price": "440",
        "price_per_unit": "82",
        "price_unit": "G"
      },
      {
        "state": "TAS",
        "price": "440",
        "price_per_unit": "82",
        "price_unit": "G"
      },
      {
        "state": "ACT",
        "price": "440",
        "price_per_unit": "82",
        "price_unit": "G"
      }
    ]
  },
  {
    "source_url": "https://www.woolworths.com.au/shop/productdetails/856165/heinz-classic-potato-leek-soup-canned-vegetable-soup",
    "name": "Heinz Classic Potato & Leek Soup Canned Vegetable Soup 535g",
    "image_url": "https://cdn1.woolworths.media/content/wowproductimages/large/856165.jpg",
    "source_id": "Woolworths - 856165",
    "barcode": "9300657001742",
    "category_id": "22770",
    "shop": "Woolworths",
    "weight": "100G",
    "prices": [
      {
        "state": "QLD",
        "price": "440",
        "price_per_unit": "82",
        "price_unit": "G"
      },
      {
        "state": "WA",
        "price": "440",
        "price_per_unit": "82",
        "price_unit": "G"
      },
      {
        "state": "SA",
        "price": "440",
        "price_per_unit": "82",
        "price_unit": "G"
      },
      {
        "state": "TAS",
        "price": "440",
        "price_per_unit": "82",
        "price_unit": "G"
      },
      {
        "state": "ACT",
        "price": "440",
        "price_per_unit": "82",
        "price_unit": "G"
      }
    ]
  },
  {
    "source_url": "https://www.woolworths.com.au/shop/productdetails/750412/heinz-classic-sweet-potato-pumpkin-soup-vegetarian-ready-meals",
    "name": "Heinz Classic Sweet Potato & Pumpkin Soup Vegetarian Ready Meals 535g",
    "image_url": "https://cdn1.woolworths.media/content/wowproductimages/large/750412.jpg",
    "source_id": "Woolworths - 750412",
    "barcode": "9300657036058",
    "category_id": "22770",
    "shop": "Woolworths",
    "weight": "100G",
    "prices": [
      {
        "state": "QLD",
        "price": "300",
        "price_per_unit": "56",
        "price_unit": "G"
      },
      {
        "state": "SA",
        "price": "300",
        "price_per_unit": "56",
        "price_unit": "G"
      },
      {
        "state": "TAS",
        "price": "300",
        "price_per_unit": "56",
        "price_unit": "G"
      },
      {
        "state": "ACT",
        "price": "300",
        "price_per_unit": "56",
        "price_unit": "G"
      }
    ]
  },
  {
    "source_url": "https://www.woolworths.com.au/shop/productdetails/782291/la-zuppa-microwave-soup-chicken-noodle-chicken-noodle",
    "name": "La Zuppa Microwave Soup Chicken Noodle 420g",
    "image_url": "https://cdn1.woolworths.media/content/wowproductimages/large/782291.jpg",
    "source_id": "Woolworths - 782291",
    "barcode": "9300637506267",
    "category_id": "22770",
    "shop": "Woolworths",
    "weight": "100G",
    "prices": [
      {
        "state": "QLD",
        "price": "460",
        "price_per_unit": "110",
        "price_unit": "G"
      },
      {
        "state": "SA",
        "price": "460",
        "price_per_unit": "110",
        "price_unit": "G"
      },
      {
        "state": "TAS",
        "price": "460",
        "price_per_unit": "110",
        "price_unit": "G"
      },
      {
        "state": "ACT",
        "price": "460",
        "price_per_unit": "110",
        "price_unit": "G"
      },
      {
        "state": "NT",
        "price": "485",
        "price_per_unit": "115",
        "price_unit": "G"
      }
    ]
  },
  {
    "source_url": "https://www.woolworths.com.au/shop/productdetails/489537/la-zuppa-soup-pouch-thai-coconut-chicken-curry",
    "name": "La Zuppa Soup Pouch Thai Coconut & Chicken Curry 400g",
    "image_url": "https://cdn1.woolworths.media/content/wowproductimages/large/489537.jpg",
    "source_id": "Woolworths - 489537",
    "barcode": "9300637508513",
    "category_id": "22770",
    "shop": "Woolworths",
    "weight": "100G",
    "prices": [
      {
        "state": "QLD",
        "price": "470",
        "price_per_unit": "118",
        "price_unit": "G"
      },
      {
        "state": "TAS",
        "price": "470",
        "price_per_unit": "118",
        "price_unit": "G"
      },
      {
        "state": "ACT",
        "price": "470",
        "price_per_unit": "118",
        "price_unit": "G"
      }
    ]
  },
  {
    "source_url": "https://www.woolworths.com.au/shop/productdetails/502334/la-zuppa-soup-pouch-tomato-capsicum-basil",
    "name": "La Zuppa Soup Pouch Tomato Capsicum & Basil 400g",
    "image_url": "https://cdn1.woolworths.media/content/wowproductimages/large/502334.jpg",
    "source_id": "Woolworths - 502334",
    "barcode": "9300637508568",
    "category_id": "22770",
    "shop": "Woolworths",
    "weight": "100G",
    "prices": [
      {
        "state": "QLD",
        "price": "470",
        "price_per_unit": "118",
        "price_unit": "G"
      },
      {
        "state": "SA",
        "price": "470",
        "price_per_unit": "118",
        "price_unit": "G"
      },
      {
        "state": "TAS",
        "price": "470",
        "price_per_unit": "118",
        "price_unit": "G"
      },
      {
        "state": "ACT",
        "price": "470",
        "price_per_unit": "118",
        "price_unit": "G"
      }
    ]
  },
  {
    "source_url": "https://www.woolworths.com.au/shop/productdetails/217153/south-australian-gourmet-food-company-classique-french-onion-soup",
    "name": "South Australian Gourmet Food Company Classique French Onion Soup 430g",
    "image_url": "https://cdn1.woolworths.media/content/wowproductimages/large/217153.jpg",
    "source_id": "Woolworths - 217153",
    "barcode": "9310768114620",
    "category_id": "22770",
    "shop": "Woolworths",
    "weight": "100G",
    "prices": [
      {
        "state": "QLD",
        "price": "300",
        "price_per_unit": "70",
        "price_unit": "G"
      },
      {
        "state": "SA",
        "price": "300",
        "price_per_unit": "70",
        "price_unit": "G"
      },
      {
        "state": "TAS",
        "price": "300",
        "price_per_unit": "70",
        "price_unit": "G"
      },
      {
        "state": "ACT",
        "price": "300",
        "price_per_unit": "70",
        "price_unit": "G"
      }
    ]
  },
  {
    "source_url": "https://www.woolworths.com.au/shop/productdetails/19138/continental-classics-cup-a-soup-asian-laksa-bigger-serve",
    "name": "Continental Classics Cup A Soup Asian Laksa Bigger Serve 51g",
    "image_url": "https://cdn1.woolworths.media/content/wowproductimages/large/019138.jpg",
    "source_id": "Woolworths - 19138",
    "barcode": "9300830052776",
    "category_id": "22770",
    "shop": "Woolworths",
    "weight": "100G",
    "prices": [
      {
        "state": "SA",
        "price": "125",
        "price_per_unit": "245",
        "price_unit": "G"
      },
      {
        "state": "TAS",
        "price": "125",
        "price_per_unit": "245",
        "price_unit": "G"
      },
      {
        "state": "ACT",
        "price": "125",
        "price_per_unit": "245",
        "price_unit": "G"
      }
    ]
  },
  {
    "source_url": "https://www.woolworths.com.au/shop/productdetails/503366/la-zuppa-soup-pouch-chunky-tomato-veg",
    "name": "La Zuppa Soup Pouch Chunky Tomato & Veg 400g",
    "image_url": "https://cdn1.woolworths.media/content/wowproductimages/large/503366.jpg",
    "source_id": "Woolworths - 503366",
    "barcode": "9300637508544",
    "category_id": "22770",
    "shop": "Woolworths",
    "weight": "100G",
    "prices": [
      {
        "state": "SA",
        "price": "470",
        "price_per_unit": "118",
        "price_unit": "G"
      },
      {
        "state": "TAS",
        "price": "470",
        "price_per_unit": "118",
        "price_unit": "G"
      },
      {
        "state": "ACT",
        "price": "470",
        "price_per_unit": "118",
        "price_unit": "G"
      }
    ]
  },
  {
    "source_url": "https://www.woolworths.com.au/shop/productdetails/502076/la-zuppa-soup-pouch-spring-vegetable-brown-rice",
    "name": "La Zuppa Soup Pouch Spring Vegetable & Brown Rice 400g",
    "image_url": "https://cdn1.woolworths.media/content/wowproductimages/large/502076.jpg",
    "source_id": "Woolworths - 502076",
    "barcode": "9300637508537",
    "category_id": "22770",
    "shop": "Woolworths",
    "weight": "100G",
    "prices": [
      {
        "state": "SA",
        "price": "470",
        "price_per_unit": "118",
        "price_unit": "G"
      },
      {
        "state": "TAS",
        "price": "470",
        "price_per_unit": "118",
        "price_unit": "G"
      },
      {
        "state": "ACT",
        "price": "470",
        "price_per_unit": "118",
        "price_unit": "G"
      }
    ]
  },
  {
    "source_url": "https://www.woolworths.com.au/shop/productdetails/278398/south-australian-gourmet-food-company-creamy-tomato-soup",
    "name": "South Australian Gourmet Food Company Creamy Tomato Soup 430g",
    "image_url": "https://cdn1.woolworths.media/content/wowproductimages/large/278398.jpg",
    "source_id": "Woolworths - 278398",
    "barcode": "9310768115108",
    "category_id": "22770",
    "shop": "Woolworths",
    "weight": "100G",
    "prices": [
      {
        "state": "SA",
        "price": "250",
        "price_per_unit": "58",
        "price_unit": "G"
      },
      {
        "state": "TAS",
        "price": "250",
        "price_per_unit": "58",
        "price_unit": "G"
      },
      {
        "state": "ACT",
        "price": "250",
        "price_per_unit": "58",
        "price_unit": "G"
      }
    ]
  },
  {
    "source_url": "https://www.woolworths.com.au/shop/productdetails/19498/continental-classics-cup-a-soup-creamy-chicken-corn-bigger-serve",
    "name": "Continental Classics Cup A Soup Creamy Chicken & Corn Bigger Serve 35g",
    "image_url": "https://cdn1.woolworths.media/content/wowproductimages/large/019498.jpg",
    "source_id": "Woolworths - 19498",
    "barcode": "9300830052790",
    "category_id": "22770",
    "shop": "Woolworths",
    "weight": "100G",
    "prices": [
      {
        "state": "TAS",
        "price": "125",
        "price_per_unit": "357",
        "price_unit": "G"
      },
      {
        "state": "ACT",
        "price": "125",
        "price_per_unit": "357",
        "price_unit": "G"
      }
    ]
  },
  {
    "source_url": "https://www.woolworths.com.au/shop/productdetails/274865/f-whitlock-sons-louisiana-style-gumbo-soup",
    "name": "F. Whitlock & Sons Louisiana Style Gumbo Soup 420g",
    "image_url": "https://cdn1.woolworths.media/content/wowproductimages/large/274865.jpg",
    "source_id": "Woolworths - 274865",
    "barcode": "9300657295110",
    "category_id": "22770",
    "shop": "Woolworths",
    "weight": "100G",
    "prices": [
      {
        "state": "TAS",
        "price": "200",
        "price_per_unit": "48",
        "price_unit": "G"
      },
      {
        "state": "ACT",
        "price": "200",
        "price_per_unit": "48",
        "price_unit": "G"
      }
    ]
  },
  {
    "source_url": "https://www.woolworths.com.au/shop/productdetails/274907/f-whitlock-sons-peri-peri-chicken-soup",
    "name": "F. Whitlock & Sons Peri Peri Chicken Soup 420g",
    "image_url": "https://cdn1.woolworths.media/content/wowproductimages/large/274907.jpg",
    "source_id": "Woolworths - 274907",
    "barcode": "9300657295066",
    "category_id": "22770",
    "shop": "Woolworths",
    "weight": "100G",
    "prices": [
      {
        "state": "TAS",
        "price": "200",
        "price_per_unit": "48",
        "price_unit": "G"
      },
      {
        "state": "ACT",
        "price": "200",
        "price_per_unit": "48",
        "price_unit": "G"
      }
    ]
  },
  {
    "source_url": "https://www.woolworths.com.au/shop/productdetails/782301/la-zuppa-microwave-soup-thai-style-curry-laksa",
    "name": "La Zuppa Microwave Soup Thai Style Curry Laksa 420g",
    "image_url": "https://cdn1.woolworths.media/content/wowproductimages/large/782301.jpg",
    "source_id": "Woolworths - 782301",
    "barcode": "9300637506250",
    "category_id": "22770",
    "shop": "Woolworths",
    "weight": "100G",
    "prices": [
      {
        "state": "TAS",
        "price": "460",
        "price_per_unit": "110",
        "price_unit": "G"
      },
      {
        "state": "ACT",
        "price": "460",
        "price_per_unit": "110",
        "price_unit": "G"
      },
      {
        "state": "NT",
        "price": "485",
        "price_per_unit": "115",
        "price_unit": "G"
      }
    ]
  },
  {
    "source_url": "https://www.woolworths.com.au/shop/productdetails/276841/rosella-tomato-roasted-pepper-soup",
    "name": "Rosella Tomato Roasted Pepper Soup 390g",
    "image_url": "https://cdn1.woolworths.media/content/wowproductimages/large/276841.jpg",
    "source_id": "Woolworths - 276841",
    "barcode": "9300660446950",
    "category_id": "22770",
    "shop": "Woolworths",
    "weight": "100G",
    "prices": [
      {
        "state": "TAS",
        "price": "280",
        "price_per_unit": "72",
        "price_unit": "G"
      },
      {
        "state": "ACT",
        "price": "280",
        "price_per_unit": "72",
        "price_unit": "G"
      }
    ]
  },
  {
    "source_url": "https://www.woolworths.com.au/shop/productdetails/543469/south-australian-gourmet-food-company-creamy-chicken-soup",
    "name": "South Australian Gourmet Food Company Creamy Chicken Soup 505g",
    "image_url": "https://cdn1.woolworths.media/content/wowproductimages/large/543469.jpg",
    "source_id": "Woolworths - 543469",
    "barcode": "9310768115535",
    "category_id": "22770",
    "shop": "Woolworths",
    "weight": "100G",
    "prices": [
      {
        "state": "TAS",
        "price": "270",
        "price_per_unit": "53",
        "price_unit": "G"
      },
      {
        "state": "ACT",
        "price": "270",
        "price_per_unit": "53",
        "price_unit": "G"
      }
    ]
  },
  {
    "source_url": "https://www.woolworths.com.au/shop/productdetails/554393/south-australian-gourmet-food-company-creamy-pumpkin-soup",
    "name": "South Australian Gourmet Food Company Creamy Pumpkin Soup 505g",
    "image_url": "https://cdn1.woolworths.media/content/wowproductimages/large/554393.jpg",
    "source_id": "Woolworths - 554393",
    "barcode": "9310768115559",
    "category_id": "22770",
    "shop": "Woolworths",
    "weight": "100G",
    "prices": [
      {
        "state": "TAS",
        "price": "270",
        "price_per_unit": "53",
        "price_unit": "G"
      },
      {
        "state": "ACT",
        "price": "270",
        "price_per_unit": "53",
        "price_unit": "G"
      }
    ]
  },
  {
    "source_url": "https://www.woolworths.com.au/shop/productdetails/19501/continental-classics-cup-a-soup-italian-minestrone-bigger-serve",
    "name": "Continental Classics Cup-A-Soup Italian Minestrone Bigger Serve 52g",
    "image_url": "https://cdn1.woolworths.media/content/wowproductimages/large/019501.jpg",
    "source_id": "Woolworths - 19501",
    "barcode": "9300830052783",
    "category_id": "22770",
    "shop": "Woolworths",
    "weight": "100G",
    "prices": [
      {
        "state": "ACT",
        "price": "125",
        "price_per_unit": "240",
        "price_unit": "G"
      }
    ]
  },
  {
    "source_url": "https://www.woolworths.com.au/shop/productdetails/546056/south-australian-gourmet-food-company-italian-minestrone-soup",
    "name": "South Australian Gourmet Food Company Italian Minestrone Soup 505g",
    "image_url": "https://cdn1.woolworths.media/content/wowproductimages/large/546056.jpg",
    "source_id": "Woolworths - 546056",
    "barcode": "9310768115566",
    "category_id": "22770",
    "shop": "Woolworths",
    "weight": "100G",
    "prices": [
      {
        "state": "ACT",
        "price": "270",
        "price_per_unit": "53",
        "price_unit": "G"
      }
    ]
  }
]