[
  {
    "source_url": "https://www.woolworths.com.au/shop/productdetails/907523/a2-milk-gentle-gold-stage-3-toddler-formula",
    "name": "A2 Milk Gentle Gold Stage 3 Toddler Formula 800g",
    "image_url": "https://cdn1.woolworths.media/content/wowproductimages/large/907523.jpg",
    "source_id": "Woolworths - 907523",
    "barcode": "9421902960901",
    "shop": "Woolworths",
    "weight": "100G",
    "prices": [
      {
        "state": "NSW",
        "price": "3000",
        "price_per_unit": "375",
        "price_unit": "G"
      },
      {
        "state": "QLD",
        "price": "3000",
        "price_per_unit": "375",
        "price_unit": "G"
      },
      {
        "state": "WA",
        "price": "3000",
        "price_per_unit": "375",
        "price_unit": "G"
      },
      {
        "state": "SA",
        "price": "3000",
        "price_per_unit": "375",
        "price_unit": "G"
      },
      {
        "state": "TAS",
        "price": "3000",
        "price_per_unit": "375",
        "price_unit": "G"
      },
      {
        "state": "ACT",
        "price": "3000",
        "price_per_unit": "375",
        "price_unit": "G"
      },
      {
        "state": "NT",
        "price": "3000",
        "price_per_unit": "375",
        "price_unit": "G"
      }
    ]
  },
  {
    "source_url": "https://www.woolworths.com.au/shop/productdetails/907296/a2-milk-gentle-gold-stage-4-formula-3-years-",
    "name": "A2 Milk Gentle Gold Stage 4 Formula 3 Years+",
    "image_url": "https://cdn1.woolworths.media/content/wowproductimages/large/907296.jpg",
    "source_id": "Woolworths - 907296",
    "barcode": "9421902960918",
    "shop": "Woolworths",
    "weight": "100G",
    "prices": [
      {
        "state": "NSW",
        "price": "3000",
        "price_per_unit": "375",
        "price_unit": "G"
      },
      {
        "state": "VIC",
        "price": "3000",
        "price_per_unit": "375",
        "price_unit": "G"
      },
      {
        "state": "QLD",
        "price": "3000",
        "price_per_unit": "375",
        "price_unit": "G"
      },
      {
        "state": "WA",
        "price": "3000",
        "price_per_unit": "375",
        "price_unit": "G"
      },
      {
        "state": "SA",
        "price": "3000",
        "price_per_unit": "375",
        "price_unit": "G"
      },
      {
        "state": "TAS",
        "price": "3000",
        "price_per_unit": "375",
        "price_unit": "G"
      },
      {
        "state": "ACT",
        "price": "3000",
        "price_per_unit": "375",
        "price_unit": "G"
      },
      {
        "state": "NT",
        "price": "3000",
        "price_per_unit": "375",
        "price_unit": "G"
      }
    ]
  },
  {
    "source_url": "https://www.woolworths.com.au/shop/productdetails/237175/a2-platinum-junior-milk-drink-stage-3",
    "name": "A2 Platinum Junior Milk Drink Stage 3 900g",
    "image_url": "https://cdn1.woolworths.media/content/wowproductimages/large/237175.jpg",
    "source_id": "Woolworths - 237175",
    "barcode": "9421902960611",
    "shop": "Woolworths",
    "weight": "100G",
    "prices": [
      {
        "state": "NSW",
        "price": "3800",
        "price_per_unit": "422",
        "price_unit": "G"
      },
      {
        "state": "QLD",
        "price": "3800",
        "price_per_unit": "422",
        "price_unit": "G"
      },
      {
        "state": "WA",
        "price": "3800",
        "price_per_unit": "422",
        "price_unit": "G"
      },
      {
        "state": "SA",
        "price": "3800",
        "price_per_unit": "422",
        "price_unit": "G"
      },
      {
        "state": "TAS",
        "price": "3800",
        "price_per_unit": "422",
        "price_unit": "G"
      },
      {
        "state": "ACT",
        "price": "3800",
        "price_per_unit": "422",
        "price_unit": "G"
      },
      {
        "state": "NT",
        "price": "3990",
        "price_per_unit": "443",
        "price_unit": "G"
      }
    ]
  },
  {
    "source_url": "https://www.woolworths.com.au/shop/productdetails/892316/alula-advance-stage-3-toddler-baby-formula-1-year-",
    "name": "Alula Advance+ Stage 3 Toddler Baby Formula 1 Year + 800g",
    "image_url": "https://cdn1.woolworths.media/content/wowproductimages/large/892316.jpg",
    "source_id": "Woolworths - 892316",
    "barcode": "9347832001296",
    "shop": "Woolworths",
    "weight": "100G",
    "prices": [
      {
        "state": "NSW",
        "price": "3000",
        "price_per_unit": "375",
        "price_unit": "G"
      },
      {
        "state": "VIC",
        "price": "3000",
        "price_per_unit": "375",
        "price_unit": "G"
      },
      {
        "state": "QLD",
        "price": "3000",
        "price_per_unit": "375",
        "price_unit": "G"
      },
      {
        "state": "WA",
        "price": "3000",
        "price_per_unit": "375",
        "price_unit": "G"
      },
      {
        "state": "SA",
        "price": "3000",
        "price_per_unit": "375",
        "price_unit": "G"
      },
      {
        "state": "TAS",
        "price": "3000",
        "price_per_unit": "375",
        "price_unit": "G"
      },
      {
        "state": "ACT",
        "price": "3000",
        "price_per_unit": "375",
        "price_unit": "G"
      },
      {
        "state": "NT",
        "price": "3000",
        "price_per_unit": "375",
        "price_unit": "G"
      }
    ]
  },
  {
    "source_url": "https://www.woolworths.com.au/shop/productdetails/654784/alula-gold-junior-2-years-milk-drink",
    "name": "Alula Gold Junior 2 Years + Milk Drink 900g",
    "image_url": "https://cdn1.woolworths.media/content/wowproductimages/large/654784.jpg",
    "source_id": "Woolworths - 654784",
    "barcode": "9347832001241",
    "shop": "Woolworths",
    "weight": "100G",
    "prices": [
      {
        "state": "NSW",
        "price": "2550",
        "price_per_unit": "283",
        "price_unit": "G"
      },
      {
        "state": "VIC",
        "price": "2550",
        "price_per_unit": "283",
        "price_unit": "G"
      },
      {
        "state": "QLD",
        "price": "2550",
        "price_per_unit": "283",
        "price_unit": "G"
      },
      {
        "state": "WA",
        "price": "2550",
        "price_per_unit": "283",
        "price_unit": "G"
      },
      {
        "state": "SA",
        "price": "2550",
        "price_per_unit": "283",
        "price_unit": "G"
      },
      {
        "state": "TAS",
        "price": "2550",
        "price_per_unit": "283",
        "price_unit": "G"
      },
      {
        "state": "ACT",
        "price": "2550",
        "price_per_unit": "283",
        "price_unit": "G"
      },
      {
        "state": "NT",
        "price": "2680",
        "price_per_unit": "298",
        "price_unit": "G"
      }
    ]
  },
  {
    "source_url": "https://www.woolworths.com.au/shop/productdetails/654791/alula-gold-toddler-1-year-milk-drink",
    "name": "Alula Gold Toddler 1 Year + Milk Drink 900g",
    "image_url": "https://cdn1.woolworths.media/content/wowproductimages/large/654791.jpg",
    "source_id": "Woolworths - 654791",
    "barcode": "9347832001234",
    "shop": "Woolworths",
    "weight": "100G",
    "prices": [
      {
        "state": "NSW",
        "price": "2550",
        "price_per_unit": "283",
        "price_unit": "G"
      },
      {
        "state": "VIC",
        "price": "2550",
        "price_per_unit": "283",
        "price_unit": "G"
      },
      {
        "state": "QLD",
        "price": "2550",
        "price_per_unit": "283",
        "price_unit": "G"
      },
      {
        "state": "WA",
        "price": "2550",
        "price_per_unit": "283",
        "price_unit": "G"
      },
      {
        "state": "SA",
        "price": "2550",
        "price_per_unit": "283",
        "price_unit": "G"
      },
      {
        "state": "TAS",
        "price": "2550",
        "price_per_unit": "283",
        "price_unit": "G"
      },
      {
        "state": "ACT",
        "price": "2550",
        "price_per_unit": "283",
        "price_unit": "G"
      },
      {
        "state": "NT",
        "price": "2680",
        "price_per_unit": "298",
        "price_unit": "G"
      }
    ]
  },
  {
    "source_url": "https://www.woolworths.com.au/shop/productdetails/859308/alula-original-toddler-1-year-milk-drink",
    "name": "Alula Original Toddler 1 Year + Milk Drink 900g",
    "image_url": "https://cdn1.woolworths.media/content/wowproductimages/large/859308.jpg",
    "source_id": "Woolworths - 859308",
    "barcode": "9347832001159",
    "shop": "Woolworths",
    "weight": "100G",
    "prices": [
      {
        "state": "NSW",
        "price": "2000",
        "price_per_unit": "222",
        "price_unit": "G"
      },
      {
        "state": "VIC",
        "price": "2000",
        "price_per_unit": "222",
        "price_unit": "G"
      },
      {
        "state": "QLD",
        "price": "2000",
        "price_per_unit": "222",
        "price_unit": "G"
      },
      {
        "state": "WA",
        "price": "2000",
        "price_per_unit": "222",
        "price_unit": "G"
      },
      {
        "state": "SA",
        "price": "2000",
        "price_per_unit": "222",
        "price_unit": "G"
      },
      {
        "state": "ACT",
        "price": "2000",
        "price_per_unit": "222",
        "price_unit": "G"
      },
      {
        "state": "NT",
        "price": "2100",
        "price_per_unit": "233",
        "price_unit": "G"
      }
    ]
  },
  {
    "source_url": "https://www.woolworths.com.au/shop/productdetails/378533/aptamil-gold-3-toddler-milk-formula-from-1-year",
    "name": "Aptamil Gold+ 3 Toddler Milk Formula From 1+ Year 900g",
    "image_url": "https://cdn1.woolworths.media/content/wowproductimages/large/378533.jpg",
    "source_id": "Woolworths - 378533",
    "barcode": "9418783002844",
    "shop": "Woolworths",
    "weight": "100G",
    "prices": [
      {
        "state": "NSW",
        "price": "2650",
        "price_per_unit": "294",
        "price_unit": "G"
      },
      {
        "state": "VIC",
        "price": "2650",
        "price_per_unit": "294",
        "price_unit": "G"
      },
      {
        "state": "QLD",
        "price": "2650",
        "price_per_unit": "294",
        "price_unit": "G"
      },
      {
        "state": "WA",
        "price": "2650",
        "price_per_unit": "294",
        "price_unit": "G"
      },
      {
        "state": "SA",
        "price": "2650",
        "price_per_unit": "294",
        "price_unit": "G"
      },
      {
        "state": "TAS",
        "price": "2650",
        "price_per_unit": "294",
        "price_unit": "G"
      },
      {
        "state": "ACT",
        "price": "2650",
        "price_per_unit": "294",
        "price_unit": "G"
      },
      {
        "state": "NT",
        "price": "2650",
        "price_per_unit": "294",
        "price_unit": "G"
      }
    ]
  },
  {
    "source_url": "https://www.woolworths.com.au/shop/productdetails/378535/aptamil-gold-4-junior-milk-formula-from-2-years",
    "name": "Aptamil Gold+ 4 Junior Milk Formula From 2+ Years 900g",
    "image_url": "https://cdn1.woolworths.media/content/wowproductimages/large/378535.jpg",
    "source_id": "Woolworths - 378535",
    "barcode": "9418783002851",
    "shop": "Woolworths",
    "weight": "100G",
    "prices": [
      {
        "state": "NSW",
        "price": "2650",
        "price_per_unit": "294",
        "price_unit": "G"
      },
      {
        "state": "VIC",
        "price": "2650",
        "price_per_unit": "294",
        "price_unit": "G"
      },
      {
        "state": "QLD",
        "price": "2650",
        "price_per_unit": "294",
        "price_unit": "G"
      },
      {
        "state": "WA",
        "price": "2650",
        "price_per_unit": "294",
        "price_unit": "G"
      },
      {
        "state": "SA",
        "price": "2650",
        "price_per_unit": "294",
        "price_unit": "G"
      },
      {
        "state": "TAS",
        "price": "2650",
        "price_per_unit": "294",
        "price_unit": "G"
      },
      {
        "state": "ACT",
        "price": "2650",
        "price_per_unit": "294",
        "price_unit": "G"
      },
      {
        "state": "NT",
        "price": "2650",
        "price_per_unit": "294",
        "price_unit": "G"
      }
    ]
  },
  {
    "source_url": "https://www.woolworths.com.au/shop/productdetails/151745/aptamil-profutura-3-premium-toddler-nutrition-supplement-1-year",
    "name": "Aptamil Profutura 3 Premium Toddler Nutrition Supplement + 1 Year 900g",
    "image_url": "https://cdn1.woolworths.media/content/wowproductimages/large/151745.jpg",
    "source_id": "Woolworths - 151745",
    "barcode": "9418783008877",
    "shop": "Woolworths",
    "weight": "100G",
    "prices": [
      {
        "state": "NSW",
        "price": "4300",
        "price_per_unit": "478",
        "price_unit": "G"
      },
      {
        "state": "QLD",
        "price": "4300",
        "price_per_unit": "478",
        "price_unit": "G"
      },
      {
        "state": "WA",
        "price": "4300",
        "price_per_unit": "478",
        "price_unit": "G"
      },
      {
        "state": "TAS",
        "price": "4300",
        "price_per_unit": "478",
        "price_unit": "G"
      },
      {
        "state": "ACT",
        "price": "4300",
        "price_per_unit": "478",
        "price_unit": "G"
      },
      {
        "state": "NT",
        "price": "4515",
        "price_per_unit": "502",
        "price_unit": "G"
      }
    ]
  },
  {
    "source_url": "https://www.woolworths.com.au/shop/productdetails/250239/bellamy-s-organic-organic-toddler-baby-formula-stage-3",
    "name": "Bellamy's Organic Toddler Baby Formula Stage 3 900g",
    "image_url": "https://cdn1.woolworths.media/content/wowproductimages/large/250239.jpg",
    "source_id": "Woolworths - 250239",
    "barcode": "9332045001768",
    "shop": "Woolworths",
    "weight": "100G",
    "prices": [
      {
        "state": "NSW",
        "price": "3600",
        "price_per_unit": "400",
        "price_unit": "G"
      },
      {
        "state": "VIC",
        "price": "3600",
        "price_per_unit": "400",
        "price_unit": "G"
      },
      {
        "state": "QLD",
        "price": "3600",
        "price_per_unit": "400",
        "price_unit": "G"
      },
      {
        "state": "WA",
        "price": "3600",
        "price_per_unit": "400",
        "price_unit": "G"
      },
      {
        "state": "SA",
        "price": "3600",
        "price_per_unit": "400",
        "price_unit": "G"
      },
      {
        "state": "TAS",
        "price": "3600",
        "price_per_unit": "400",
        "price_unit": "G"
      },
      {
        "state": "ACT",
        "price": "3600",
        "price_per_unit": "400",
        "price_unit": "G"
      },
      {
        "state": "NT",
        "price": "3780",
        "price_per_unit": "420",
        "price_unit": "G"
      }
    ]
  },
  {
    "source_url": "https://www.woolworths.com.au/shop/productdetails/1075480735/bellamys-organic-stage-3-toddler-milk-drink-formula-12-months-900g",
    "name": "Bellamys Organic Stage 3 Toddler Milk Drink Formula 12 Months+ 900g",
    "image_url": "https://cdn1.woolworths.media/content/wowproductimages/large/1075480735.jpg",
    "source_id": "Woolworths - 1075480735",
    "barcode": null,
    "shop": "Woolworths",
    "weight": "100G",
    "prices": [
      {
        "state": "NSW",
        "price": "3600",
        "price_per_unit": "400",
        "price_unit": "G"
      },
      {
        "state": "VIC",
        "price": "3600",
        "price_per_unit": "400",
        "price_unit": "G"
      },
      {
        "state": "QLD",
        "price": "3600",
        "price_per_unit": "400",
        "price_unit": "G"
      },
      {
        "state": "WA",
        "price": "3600",
        "price_per_unit": "400",
        "price_unit": "G"
      },
      {
        "state": "SA",
        "price": "3600",
        "price_per_unit": "400",
        "price_unit": "G"
      },
      {
        "state": "TAS",
        "price": "3600",
        "price_per_unit": "400",
        "price_unit": "G"
      },
      {
        "state": "ACT",
        "price": "3600",
        "price_per_unit": "400",
        "price_unit": "G"
      },
      {
        "state": "NT",
        "price": "3600",
        "price_per_unit": "400",
        "price_unit": "G"
      }
    ]
  },
  {
    "source_url": "https://www.woolworths.com.au/shop/productdetails/1075797915/boslac-organic-premium-follow-on-formula-stage-2-900g",
    "name": "Boslac Organic Premium Follow-On Formula Stage 2 900g",
    "image_url": "https://cdn1.woolworths.media/content/wowproductimages/large/1075797915.jpg",
    "source_id": "Woolworths - 1075797915",
    "barcode": null,
    "shop": "Woolworths",
    "weight": "100G",
    "prices": [
      {
        "state": "NSW",
        "price": "4495",
        "price_per_unit": "1798",
        "price_unit": "G"
      },
      {
        "state": "VIC",
        "price": "4495",
        "price_per_unit": "1798",
        "price_unit": "G"
      },
      {
        "state": "QLD",
        "price": "4495",
        "price_per_unit": "1798",
        "price_unit": "G"
      },
      {
        "state": "WA",
        "price": "4495",
        "price_per_unit": "1798",
        "price_unit": "G"
      },
      {
        "state": "SA",
        "price": "4495",
        "price_per_unit": "1798",
        "price_unit": "G"
      },
      {
        "state": "TAS",
        "price": "4495",
        "price_per_unit": "1798",
        "price_unit": "G"
      },
      {
        "state": "ACT",
        "price": "4495",
        "price_per_unit": "1798",
        "price_unit": "G"
      },
      {
        "state": "NT",
        "price": "4495",
        "price_per_unit": "1798",
        "price_unit": "G"
      }
    ]
  },
  {
    "source_url": "https://www.woolworths.com.au/shop/productdetails/1075797831/boslac-organic-premium-growing-up-milk-stage-3-900g",
    "name": "Boslac Organic Premium Growing-Up Milk Stage 3 900g",
    "image_url": "https://cdn1.woolworths.media/content/wowproductimages/large/1075797831.jpg",
    "source_id": "Woolworths - 1075797831",
    "barcode": null,
    "shop": "Woolworths",
    "weight": "100ML",
    "prices": [
      {
        "state": "NSW",
        "price": "4495",
        "price_per_unit": "899",
        "price_unit": "ML"
      },
      {
        "state": "VIC",
        "price": "4495",
        "price_per_unit": "899",
        "price_unit": "ML"
      },
      {
        "state": "QLD",
        "price": "4495",
        "price_per_unit": "899",
        "price_unit": "ML"
      },
      {
        "state": "WA",
        "price": "4495",
        "price_per_unit": "899",
        "price_unit": "ML"
      },
      {
        "state": "SA",
        "price": "4495",
        "price_per_unit": "899",
        "price_unit": "ML"
      },
      {
        "state": "TAS",
        "price": "4495",
        "price_per_unit": "899",
        "price_unit": "ML"
      },
      {
        "state": "ACT",
        "price": "4495",
        "price_per_unit": "899",
        "price_unit": "ML"
      },
      {
        "state": "NT",
        "price": "4495",
        "price_per_unit": "899",
        "price_unit": "ML"
      }
    ]
  },
  {
    "source_url": "https://www.woolworths.com.au/shop/productdetails/88504/bubs-organic-grass-fed-toddler-formula-stage-3",
    "name": "Bubs Organic Grass Fed Toddler Formula Stage 3 800g",
    "image_url": "https://cdn1.woolworths.media/content/wowproductimages/large/088504.jpg",
    "source_id": "Woolworths - 88504",
    "barcode": "9338078005711",
    "shop": "Woolworths",
    "weight": "100G",
    "prices": [
      {
        "state": "NSW",
        "price": "3100",
        "price_per_unit": "388",
        "price_unit": "G"
      },
      {
        "state": "QLD",
        "price": "3100",
        "price_per_unit": "388",
        "price_unit": "G"
      },
      {
        "state": "WA",
        "price": "3100",
        "price_per_unit": "388",
        "price_unit": "G"
      },
      {
        "state": "SA",
        "price": "3100",
        "price_per_unit": "388",
        "price_unit": "G"
      },
      {
        "state": "ACT",
        "price": "3100",
        "price_per_unit": "388",
        "price_unit": "G"
      },
      {
        "state": "NT",
        "price": "3400",
        "price_per_unit": "425",
        "price_unit": "G"
      }
    ]
  },
  {
    "source_url": "https://www.woolworths.com.au/shop/productdetails/1075797752/else-nutrition-plant-based-toddler-drink-700g",
    "name": "ELSE Nutrition Plant Based Toddler Drink 700g",
    "image_url": "https://cdn1.woolworths.media/content/wowproductimages/large/1075797752.jpg",
    "source_id": "Woolworths - 1075797752",
    "barcode": null,
    "shop": "Woolworths",
    "weight": "100ML",
    "prices": [
      {
        "state": "NSW",
        "price": "1847",
        "price_per_unit": "390",
        "price_unit": "ML"
      },
      {
        "state": "VIC",
        "price": "1847",
        "price_per_unit": "390",
        "price_unit": "ML"
      },
      {
        "state": "QLD",
        "price": "1847",
        "price_per_unit": "390",
        "price_unit": "ML"
      },
      {
        "state": "WA",
        "price": "1847",
        "price_per_unit": "390",
        "price_unit": "ML"
      },
      {
        "state": "SA",
        "price": "1847",
        "price_per_unit": "390",
        "price_unit": "ML"
      },
      {
        "state": "TAS",
        "price": "1847",
        "price_per_unit": "390",
        "price_unit": "ML"
      },
      {
        "state": "ACT",
        "price": "1847",
        "price_per_unit": "390",
        "price_unit": "ML"
      },
      {
        "state": "NT",
        "price": "1847",
        "price_per_unit": "390",
        "price_unit": "ML"
      }
    ]
  },
  {
    "source_url": "https://www.woolworths.com.au/shop/productdetails/1075851932/holle-organic-cow-milk-toddler-formula-3-with-dha-500g",
    "name": "Holle Organic Cow Milk Toddler Formula 3 with DHA 500g",
    "image_url": "https://cdn1.woolworths.media/content/wowproductimages/large/1075851932.jpg",
    "source_id": "Woolworths - 1075851932",
    "barcode": null,
    "shop": "Woolworths",
    "weight": "100G",
    "prices": [
      {
        "state": "NSW",
        "price": "3395",
        "price_per_unit": "3395",
        "price_unit": "G"
      },
      {
        "state": "VIC",
        "price": "3395",
        "price_per_unit": "3395",
        "price_unit": "G"
      },
      {
        "state": "QLD",
        "price": "3395",
        "price_per_unit": "3395",
        "price_unit": "G"
      },
      {
        "state": "WA",
        "price": "3395",
        "price_per_unit": "3395",
        "price_unit": "G"
      },
      {
        "state": "SA",
        "price": "3395",
        "price_per_unit": "3395",
        "price_unit": "G"
      },
      {
        "state": "TAS",
        "price": "3395",
        "price_per_unit": "3395",
        "price_unit": "G"
      },
      {
        "state": "ACT",
        "price": "3395",
        "price_per_unit": "3395",
        "price_unit": "G"
      },
      {
        "state": "NT",
        "price": "3395",
        "price_per_unit": "3395",
        "price_unit": "G"
      }
    ]
  },
  {
    "source_url": "https://www.woolworths.com.au/shop/productdetails/1075479390/holle-organic-goat-milk-toddler-formula-3-with-dha-400g",
    "name": "Holle Organic Goat Milk Toddler Formula 3 with DHA 400g",
    "image_url": "https://cdn1.woolworths.media/content/wowproductimages/large/1075479390.jpg",
    "source_id": "Woolworths - 1075479390",
    "barcode": null,
    "shop": "Woolworths",
    "weight": "100G",
    "prices": [
      {
        "state": "NSW",
        "price": "3595",
        "price_per_unit": "899",
        "price_unit": "G"
      },
      {
        "state": "VIC",
        "price": "3595",
        "price_per_unit": "899",
        "price_unit": "G"
      },
      {
        "state": "QLD",
        "price": "3595",
        "price_per_unit": "899",
        "price_unit": "G"
      },
      {
        "state": "WA",
        "price": "3595",
        "price_per_unit": "899",
        "price_unit": "G"
      },
      {
        "state": "SA",
        "price": "3595",
        "price_per_unit": "899",
        "price_unit": "G"
      },
      {
        "state": "TAS",
        "price": "3595",
        "price_per_unit": "899",
        "price_unit": "G"
      },
      {
        "state": "ACT",
        "price": "3595",
        "price_per_unit": "899",
        "price_unit": "G"
      },
      {
        "state": "NT",
        "price": "3595",
        "price_per_unit": "899",
        "price_unit": "G"
      }
    ]
  },
  {
    "source_url": "https://www.woolworths.com.au/shop/productdetails/743687/karicare-3-toddler-milk-drink-formula-from-12-months",
    "name": "Karicare 3 Toddler Milk Drink Formula From 12+ Months 900g",
    "image_url": "https://cdn1.woolworths.media/content/wowproductimages/large/743687.jpg",
    "source_id": "Woolworths - 743687",
    "barcode": "9418783003117",
    "shop": "Woolworths",
    "weight": "100G",
    "prices": [
      {
        "state": "NSW",
        "price": "2000",
        "price_per_unit": "222",
        "price_unit": "G"
      },
      {
        "state": "VIC",
        "price": "2000",
        "price_per_unit": "222",
        "price_unit": "G"
      },
      {
        "state": "QLD",
        "price": "2000",
        "price_per_unit": "222",
        "price_unit": "G"
      },
      {
        "state": "WA",
        "price": "2000",
        "price_per_unit": "222",
        "price_unit": "G"
      },
      {
        "state": "SA",
        "price": "2000",
        "price_per_unit": "222",
        "price_unit": "G"
      },
      {
        "state": "ACT",
        "price": "2000",
        "price_per_unit": "222",
        "price_unit": "G"
      },
      {
        "state": "NT",
        "price": "2100",
        "price_per_unit": "233",
        "price_unit": "G"
      }
    ]
  },
  {
    "source_url": "https://www.woolworths.com.au/shop/productdetails/743762/karicare-4-toddler-milk-drink-formula-from-2-years",
    "name": "Karicare 4 Toddler Milk Drink Formula From 2+ Years 900g",
    "image_url": "https://cdn1.woolworths.media/content/wowproductimages/large/743762.jpg",
    "source_id": "Woolworths - 743762",
    "barcode": "9418783003124",
    "shop": "Woolworths",
    "weight": "100G",
    "prices": [
      {
        "state": "NSW",
        "price": "2000",
        "price_per_unit": "222",
        "price_unit": "G"
      },
      {
        "state": "VIC",
        "price": "2000",
        "price_per_unit": "222",
        "price_unit": "G"
      },
      {
        "state": "QLD",
        "price": "2000",
        "price_per_unit": "222",
        "price_unit": "G"
      },
      {
        "state": "WA",
        "price": "2000",
        "price_per_unit": "222",
        "price_unit": "G"
      },
      {
        "state": "SA",
        "price": "2000",
        "price_per_unit": "222",
        "price_unit": "G"
      },
      {
        "state": "TAS",
        "price": "2000",
        "price_per_unit": "222",
        "price_unit": "G"
      },
      {
        "state": "ACT",
        "price": "2000",
        "price_per_unit": "222",
        "price_unit": "G"
      },
      {
        "state": "NT",
        "price": "2100",
        "price_per_unit": "233",
        "price_unit": "G"
      }
    ]
  },
  {
    "source_url": "https://www.woolworths.com.au/shop/productdetails/1075478085/littleoak-goat-s-milk-follow-on-formula-stage-2-6-x-30g-sachets",
    "name": "LittleOak Goat's Milk Follow On Formula Stage 2 - 6 x 30g Sachets",
    "image_url": "https://cdn1.woolworths.media/content/wowproductimages/large/1075478085.jpg",
    "source_id": "Woolworths - 1075478085",
    "barcode": null,
    "shop": "Woolworths",
    "weight": "100G",
    "prices": [
      {
        "state": "NSW",
        "price": "1395",
        "price_per_unit": "775",
        "price_unit": "G"
      },
      {
        "state": "VIC",
        "price": "1395",
        "price_per_unit": "775",
        "price_unit": "G"
      },
      {
        "state": "QLD",
        "price": "1395",
        "price_per_unit": "775",
        "price_unit": "G"
      },
      {
        "state": "WA",
        "price": "1395",
        "price_per_unit": "775",
        "price_unit": "G"
      },
      {
        "state": "SA",
        "price": "1395",
        "price_per_unit": "775",
        "price_unit": "G"
      },
      {
        "state": "TAS",
        "price": "1395",
        "price_per_unit": "775",
        "price_unit": "G"
      },
      {
        "state": "ACT",
        "price": "1395",
        "price_per_unit": "775",
        "price_unit": "G"
      },
      {
        "state": "NT",
        "price": "1395",
        "price_per_unit": "775",
        "price_unit": "G"
      }
    ]
  },
  {
    "source_url": "https://www.woolworths.com.au/shop/productdetails/1075478953/littleoak-goat-s-milk-toddler-sachets-stage-3-6-x-30g",
    "name": "LittleOak Goat's Milk Toddler Sachets Stage 3 - 6 x 30g",
    "image_url": "https://cdn1.woolworths.media/content/wowproductimages/large/1075478953.jpg",
    "source_id": "Woolworths - 1075478953",
    "barcode": null,
    "shop": "Woolworths",
    "weight": "100G",
    "prices": [
      {
        "state": "NSW",
        "price": "1395",
        "price_per_unit": "775",
        "price_unit": "G"
      },
      {
        "state": "VIC",
        "price": "1395",
        "price_per_unit": "775",
        "price_unit": "G"
      },
      {
        "state": "QLD",
        "price": "1395",
        "price_per_unit": "775",
        "price_unit": "G"
      },
      {
        "state": "WA",
        "price": "1395",
        "price_per_unit": "775",
        "price_unit": "G"
      },
      {
        "state": "SA",
        "price": "1395",
        "price_per_unit": "775",
        "price_unit": "G"
      },
      {
        "state": "TAS",
        "price": "1395",
        "price_per_unit": "775",
        "price_unit": "G"
      },
      {
        "state": "ACT",
        "price": "1395",
        "price_per_unit": "775",
        "price_unit": "G"
      },
      {
        "state": "NT",
        "price": "1395",
        "price_per_unit": "775",
        "price_unit": "G"
      }
    ]
  },
  {
    "source_url": "https://www.woolworths.com.au/shop/productdetails/1073847379/mumamoo-stage-3-australian-made-premium-toddler-milk-drink-1-3-years-800g",
    "name": "Mumamoo Stage 3 Australian Made Premium Toddler Milk Drink 1-3 years 800g",
    "image_url": "https://cdn1.woolworths.media/content/wowproductimages/large/1073847379.jpg",
    "source_id": "Woolworths - 1073847379",
    "barcode": null,
    "shop": "Woolworths",
    "weight": "100G",
    "prices": [
      {
        "state": "NSW",
        "price": "3500",
        "price_per_unit": "438",
        "price_unit": "G"
      },
      {
        "state": "VIC",
        "price": "3500",
        "price_per_unit": "438",
        "price_unit": "G"
      },
      {
        "state": "QLD",
        "price": "3500",
        "price_per_unit": "438",
        "price_unit": "G"
      },
      {
        "state": "WA",
        "price": "3500",
        "price_per_unit": "438",
        "price_unit": "G"
      },
      {
        "state": "SA",
        "price": "3500",
        "price_per_unit": "438",
        "price_unit": "G"
      },
      {
        "state": "TAS",
        "price": "3500",
        "price_per_unit": "438",
        "price_unit": "G"
      },
      {
        "state": "ACT",
        "price": "3500",
        "price_per_unit": "438",
        "price_unit": "G"
      },
      {
        "state": "NT",
        "price": "3500",
        "price_per_unit": "438",
        "price_unit": "G"
      }
    ]
  },
  {
    "source_url": "https://www.woolworths.com.au/shop/productdetails/1075362016/nature-one-dairy-gokids-student-nutritional-milk-formula-900g",
    "name": "Nature One Dairy Gokids Student Nutritional Milk Formula 900g",
    "image_url": "https://cdn1.woolworths.media/content/wowproductimages/large/1075362016.jpg",
    "source_id": "Woolworths - 1075362016",
    "barcode": null,
    "shop": "Woolworths",
    "weight": null,
    "prices": []
  },
  {
    "source_url": "https://www.woolworths.com.au/shop/productdetails/1075259856/nature-one-dairy-organic-junior-nutritious-milk-drink-step-4-900g-x-3",
    "name": "Nature One Dairy Organic Junior Nutritious Milk Drink Step 4 900g x 3",
    "image_url": "https://cdn1.woolworths.media/content/wowproductimages/large/1075259856.jpg",
    "source_id": "Woolworths - 1075259856",
    "barcode": null,
    "shop": "Woolworths",
    "weight": "100G",
    "prices": [
      {
        "state": "NSW",
        "price": "11100",
        "price_per_unit": "411",
        "price_unit": "G"
      },
      {
        "state": "VIC",
        "price": "11100",
        "price_per_unit": "411",
        "price_unit": "G"
      },
      {
        "state": "QLD",
        "price": "11100",
        "price_per_unit": "411",
        "price_unit": "G"
      },
      {
        "state": "WA",
        "price": "11100",
        "price_per_unit": "411",
        "price_unit": "G"
      },
      {
        "state": "SA",
        "price": "11100",
        "price_per_unit": "411",
        "price_unit": "G"
      },
      {
        "state": "TAS",
        "price": "11100",
        "price_per_unit": "411",
        "price_unit": "G"
      },
      {
        "state": "ACT",
        "price": "11100",
        "price_per_unit": "411",
        "price_unit": "G"
      },
      {
        "state": "NT",
        "price": "11100",
        "price_per_unit": "411",
        "price_unit": "G"
      }
    ]
  },
  {
    "source_url": "https://www.woolworths.com.au/shop/productdetails/1075259852/nature-one-dairy-organic-junior-nutritious-milk-drink-step-4-900g-x-6",
    "name": "Nature One Dairy Organic Junior Nutritious Milk Drink Step 4 900g x 6",
    "image_url": "https://cdn1.woolworths.media/content/wowproductimages/large/1075259852.jpg",
    "source_id": "Woolworths - 1075259852",
    "barcode": null,
    "shop": "Woolworths",
    "weight": "100G",
    "prices": [
      {
        "state": "NSW",
        "price": "21000",
        "price_per_unit": "389",
        "price_unit": "G"
      },
      {
        "state": "VIC",
        "price": "21000",
        "price_per_unit": "389",
        "price_unit": "G"
      },
      {
        "state": "QLD",
        "price": "21000",
        "price_per_unit": "389",
        "price_unit": "G"
      },
      {
        "state": "WA",
        "price": "21000",
        "price_per_unit": "389",
        "price_unit": "G"
      },
      {
        "state": "SA",
        "price": "21000",
        "price_per_unit": "389",
        "price_unit": "G"
      },
      {
        "state": "TAS",
        "price": "21000",
        "price_per_unit": "389",
        "price_unit": "G"
      },
      {
        "state": "ACT",
        "price": "21000",
        "price_per_unit": "389",
        "price_unit": "G"
      },
      {
        "state": "NT",
        "price": "21000",
        "price_per_unit": "389",
        "price_unit": "G"
      }
    ]
  },
  {
    "source_url": "https://www.woolworths.com.au/shop/productdetails/1075258647/nature-one-dairy-organic-toddler-nutritious-milk-drink-step-3-900g",
    "name": "Nature One Dairy Organic Toddler Nutritious Milk Drink Step 3 900g",
    "image_url": "https://cdn1.woolworths.media/content/wowproductimages/large/1075258647.jpg",
    "source_id": "Woolworths - 1075258647",
    "barcode": null,
    "shop": "Woolworths",
    "weight": "100G",
    "prices": [
      {
        "state": "NSW",
        "price": "4400",
        "price_per_unit": "489",
        "price_unit": "G"
      },
      {
        "state": "VIC",
        "price": "4400",
        "price_per_unit": "489",
        "price_unit": "G"
      },
      {
        "state": "QLD",
        "price": "4400",
        "price_per_unit": "489",
        "price_unit": "G"
      },
      {
        "state": "WA",
        "price": "4400",
        "price_per_unit": "489",
        "price_unit": "G"
      },
      {
        "state": "SA",
        "price": "4400",
        "price_per_unit": "489",
        "price_unit": "G"
      },
      {
        "state": "TAS",
        "price": "4400",
        "price_per_unit": "489",
        "price_unit": "G"
      },
      {
        "state": "ACT",
        "price": "4400",
        "price_per_unit": "489",
        "price_unit": "G"
      },
      {
        "state": "NT",
        "price": "4400",
        "price_per_unit": "489",
        "price_unit": "G"
      }
    ]
  },
  {
    "source_url": "https://www.woolworths.com.au/shop/productdetails/1075259857/nature-one-dairy-organic-toddler-nutritious-milk-drink-step-3-900g-x-3",
    "name": "Nature One Dairy Organic Toddler Nutritious Milk Drink Step 3 900g x 3",
    "image_url": "https://cdn1.woolworths.media/content/wowproductimages/large/1075259857.jpg",
    "source_id": "Woolworths - 1075259857",
    "barcode": null,
    "shop": "Woolworths",
    "weight": "100G",
    "prices": [
      {
        "state": "NSW",
        "price": "11100",
        "price_per_unit": "411",
        "price_unit": "G"
      },
      {
        "state": "VIC",
        "price": "11100",
        "price_per_unit": "411",
        "price_unit": "G"
      },
      {
        "state": "QLD",
        "price": "11100",
        "price_per_unit": "411",
        "price_unit": "G"
      },
      {
        "state": "WA",
        "price": "11100",
        "price_per_unit": "411",
        "price_unit": "G"
      },
      {
        "state": "SA",
        "price": "11100",
        "price_per_unit": "411",
        "price_unit": "G"
      },
      {
        "state": "TAS",
        "price": "11100",
        "price_per_unit": "411",
        "price_unit": "G"
      },
      {
        "state": "ACT",
        "price": "11100",
        "price_per_unit": "411",
        "price_unit": "G"
      },
      {
        "state": "NT",
        "price": "11100",
        "price_per_unit": "411",
        "price_unit": "G"
      }
    ]
  },
  {
    "source_url": "https://www.woolworths.com.au/shop/productdetails/1075259853/nature-one-dairy-organic-toddler-nutritious-milk-drink-step-3-900g-x-6",
    "name": "Nature One Dairy Organic Toddler Nutritious Milk Drink Step 3 900g x 6",
    "image_url": "https://cdn1.woolworths.media/content/wowproductimages/large/1075259853.jpg",
    "source_id": "Woolworths - 1075259853",
    "barcode": null,
    "shop": "Woolworths",
    "weight": "100G",
    "prices": [
      {
        "state": "NSW",
        "price": "21000",
        "price_per_unit": "389",
        "price_unit": "G"
      },
      {
        "state": "VIC",
        "price": "21000",
        "price_per_unit": "389",
        "price_unit": "G"
      },
      {
        "state": "QLD",
        "price": "21000",
        "price_per_unit": "389",
        "price_unit": "G"
      },
      {
        "state": "WA",
        "price": "21000",
        "price_per_unit": "389",
        "price_unit": "G"
      },
      {
        "state": "SA",
        "price": "21000",
        "price_per_unit": "389",
        "price_unit": "G"
      },
      {
        "state": "TAS",
        "price": "21000",
        "price_per_unit": "389",
        "price_unit": "G"
      },
      {
        "state": "ACT",
        "price": "21000",
        "price_per_unit": "389",
        "price_unit": "G"
      },
      {
        "state": "NT",
        "price": "21000",
        "price_per_unit": "389",
        "price_unit": "G"
      }
    ]
  },
  {
    "source_url": "https://www.woolworths.com.au/shop/productdetails/1075259875/nature-one-dairy-premium-junior-nutritious-milk-drink-step-4-900g-x-3",
    "name": "Nature One Dairy Premium Junior Nutritious Milk Drink Step 4 900g x 3",
    "image_url": "https://cdn1.woolworths.media/content/wowproductimages/large/1075259875.jpg",
    "source_id": "Woolworths - 1075259875",
    "barcode": null,
    "shop": "Woolworths",
    "weight": "100G",
    "prices": [
      {
        "state": "NSW",
        "price": "10500",
        "price_per_unit": "389",
        "price_unit": "G"
      },
      {
        "state": "VIC",
        "price": "10500",
        "price_per_unit": "389",
        "price_unit": "G"
      },
      {
        "state": "QLD",
        "price": "10500",
        "price_per_unit": "389",
        "price_unit": "G"
      },
      {
        "state": "WA",
        "price": "10500",
        "price_per_unit": "389",
        "price_unit": "G"
      },
      {
        "state": "SA",
        "price": "10500",
        "price_per_unit": "389",
        "price_unit": "G"
      },
      {
        "state": "TAS",
        "price": "10500",
        "price_per_unit": "389",
        "price_unit": "G"
      },
      {
        "state": "ACT",
        "price": "10500",
        "price_per_unit": "389",
        "price_unit": "G"
      },
      {
        "state": "NT",
        "price": "10500",
        "price_per_unit": "389",
        "price_unit": "G"
      }
    ]
  },
  {
    "source_url": "https://www.woolworths.com.au/shop/productdetails/1075259890/nature-one-dairy-premium-junior-nutritious-milk-drink-step-4-900g-x-6",
    "name": "Nature One Dairy Premium Junior Nutritious Milk Drink Step 4 900g x 6",
    "image_url": "https://cdn1.woolworths.media/content/wowproductimages/large/1075259890.jpg",
    "source_id": "Woolworths - 1075259890",
    "barcode": null,
    "shop": "Woolworths",
    "weight": "100G",
    "prices": [
      {
        "state": "NSW",
        "price": "19800",
        "price_per_unit": "367",
        "price_unit": "G"
      },
      {
        "state": "VIC",
        "price": "19800",
        "price_per_unit": "367",
        "price_unit": "G"
      },
      {
        "state": "QLD",
        "price": "19800",
        "price_per_unit": "367",
        "price_unit": "G"
      },
      {
        "state": "WA",
        "price": "19800",
        "price_per_unit": "367",
        "price_unit": "G"
      },
      {
        "state": "SA",
        "price": "19800",
        "price_per_unit": "367",
        "price_unit": "G"
      },
      {
        "state": "TAS",
        "price": "19800",
        "price_per_unit": "367",
        "price_unit": "G"
      },
      {
        "state": "ACT",
        "price": "19800",
        "price_per_unit": "367",
        "price_unit": "G"
      },
      {
        "state": "NT",
        "price": "19800",
        "price_per_unit": "367",
        "price_unit": "G"
      }
    ]
  },
  {
    "source_url": "https://www.woolworths.com.au/shop/productdetails/1075258674/nature-one-dairy-premium-toddler-nutritious-milk-drink-step-3-900g",
    "name": "Nature One Dairy Premium Toddler Nutritious Milk Drink Step 3 900g",
    "image_url": "https://cdn1.woolworths.media/content/wowproductimages/large/1075258674.jpg",
    "source_id": "Woolworths - 1075258674",
    "barcode": null,
    "shop": "Woolworths",
    "weight": "100G",
    "prices": [
      {
        "state": "NSW",
        "price": "4200",
        "price_per_unit": "467",
        "price_unit": "G"
      },
      {
        "state": "VIC",
        "price": "4200",
        "price_per_unit": "467",
        "price_unit": "G"
      },
      {
        "state": "QLD",
        "price": "4200",
        "price_per_unit": "467",
        "price_unit": "G"
      },
      {
        "state": "WA",
        "price": "4200",
        "price_per_unit": "467",
        "price_unit": "G"
      },
      {
        "state": "SA",
        "price": "4200",
        "price_per_unit": "467",
        "price_unit": "G"
      },
      {
        "state": "TAS",
        "price": "4200",
        "price_per_unit": "467",
        "price_unit": "G"
      },
      {
        "state": "ACT",
        "price": "4200",
        "price_per_unit": "467",
        "price_unit": "G"
      },
      {
        "state": "NT",
        "price": "4200",
        "price_per_unit": "467",
        "price_unit": "G"
      }
    ]
  },
  {
    "source_url": "https://www.woolworths.com.au/shop/productdetails/1075259876/nature-one-dairy-premium-toddler-nutritious-milk-drink-step-3-900g-x-3",
    "name": "Nature One Dairy Premium Toddler Nutritious Milk Drink Step 3 900g x 3",
    "image_url": "https://cdn1.woolworths.media/content/wowproductimages/large/1075259876.jpg",
    "source_id": "Woolworths - 1075259876",
    "barcode": null,
    "shop": "Woolworths",
    "weight": "100G",
    "prices": [
      {
        "state": "NSW",
        "price": "10500",
        "price_per_unit": "389",
        "price_unit": "G"
      },
      {
        "state": "VIC",
        "price": "10500",
        "price_per_unit": "389",
        "price_unit": "G"
      },
      {
        "state": "QLD",
        "price": "10500",
        "price_per_unit": "389",
        "price_unit": "G"
      },
      {
        "state": "WA",
        "price": "10500",
        "price_per_unit": "389",
        "price_unit": "G"
      },
      {
        "state": "SA",
        "price": "10500",
        "price_per_unit": "389",
        "price_unit": "G"
      },
      {
        "state": "TAS",
        "price": "10500",
        "price_per_unit": "389",
        "price_unit": "G"
      },
      {
        "state": "ACT",
        "price": "10500",
        "price_per_unit": "389",
        "price_unit": "G"
      },
      {
        "state": "NT",
        "price": "10500",
        "price_per_unit": "389",
        "price_unit": "G"
      }
    ]
  },
  {
    "source_url": "https://www.woolworths.com.au/shop/productdetails/1075259872/nature-one-dairy-premium-toddler-nutritious-milk-drink-step-3-900g-x-6",
    "name": "Nature One Dairy Premium Toddler Nutritious Milk Drink Step 3 900g x 6",
    "image_url": "https://cdn1.woolworths.media/content/wowproductimages/large/1075259872.jpg",
    "source_id": "Woolworths - 1075259872",
    "barcode": null,
    "shop": "Woolworths",
    "weight": "100G",
    "prices": [
      {
        "state": "NSW",
        "price": "19800",
        "price_per_unit": "367",
        "price_unit": "G"
      },
      {
        "state": "VIC",
        "price": "19800",
        "price_per_unit": "367",
        "price_unit": "G"
      },
      {
        "state": "QLD",
        "price": "19800",
        "price_per_unit": "367",
        "price_unit": "G"
      },
      {
        "state": "WA",
        "price": "19800",
        "price_per_unit": "367",
        "price_unit": "G"
      },
      {
        "state": "SA",
        "price": "19800",
        "price_per_unit": "367",
        "price_unit": "G"
      },
      {
        "state": "TAS",
        "price": "19800",
        "price_per_unit": "367",
        "price_unit": "G"
      },
      {
        "state": "ACT",
        "price": "19800",
        "price_per_unit": "367",
        "price_unit": "G"
      },
      {
        "state": "NT",
        "price": "19800",
        "price_per_unit": "367",
        "price_unit": "G"
      }
    ]
  },
  {
    "source_url": "https://www.woolworths.com.au/shop/productdetails/155541/nestle-nan-comfort-3-toddler-1-years-milk-drink-powder",
    "name": "Nestle NAN Comfort 3 Toddler 1+ Years Milk Drink Powder 800g",
    "image_url": "https://cdn1.woolworths.media/content/wowproductimages/large/155541.jpg",
    "source_id": "Woolworths - 155541",
    "barcode": "7613287028815",
    "shop": "Woolworths",
    "weight": "100G",
    "prices": [
      {
        "state": "NSW",
        "price": "2100",
        "price_per_unit": "263",
        "price_unit": "G"
      },
      {
        "state": "VIC",
        "price": "2100",
        "price_per_unit": "263",
        "price_unit": "G"
      },
      {
        "state": "QLD",
        "price": "2100",
        "price_per_unit": "263",
        "price_unit": "G"
      },
      {
        "state": "WA",
        "price": "2100",
        "price_per_unit": "263",
        "price_unit": "G"
      },
      {
        "state": "SA",
        "price": "2100",
        "price_per_unit": "263",
        "price_unit": "G"
      },
      {
        "state": "TAS",
        "price": "2100",
        "price_per_unit": "263",
        "price_unit": "G"
      },
      {
        "state": "ACT",
        "price": "2100",
        "price_per_unit": "263",
        "price_unit": "G"
      },
      {
        "state": "NT",
        "price": "2205",
        "price_per_unit": "276",
        "price_unit": "G"
      }
    ]
  },
  {
    "source_url": "https://www.woolworths.com.au/shop/productdetails/155538/nestle-nan-optipro-3-toddler-1-years-milk-drink-powder",
    "name": "Nestle NAN Optipro 3 Toddler 1+ Years Milk Drink Powder 800g",
    "image_url": "https://cdn1.woolworths.media/content/wowproductimages/large/155538.jpg",
    "source_id": "Woolworths - 155538",
    "barcode": "7613287028563",
    "shop": "Woolworths",
    "weight": "100G",
    "prices": [
      {
        "state": "NSW",
        "price": "2500",
        "price_per_unit": "313",
        "price_unit": "G"
      },
      {
        "state": "VIC",
        "price": "2500",
        "price_per_unit": "313",
        "price_unit": "G"
      },
      {
        "state": "QLD",
        "price": "2500",
        "price_per_unit": "313",
        "price_unit": "G"
      },
      {
        "state": "WA",
        "price": "2500",
        "price_per_unit": "313",
        "price_unit": "G"
      },
      {
        "state": "SA",
        "price": "2500",
        "price_per_unit": "313",
        "price_unit": "G"
      },
      {
        "state": "TAS",
        "price": "2500",
        "price_per_unit": "313",
        "price_unit": "G"
      },
      {
        "state": "ACT",
        "price": "2500",
        "price_per_unit": "313",
        "price_unit": "G"
      },
      {
        "state": "NT",
        "price": "2625",
        "price_per_unit": "328",
        "price_unit": "G"
      }
    ]
  },
  {
    "source_url": "https://www.woolworths.com.au/shop/productdetails/155534/nestle-nan-supremepro-3-toddler-1-years-premium-milk-drink-powder",
    "name": "Nestle NAN Supremepro 3 Toddler 1+ Years Premium Milk Drink Powder 800g",
    "image_url": "https://cdn1.woolworths.media/content/wowproductimages/large/155534.jpg",
    "source_id": "Woolworths - 155534",
    "barcode": "7613039672815",
    "shop": "Woolworths",
    "weight": "100G",
    "prices": [
      {
        "state": "NSW",
        "price": "3000",
        "price_per_unit": "375",
        "price_unit": "G"
      },
      {
        "state": "VIC",
        "price": "3000",
        "price_per_unit": "375",
        "price_unit": "G"
      },
      {
        "state": "QLD",
        "price": "3000",
        "price_per_unit": "375",
        "price_unit": "G"
      },
      {
        "state": "WA",
        "price": "3000",
        "price_per_unit": "375",
        "price_unit": "G"
      },
      {
        "state": "SA",
        "price": "3000",
        "price_per_unit": "375",
        "price_unit": "G"
      },
      {
        "state": "TAS",
        "price": "3000",
        "price_per_unit": "375",
        "price_unit": "G"
      },
      {
        "state": "ACT",
        "price": "3000",
        "price_per_unit": "375",
        "price_unit": "G"
      },
      {
        "state": "NT",
        "price": "3150",
        "price_per_unit": "394",
        "price_unit": "G"
      }
    ]
  },
  {
    "source_url": "https://www.woolworths.com.au/shop/productdetails/155535/nestle-nan-supremepro-4-toddler-2-years-premium-milk-drink-powder",
    "name": "Nestle NAN Supremepro 4 Toddler 2+ Years Premium Milk Drink Powder 800g",
    "image_url": "https://cdn1.woolworths.media/content/wowproductimages/large/155535.jpg",
    "source_id": "Woolworths - 155535",
    "barcode": "7613039681145",
    "shop": "Woolworths",
    "weight": "100G",
    "prices": [
      {
        "state": "NSW",
        "price": "3000",
        "price_per_unit": "375",
        "price_unit": "G"
      },
      {
        "state": "VIC",
        "price": "3000",
        "price_per_unit": "375",
        "price_unit": "G"
      },
      {
        "state": "QLD",
        "price": "3000",
        "price_per_unit": "375",
        "price_unit": "G"
      },
      {
        "state": "WA",
        "price": "3000",
        "price_per_unit": "375",
        "price_unit": "G"
      },
      {
        "state": "SA",
        "price": "3000",
        "price_per_unit": "375",
        "price_unit": "G"
      },
      {
        "state": "TAS",
        "price": "3000",
        "price_per_unit": "375",
        "price_unit": "G"
      },
      {
        "state": "ACT",
        "price": "3000",
        "price_per_unit": "375",
        "price_unit": "G"
      },
      {
        "state": "NT",
        "price": "3150",
        "price_per_unit": "394",
        "price_unit": "G"
      }
    ]
  },
  {
    "source_url": "https://www.woolworths.com.au/shop/productdetails/160676/nutura-organic-toddler-milk-drink-12-36-months",
    "name": "Nutura Organic Toddler Milk Drink 12-36 Months 800g",
    "image_url": "https://cdn1.woolworths.media/content/wowproductimages/large/160676.jpg",
    "source_id": "Woolworths - 160676",
    "barcode": "9350758000632",
    "shop": "Woolworths",
    "weight": "100G",
    "prices": [
      {
        "state": "NSW",
        "price": "2700",
        "price_per_unit": "338",
        "price_unit": "G"
      },
      {
        "state": "VIC",
        "price": "2700",
        "price_per_unit": "338",
        "price_unit": "G"
      },
      {
        "state": "QLD",
        "price": "2700",
        "price_per_unit": "338",
        "price_unit": "G"
      },
      {
        "state": "WA",
        "price": "2700",
        "price_per_unit": "338",
        "price_unit": "G"
      },
      {
        "state": "SA",
        "price": "2700",
        "price_per_unit": "338",
        "price_unit": "G"
      },
      {
        "state": "TAS",
        "price": "2700",
        "price_per_unit": "338",
        "price_unit": "G"
      },
      {
        "state": "ACT",
        "price": "2700",
        "price_per_unit": "338",
        "price_unit": "G"
      },
      {
        "state": "NT",
        "price": "2700",
        "price_per_unit": "338",
        "price_unit": "G"
      }
    ]
  }
]