[
  {
    "source_url": "https://www.woolworths.com.au/shop/productdetails/654787/alula-gold-delicateeze-0-12-months-infant-formula",
    "name": "Alula Gold Delicateeze 0-12 Months Infant Formula 850g",
    "image_url": "https://cdn1.woolworths.media/content/wowproductimages/large/654787.jpg",
    "source_id": "Woolworths - 654787",
    "barcode": "9347832001197",
    "shop": "Woolworths",
    "weight": "100G",
    "prices": [
      {
        "state": "NSW",
        "price": "2600",
        "price_per_unit": "306",
        "price_unit": "G"
      },
      {
        "state": "VIC",
        "price": "2600",
        "price_per_unit": "306",
        "price_unit": "G"
      },
      {
        "state": "QLD",
        "price": "2600",
        "price_per_unit": "306",
        "price_unit": "G"
      },
      {
        "state": "WA",
        "price": "2600",
        "price_per_unit": "306",
        "price_unit": "G"
      },
      {
        "state": "SA",
        "price": "2600",
        "price_per_unit": "306",
        "price_unit": "G"
      },
      {
        "state": "TAS",
        "price": "2600",
        "price_per_unit": "306",
        "price_unit": "G"
      },
      {
        "state": "ACT",
        "price": "2600",
        "price_per_unit": "306",
        "price_unit": "G"
      },
      {
        "state": "NT",
        "price": "2600",
        "price_per_unit": "306",
        "price_unit": "G"
      }
    ]
  },
  {
    "source_url": "https://www.woolworths.com.au/shop/productdetails/654788/alula-gold-lactose-intolerance-0-12-mth-infant-formula",
    "name": "Alula Gold Lactose Intolerance 0-12 Mth Infant Formula 900g",
    "image_url": "https://cdn1.woolworths.media/content/wowproductimages/large/654788.jpg",
    "source_id": "Woolworths - 654788",
    "barcode": "9347832001173",
    "shop": "Woolworths",
    "weight": "100G",
    "prices": [
      {
        "state": "NSW",
        "price": "2900",
        "price_per_unit": "322",
        "price_unit": "G"
      },
      {
        "state": "VIC",
        "price": "2900",
        "price_per_unit": "322",
        "price_unit": "G"
      },
      {
        "state": "QLD",
        "price": "2900",
        "price_per_unit": "322",
        "price_unit": "G"
      },
      {
        "state": "WA",
        "price": "2900",
        "price_per_unit": "322",
        "price_unit": "G"
      },
      {
        "state": "SA",
        "price": "2900",
        "price_per_unit": "322",
        "price_unit": "G"
      },
      {
        "state": "TAS",
        "price": "2900",
        "price_per_unit": "322",
        "price_unit": "G"
      },
      {
        "state": "ACT",
        "price": "2900",
        "price_per_unit": "322",
        "price_unit": "G"
      },
      {
        "state": "NT",
        "price": "3045",
        "price_per_unit": "338",
        "price_unit": "G"
      }
    ]
  },
  {
    "source_url": "https://www.woolworths.com.au/shop/productdetails/655077/alula-gold-reflux-0-12-months-infant-formula",
    "name": "Alula Gold Reflux 0-12 Months Infant Formula 900g",
    "image_url": "https://cdn1.woolworths.media/content/wowproductimages/large/655077.jpg",
    "source_id": "Woolworths - 655077",
    "barcode": "9347832001180",
    "shop": "Woolworths",
    "weight": "100G",
    "prices": [
      {
        "state": "NSW",
        "price": "2900",
        "price_per_unit": "322",
        "price_unit": "G"
      },
      {
        "state": "VIC",
        "price": "2900",
        "price_per_unit": "322",
        "price_unit": "G"
      },
      {
        "state": "QLD",
        "price": "2900",
        "price_per_unit": "322",
        "price_unit": "G"
      },
      {
        "state": "WA",
        "price": "2900",
        "price_per_unit": "322",
        "price_unit": "G"
      },
      {
        "state": "SA",
        "price": "2900",
        "price_per_unit": "322",
        "price_unit": "G"
      },
      {
        "state": "TAS",
        "price": "2900",
        "price_per_unit": "322",
        "price_unit": "G"
      },
      {
        "state": "ACT",
        "price": "2900",
        "price_per_unit": "322",
        "price_unit": "G"
      },
      {
        "state": "NT",
        "price": "3045",
        "price_per_unit": "338",
        "price_unit": "G"
      }
    ]
  },
  {
    "source_url": "https://www.woolworths.com.au/shop/productdetails/122332/aptamil-allerpro-syneo-1-baby-formula-allergy-from-birth-to-6-months",
    "name": "Aptamil Allerpro Syneo 1 Baby Formula Allergy From Birth To 6 Months 900g",
    "image_url": "https://cdn1.woolworths.media/content/wowproductimages/large/122332.jpg",
    "source_id": "Woolworths - 122332",
    "barcode": "8718117609024",
    "shop": "Woolworths",
    "weight": "100G",
    "prices": [
      {
        "state": "WA",
        "price": "4400",
        "price_per_unit": "489",
        "price_unit": "G"
      },
      {
        "state": "SA",
        "price": "4400",
        "price_per_unit": "489",
        "price_unit": "G"
      },
      {
        "state": "TAS",
        "price": "4400",
        "price_per_unit": "489",
        "price_unit": "G"
      },
      {
        "state": "ACT",
        "price": "4400",
        "price_per_unit": "489",
        "price_unit": "G"
      },
      {
        "state": "NT",
        "price": "4620",
        "price_per_unit": "513",
        "price_unit": "G"
      }
    ]
  },
  {
    "source_url": "https://www.woolworths.com.au/shop/productdetails/122313/aptamil-allerpro-syneo-2-follow-on-formula-allergy-6-12-months",
    "name": "Aptamil Allerpro Syneo 2 Follow-On Formula Allergy 6-12 Months 900g",
    "image_url": "https://cdn1.woolworths.media/content/wowproductimages/large/122313.jpg",
    "source_id": "Woolworths - 122313",
    "barcode": "8718117609031",
    "shop": "Woolworths",
    "weight": "100G",
    "prices": [
      {
        "state": "VIC",
        "price": "4400",
        "price_per_unit": "489",
        "price_unit": "G"
      },
      {
        "state": "QLD",
        "price": "4400",
        "price_per_unit": "489",
        "price_unit": "G"
      },
      {
        "state": "SA",
        "price": "4400",
        "price_per_unit": "489",
        "price_unit": "G"
      },
      {
        "state": "ACT",
        "price": "4400",
        "price_per_unit": "489",
        "price_unit": "G"
      },
      {
        "state": "NT",
        "price": "4620",
        "price_per_unit": "513",
        "price_unit": "G"
      }
    ]
  },
  {
    "source_url": "https://www.woolworths.com.au/shop/productdetails/807364/aptamil-gold-colic-constipation-baby-formula-from-0-12-months",
    "name": "Aptamil Gold+ Colic & Constipation Baby Formula From 0-12 Months 900g",
    "image_url": "https://cdn1.woolworths.media/content/wowproductimages/large/807364.jpg",
    "source_id": "Woolworths - 807364",
    "barcode": "8718117607457",
    "shop": "Woolworths",
    "weight": "100G",
    "prices": [
      {
        "state": "NSW",
        "price": "3400",
        "price_per_unit": "378",
        "price_unit": "G"
      },
      {
        "state": "VIC",
        "price": "3400",
        "price_per_unit": "378",
        "price_unit": "G"
      },
      {
        "state": "QLD",
        "price": "3400",
        "price_per_unit": "378",
        "price_unit": "G"
      },
      {
        "state": "WA",
        "price": "3400",
        "price_per_unit": "378",
        "price_unit": "G"
      },
      {
        "state": "SA",
        "price": "3400",
        "price_per_unit": "378",
        "price_unit": "G"
      },
      {
        "state": "TAS",
        "price": "3400",
        "price_per_unit": "378",
        "price_unit": "G"
      },
      {
        "state": "ACT",
        "price": "3400",
        "price_per_unit": "378",
        "price_unit": "G"
      },
      {
        "state": "NT",
        "price": "3570",
        "price_per_unit": "397",
        "price_unit": "G"
      }
    ]
  },
  {
    "source_url": "https://www.woolworths.com.au/shop/productdetails/757965/aptamil-gold-lactose-intolerance-baby-formula-from-0-12-months",
    "name": "Aptamil Gold+ Lactose Intolerance Baby Formula From 0-12 Months 900g",
    "image_url": "https://cdn1.woolworths.media/content/wowproductimages/large/757965.jpg",
    "source_id": "Woolworths - 757965",
    "barcode": "9418783003193",
    "shop": "Woolworths",
    "weight": "100G",
    "prices": [
      {
        "state": "NSW",
        "price": "3400",
        "price_per_unit": "378",
        "price_unit": "G"
      },
      {
        "state": "VIC",
        "price": "3400",
        "price_per_unit": "378",
        "price_unit": "G"
      },
      {
        "state": "QLD",
        "price": "3400",
        "price_per_unit": "378",
        "price_unit": "G"
      },
      {
        "state": "WA",
        "price": "3400",
        "price_per_unit": "378",
        "price_unit": "G"
      },
      {
        "state": "SA",
        "price": "3400",
        "price_per_unit": "378",
        "price_unit": "G"
      },
      {
        "state": "TAS",
        "price": "3400",
        "price_per_unit": "378",
        "price_unit": "G"
      },
      {
        "state": "ACT",
        "price": "3400",
        "price_per_unit": "378",
        "price_unit": "G"
      },
      {
        "state": "NT",
        "price": "3400",
        "price_per_unit": "378",
        "price_unit": "G"
      }
    ]
  },
  {
    "source_url": "https://www.woolworths.com.au/shop/productdetails/91791/aptamil-gold-reflux-baby-infant-formula-from-0-12-months",
    "name": "Aptamil Gold+ Reflux Baby Infant Formula From 0-12 Months 900g",
    "image_url": "https://cdn1.woolworths.media/content/wowproductimages/large/091791.jpg",
    "source_id": "Woolworths - 91791",
    "barcode": "9418783007887",
    "shop": "Woolworths",
    "weight": "100G",
    "prices": [
      {
        "state": "NSW",
        "price": "3400",
        "price_per_unit": "378",
        "price_unit": "G"
      },
      {
        "state": "QLD",
        "price": "3400",
        "price_per_unit": "378",
        "price_unit": "G"
      },
      {
        "state": "WA",
        "price": "3400",
        "price_per_unit": "378",
        "price_unit": "G"
      },
      {
        "state": "SA",
        "price": "3400",
        "price_per_unit": "378",
        "price_unit": "G"
      },
      {
        "state": "TAS",
        "price": "3400",
        "price_per_unit": "378",
        "price_unit": "G"
      },
      {
        "state": "ACT",
        "price": "3400",
        "price_per_unit": "378",
        "price_unit": "G"
      },
      {
        "state": "NT",
        "price": "3570",
        "price_per_unit": "397",
        "price_unit": "G"
      }
    ]
  },
  {
    "source_url": "https://www.woolworths.com.au/shop/productdetails/68714/aptamil-prosyneo-sensitive-baby-infant-formula-from-0-12-months",
    "name": "Aptamil Prosyneo Sensitive Baby Infant Formula From 0-12 Months 900g",
    "image_url": "https://cdn1.woolworths.media/content/wowproductimages/large/068714.jpg",
    "source_id": "Woolworths - 68714",
    "barcode": "5900852041396",
    "shop": "Woolworths",
    "weight": "100G",
    "prices": [
      {
        "state": "NSW",
        "price": "3400",
        "price_per_unit": "378",
        "price_unit": "G"
      },
      {
        "state": "VIC",
        "price": "3400",
        "price_per_unit": "378",
        "price_unit": "G"
      },
      {
        "state": "QLD",
        "price": "3400",
        "price_per_unit": "378",
        "price_unit": "G"
      },
      {
        "state": "WA",
        "price": "3400",
        "price_per_unit": "378",
        "price_unit": "G"
      },
      {
        "state": "SA",
        "price": "3400",
        "price_per_unit": "378",
        "price_unit": "G"
      },
      {
        "state": "TAS",
        "price": "3400",
        "price_per_unit": "378",
        "price_unit": "G"
      },
      {
        "state": "ACT",
        "price": "3400",
        "price_per_unit": "378",
        "price_unit": "G"
      },
      {
        "state": "NT",
        "price": "3570",
        "price_per_unit": "397",
        "price_unit": "G"
      }
    ]
  },
  {
    "source_url": "https://www.woolworths.com.au/shop/productdetails/296167/aptamil-sensitive-premium-toddler-formula-from-12-months",
    "name": "Aptamil Sensitive Premium Toddler Formula From 12+ Months 900g",
    "image_url": "https://cdn1.woolworths.media/content/wowproductimages/large/296167.jpg",
    "source_id": "Woolworths - 296167",
    "barcode": "9418783510066",
    "shop": "Woolworths",
    "weight": "100G",
    "prices": [
      {
        "state": "VIC",
        "price": "3100",
        "price_per_unit": "344",
        "price_unit": "G"
      },
      {
        "state": "QLD",
        "price": "3100",
        "price_per_unit": "344",
        "price_unit": "G"
      },
      {
        "state": "WA",
        "price": "3100",
        "price_per_unit": "344",
        "price_unit": "G"
      },
      {
        "state": "SA",
        "price": "3100",
        "price_per_unit": "344",
        "price_unit": "G"
      },
      {
        "state": "TAS",
        "price": "3100",
        "price_per_unit": "344",
        "price_unit": "G"
      },
      {
        "state": "ACT",
        "price": "3100",
        "price_per_unit": "344",
        "price_unit": "G"
      },
      {
        "state": "NT",
        "price": "3410",
        "price_per_unit": "379",
        "price_unit": "G"
      }
    ]
  },
  {
    "source_url": "https://www.woolworths.com.au/shop/productdetails/23525/bubs-goat-formula-stage-3",
    "name": "Bubs Goat Formula Stage 3 800g",
    "image_url": "https://cdn1.woolworths.media/content/wowproductimages/large/023525.jpg",
    "source_id": "Woolworths - 23525",
    "barcode": "9338078005551",
    "shop": "Woolworths",
    "weight": "100G",
    "prices": [
      {
        "state": "NSW",
        "price": "4200",
        "price_per_unit": "525",
        "price_unit": "G"
      },
      {
        "state": "VIC",
        "price": "4200",
        "price_per_unit": "525",
        "price_unit": "G"
      },
      {
        "state": "QLD",
        "price": "4200",
        "price_per_unit": "525",
        "price_unit": "G"
      },
      {
        "state": "WA",
        "price": "4200",
        "price_per_unit": "525",
        "price_unit": "G"
      },
      {
        "state": "SA",
        "price": "4200",
        "price_per_unit": "525",
        "price_unit": "G"
      },
      {
        "state": "TAS",
        "price": "4200",
        "price_per_unit": "525",
        "price_unit": "G"
      },
      {
        "state": "ACT",
        "price": "4200",
        "price_per_unit": "525",
        "price_unit": "G"
      },
      {
        "state": "NT",
        "price": "4410",
        "price_per_unit": "551",
        "price_unit": "G"
      }
    ]
  },
  {
    "source_url": "https://www.woolworths.com.au/shop/productdetails/23523/bubs-goat-infant-formula-stage-1",
    "name": "Bubs Goat Infant Formula Stage 1 800g",
    "image_url": "https://cdn1.woolworths.media/content/wowproductimages/large/023523.jpg",
    "source_id": "Woolworths - 23523",
    "barcode": "9338078005537",
    "shop": "Woolworths",
    "weight": "100G",
    "prices": [
      {
        "state": "NSW",
        "price": "4200",
        "price_per_unit": "525",
        "price_unit": "G"
      },
      {
        "state": "VIC",
        "price": "4200",
        "price_per_unit": "525",
        "price_unit": "G"
      },
      {
        "state": "QLD",
        "price": "4200",
        "price_per_unit": "525",
        "price_unit": "G"
      },
      {
        "state": "WA",
        "price": "4200",
        "price_per_unit": "525",
        "price_unit": "G"
      },
      {
        "state": "SA",
        "price": "4200",
        "price_per_unit": "525",
        "price_unit": "G"
      },
      {
        "state": "TAS",
        "price": "4200",
        "price_per_unit": "525",
        "price_unit": "G"
      },
      {
        "state": "ACT",
        "price": "4200",
        "price_per_unit": "525",
        "price_unit": "G"
      },
      {
        "state": "NT",
        "price": "4410",
        "price_per_unit": "551",
        "price_unit": "G"
      }
    ]
  },
  {
    "source_url": "https://www.woolworths.com.au/shop/productdetails/23524/bubs-goat-stage-2-formula-stage-2",
    "name": "Bubs Goat Stage 2 Formula Stage 2 800g",
    "image_url": "https://cdn1.woolworths.media/content/wowproductimages/large/023524.jpg",
    "source_id": "Woolworths - 23524",
    "barcode": "9338078005544",
    "shop": "Woolworths",
    "weight": "100G",
    "prices": [
      {
        "state": "NSW",
        "price": "4200",
        "price_per_unit": "525",
        "price_unit": "G"
      },
      {
        "state": "VIC",
        "price": "4200",
        "price_per_unit": "525",
        "price_unit": "G"
      },
      {
        "state": "QLD",
        "price": "4200",
        "price_per_unit": "525",
        "price_unit": "G"
      },
      {
        "state": "WA",
        "price": "4200",
        "price_per_unit": "525",
        "price_unit": "G"
      },
      {
        "state": "SA",
        "price": "4200",
        "price_per_unit": "525",
        "price_unit": "G"
      },
      {
        "state": "TAS",
        "price": "4200",
        "price_per_unit": "525",
        "price_unit": "G"
      },
      {
        "state": "ACT",
        "price": "4200",
        "price_per_unit": "525",
        "price_unit": "G"
      },
      {
        "state": "NT",
        "price": "4410",
        "price_per_unit": "551",
        "price_unit": "G"
      }
    ]
  },
  {
    "source_url": "https://www.woolworths.com.au/shop/productdetails/1075343214/holle-organic-goat-milk-infant-formula-1-with-dha-400g",
    "name": "Holle Organic Goat Milk Infant Formula 1 with DHA 400g",
    "image_url": "https://cdn1.woolworths.media/content/wowproductimages/large/1075343214.jpg",
    "source_id": "Woolworths - 1075343214",
    "barcode": null,
    "shop": "Woolworths",
    "weight": "100G",
    "prices": [
      {
        "state": "NSW",
        "price": "3995",
        "price_per_unit": "999",
        "price_unit": "G"
      },
      {
        "state": "VIC",
        "price": "3995",
        "price_per_unit": "999",
        "price_unit": "G"
      },
      {
        "state": "QLD",
        "price": "3995",
        "price_per_unit": "999",
        "price_unit": "G"
      },
      {
        "state": "WA",
        "price": "3995",
        "price_per_unit": "999",
        "price_unit": "G"
      },
      {
        "state": "SA",
        "price": "3995",
        "price_per_unit": "999",
        "price_unit": "G"
      },
      {
        "state": "TAS",
        "price": "3995",
        "price_per_unit": "999",
        "price_unit": "G"
      },
      {
        "state": "ACT",
        "price": "3995",
        "price_per_unit": "999",
        "price_unit": "G"
      },
      {
        "state": "NT",
        "price": "3995",
        "price_per_unit": "999",
        "price_unit": "G"
      }
    ]
  },
  {
    "source_url": "https://www.woolworths.com.au/shop/productdetails/87983/karicare-soy-baby-infant-formula-from-0-to-12-months",
    "name": "Karicare Soy Baby Infant Formula From 0 To 12 Months 900g",
    "image_url": "https://cdn1.woolworths.media/content/wowproductimages/large/087983.jpg",
    "source_id": "Woolworths - 87983",
    "barcode": "9418783000406",
    "shop": "Woolworths",
    "weight": "100G",
    "prices": [
      {
        "state": "NSW",
        "price": "2000",
        "price_per_unit": "222",
        "price_unit": "G"
      },
      {
        "state": "VIC",
        "price": "2000",
        "price_per_unit": "222",
        "price_unit": "G"
      },
      {
        "state": "QLD",
        "price": "2000",
        "price_per_unit": "222",
        "price_unit": "G"
      },
      {
        "state": "WA",
        "price": "2000",
        "price_per_unit": "222",
        "price_unit": "G"
      },
      {
        "state": "SA",
        "price": "2000",
        "price_per_unit": "222",
        "price_unit": "G"
      },
      {
        "state": "TAS",
        "price": "2000",
        "price_per_unit": "222",
        "price_unit": "G"
      },
      {
        "state": "ACT",
        "price": "2000",
        "price_per_unit": "222",
        "price_unit": "G"
      },
      {
        "state": "NT",
        "price": "2100",
        "price_per_unit": "233",
        "price_unit": "G"
      }
    ]
  },
  {
    "source_url": "https://www.woolworths.com.au/shop/productdetails/1075343226/littleoak-goat-s-milk-follow-on-stage-2-800g",
    "name": "LittleOak Goat's Milk Follow On Stage 2 800g",
    "image_url": "https://cdn1.woolworths.media/content/wowproductimages/large/1075343226.jpg",
    "source_id": "Woolworths - 1075343226",
    "barcode": null,
    "shop": "Woolworths",
    "weight": "100G",
    "prices": [
      {
        "state": "NSW",
        "price": "4295",
        "price_per_unit": "537",
        "price_unit": "G"
      },
      {
        "state": "VIC",
        "price": "4295",
        "price_per_unit": "537",
        "price_unit": "G"
      },
      {
        "state": "QLD",
        "price": "4295",
        "price_per_unit": "537",
        "price_unit": "G"
      },
      {
        "state": "WA",
        "price": "4295",
        "price_per_unit": "537",
        "price_unit": "G"
      },
      {
        "state": "SA",
        "price": "4295",
        "price_per_unit": "537",
        "price_unit": "G"
      },
      {
        "state": "TAS",
        "price": "4295",
        "price_per_unit": "537",
        "price_unit": "G"
      },
      {
        "state": "ACT",
        "price": "4295",
        "price_per_unit": "537",
        "price_unit": "G"
      },
      {
        "state": "NT",
        "price": "4295",
        "price_per_unit": "537",
        "price_unit": "G"
      }
    ]
  },
  {
    "source_url": "https://www.woolworths.com.au/shop/productdetails/1075343209/littleoak-goat-s-milk-infant-formula-stage-1-800g",
    "name": "LittleOak Goat's Milk Infant Formula Stage 1 800g",
    "image_url": "https://cdn1.woolworths.media/content/wowproductimages/large/1075343209.jpg",
    "source_id": "Woolworths - 1075343209",
    "barcode": null,
    "shop": "Woolworths",
    "weight": "100G",
    "prices": [
      {
        "state": "NSW",
        "price": "4295",
        "price_per_unit": "537",
        "price_unit": "G"
      },
      {
        "state": "VIC",
        "price": "4295",
        "price_per_unit": "537",
        "price_unit": "G"
      },
      {
        "state": "QLD",
        "price": "4295",
        "price_per_unit": "537",
        "price_unit": "G"
      },
      {
        "state": "WA",
        "price": "4295",
        "price_per_unit": "537",
        "price_unit": "G"
      },
      {
        "state": "SA",
        "price": "4295",
        "price_per_unit": "537",
        "price_unit": "G"
      },
      {
        "state": "TAS",
        "price": "4295",
        "price_per_unit": "537",
        "price_unit": "G"
      },
      {
        "state": "ACT",
        "price": "4295",
        "price_per_unit": "537",
        "price_unit": "G"
      },
      {
        "state": "NT",
        "price": "4295",
        "price_per_unit": "537",
        "price_unit": "G"
      }
    ]
  },
  {
    "source_url": "https://www.woolworths.com.au/shop/productdetails/1075343229/littleoak-goat-s-milk-toddler-formula-stage-3-800g",
    "name": "LittleOak Goat's Milk Toddler Formula Stage 3 800g",
    "image_url": "https://cdn1.woolworths.media/content/wowproductimages/large/1075343229.jpg",
    "source_id": "Woolworths - 1075343229",
    "barcode": null,
    "shop": "Woolworths",
    "weight": "100G",
    "prices": [
      {
        "state": "NSW",
        "price": "4295",
        "price_per_unit": "537",
        "price_unit": "G"
      },
      {
        "state": "VIC",
        "price": "4295",
        "price_per_unit": "537",
        "price_unit": "G"
      },
      {
        "state": "QLD",
        "price": "4295",
        "price_per_unit": "537",
        "price_unit": "G"
      },
      {
        "state": "WA",
        "price": "4295",
        "price_per_unit": "537",
        "price_unit": "G"
      },
      {
        "state": "SA",
        "price": "4295",
        "price_per_unit": "537",
        "price_unit": "G"
      },
      {
        "state": "TAS",
        "price": "4295",
        "price_per_unit": "537",
        "price_unit": "G"
      },
      {
        "state": "ACT",
        "price": "4295",
        "price_per_unit": "537",
        "price_unit": "G"
      },
      {
        "state": "NT",
        "price": "4295",
        "price_per_unit": "537",
        "price_unit": "G"
      }
    ]
  },
  {
    "source_url": "https://www.woolworths.com.au/shop/productdetails/1075258646/nature-one-dairy-organic-junior-nutritious-milk-drink-step-4-900g",
    "name": "Nature One Dairy Organic Junior Nutritious Milk Drink Step 4 900g",
    "image_url": "https://cdn1.woolworths.media/content/wowproductimages/large/1075258646.jpg",
    "source_id": "Woolworths - 1075258646",
    "barcode": null,
    "shop": "Woolworths",
    "weight": "100G",
    "prices": [
      {
        "state": "NSW",
        "price": "4400",
        "price_per_unit": "489",
        "price_unit": "G"
      },
      {
        "state": "VIC",
        "price": "4400",
        "price_per_unit": "489",
        "price_unit": "G"
      },
      {
        "state": "QLD",
        "price": "4400",
        "price_per_unit": "489",
        "price_unit": "G"
      },
      {
        "state": "WA",
        "price": "4400",
        "price_per_unit": "489",
        "price_unit": "G"
      },
      {
        "state": "SA",
        "price": "4400",
        "price_per_unit": "489",
        "price_unit": "G"
      },
      {
        "state": "TAS",
        "price": "4400",
        "price_per_unit": "489",
        "price_unit": "G"
      },
      {
        "state": "ACT",
        "price": "4400",
        "price_per_unit": "489",
        "price_unit": "G"
      },
      {
        "state": "NT",
        "price": "4400",
        "price_per_unit": "489",
        "price_unit": "G"
      }
    ]
  },
  {
    "source_url": "https://www.woolworths.com.au/shop/productdetails/89602/nestle-nan-a-r-baby-formula-for-babies-with-regurgitation",
    "name": "Nestle NAN A.r. Baby Formula For Babies With Regurgitation 800g",
    "image_url": "https://cdn1.woolworths.media/content/wowproductimages/large/089602.jpg",
    "source_id": "Woolworths - 89602",
    "barcode": "7613033039157",
    "shop": "Woolworths",
    "weight": "100G",
    "prices": [
      {
        "state": "NSW",
        "price": "2650",
        "price_per_unit": "331",
        "price_unit": "G"
      },
      {
        "state": "VIC",
        "price": "2650",
        "price_per_unit": "331",
        "price_unit": "G"
      },
      {
        "state": "QLD",
        "price": "2650",
        "price_per_unit": "331",
        "price_unit": "G"
      },
      {
        "state": "WA",
        "price": "2650",
        "price_per_unit": "331",
        "price_unit": "G"
      },
      {
        "state": "SA",
        "price": "2650",
        "price_per_unit": "331",
        "price_unit": "G"
      },
      {
        "state": "TAS",
        "price": "2650",
        "price_per_unit": "331",
        "price_unit": "G"
      },
      {
        "state": "ACT",
        "price": "2650",
        "price_per_unit": "331",
        "price_unit": "G"
      },
      {
        "state": "NT",
        "price": "2785",
        "price_per_unit": "348",
        "price_unit": "G"
      }
    ]
  },
  {
    "source_url": "https://www.woolworths.com.au/shop/productdetails/898447/nestle-nan-expert-pro-lactose-intolerance-formula",
    "name": "Nestle NAN Expert Pro Lactose Intolerance Formula 400g",
    "image_url": "https://cdn1.woolworths.media/content/wowproductimages/large/898447.jpg",
    "source_id": "Woolworths - 898447",
    "barcode": "7613287815330",
    "shop": "Woolworths",
    "weight": "100G",
    "prices": [
      {
        "state": "NSW",
        "price": "1450",
        "price_per_unit": "363",
        "price_unit": "G"
      },
      {
        "state": "VIC",
        "price": "1450",
        "price_per_unit": "363",
        "price_unit": "G"
      },
      {
        "state": "QLD",
        "price": "1450",
        "price_per_unit": "363",
        "price_unit": "G"
      },
      {
        "state": "WA",
        "price": "1450",
        "price_per_unit": "363",
        "price_unit": "G"
      },
      {
        "state": "SA",
        "price": "1450",
        "price_per_unit": "363",
        "price_unit": "G"
      },
      {
        "state": "TAS",
        "price": "1450",
        "price_per_unit": "363",
        "price_unit": "G"
      },
      {
        "state": "ACT",
        "price": "1450",
        "price_per_unit": "363",
        "price_unit": "G"
      },
      {
        "state": "NT",
        "price": "1450",
        "price_per_unit": "363",
        "price_unit": "G"
      }
    ]
  },
  {
    "source_url": "https://www.woolworths.com.au/shop/productdetails/223104/oli6-goat-milk-follow-on-formula-stage-2-6-12-months",
    "name": "Oli6 Goat Milk Follow On Formula Stage 2, 6-12 Months 800g",
    "image_url": "https://cdn1.woolworths.media/content/wowproductimages/large/223104.jpg",
    "source_id": "Woolworths - 223104",
    "barcode": "9349942000077",
    "shop": "Woolworths",
    "weight": "100G",
    "prices": [
      {
        "state": "NSW",
        "price": "3800",
        "price_per_unit": "475",
        "price_unit": "G"
      },
      {
        "state": "VIC",
        "price": "3800",
        "price_per_unit": "475",
        "price_unit": "G"
      },
      {
        "state": "QLD",
        "price": "3800",
        "price_per_unit": "475",
        "price_unit": "G"
      },
      {
        "state": "WA",
        "price": "3800",
        "price_per_unit": "475",
        "price_unit": "G"
      },
      {
        "state": "SA",
        "price": "3800",
        "price_per_unit": "475",
        "price_unit": "G"
      },
      {
        "state": "TAS",
        "price": "3800",
        "price_per_unit": "475",
        "price_unit": "G"
      },
      {
        "state": "ACT",
        "price": "3800",
        "price_per_unit": "475",
        "price_unit": "G"
      },
      {
        "state": "NT",
        "price": "3990",
        "price_per_unit": "499",
        "price_unit": "G"
      }
    ]
  },
  {
    "source_url": "https://www.woolworths.com.au/shop/productdetails/223214/oli6-goat-milk-infant-formula-stage-1-0-6-months",
    "name": "Oli6 Goat Milk Infant Formula Stage 1, 0-6 Months 800g",
    "image_url": "https://cdn1.woolworths.media/content/wowproductimages/large/223214.jpg",
    "source_id": "Woolworths - 223214",
    "barcode": "9349942000060",
    "shop": "Woolworths",
    "weight": "100G",
    "prices": [
      {
        "state": "NSW",
        "price": "3800",
        "price_per_unit": "475",
        "price_unit": "G"
      },
      {
        "state": "VIC",
        "price": "3800",
        "price_per_unit": "475",
        "price_unit": "G"
      },
      {
        "state": "QLD",
        "price": "3800",
        "price_per_unit": "475",
        "price_unit": "G"
      },
      {
        "state": "WA",
        "price": "3800",
        "price_per_unit": "475",
        "price_unit": "G"
      },
      {
        "state": "TAS",
        "price": "3800",
        "price_per_unit": "475",
        "price_unit": "G"
      },
      {
        "state": "ACT",
        "price": "3800",
        "price_per_unit": "475",
        "price_unit": "G"
      },
      {
        "state": "NT",
        "price": "3990",
        "price_per_unit": "499",
        "price_unit": "G"
      }
    ]
  },
  {
    "source_url": "https://www.woolworths.com.au/shop/productdetails/222380/oli6-goat-milk-toddler-drink-stage-3-from-1-year",
    "name": "Oli6 Goat Milk Toddler Drink Stage 3 From 1 Year 800g",
    "image_url": "https://cdn1.woolworths.media/content/wowproductimages/large/222380.jpg",
    "source_id": "Woolworths - 222380",
    "barcode": "9349942000084",
    "shop": "Woolworths",
    "weight": "100G",
    "prices": [
      {
        "state": "NSW",
        "price": "3800",
        "price_per_unit": "475",
        "price_unit": "G"
      },
      {
        "state": "VIC",
        "price": "3800",
        "price_per_unit": "475",
        "price_unit": "G"
      },
      {
        "state": "QLD",
        "price": "3800",
        "price_per_unit": "475",
        "price_unit": "G"
      },
      {
        "state": "SA",
        "price": "3800",
        "price_per_unit": "475",
        "price_unit": "G"
      },
      {
        "state": "ACT",
        "price": "3800",
        "price_per_unit": "475",
        "price_unit": "G"
      },
      {
        "state": "NT",
        "price": "3990",
        "price_per_unit": "499",
        "price_unit": "G"
      }
    ]
  },
  {
    "source_url": "https://www.woolworths.com.au/shop/productdetails/69215/a2-milk-smart-nutrition-fortified-milk-drink-powder",
    "name": "A2 Milk Smart Nutrition Fortified Milk Drink Powder 750g",
    "image_url": "https://cdn1.woolworths.media/content/wowproductimages/large/069215.jpg",
    "source_id": "Woolworths - 69215",
    "barcode": "9335390002039",
    "shop": "Woolworths",
    "weight": "100G",
    "prices": []
  }
]