[
  {
    "source_url": "https://www.woolworths.com.au/shop/productdetails/791640/bellamy-s-organic-organic-baby-rice-with-prebiotic-4-months",
    "name": "Bellamy's Organic Baby Rice With Prebiotic 4+ Months 125g",
    "image_url": "https://cdn1.woolworths.media/content/wowproductimages/large/791640.jpg",
    "source_id": "Woolworths - 791640",
    "barcode": "9332045001874",
    "shop": "Woolworths",
    "weight": "100G",
    "prices": [
      {
        "state": "NSW",
        "price": "440",
        "price_per_unit": "352",
        "price_unit": "G"
      },
      {
        "state": "VIC",
        "price": "440",
        "price_per_unit": "352",
        "price_unit": "G"
      },
      {
        "state": "QLD",
        "price": "440",
        "price_per_unit": "352",
        "price_unit": "G"
      },
      {
        "state": "WA",
        "price": "440",
        "price_per_unit": "352",
        "price_unit": "G"
      },
      {
        "state": "SA",
        "price": "440",
        "price_per_unit": "352",
        "price_unit": "G"
      },
      {
        "state": "ACT",
        "price": "440",
        "price_per_unit": "352",
        "price_unit": "G"
      },
      {
        "state": "NT",
        "price": "480",
        "price_per_unit": "384",
        "price_unit": "G"
      }
    ]
  },
  {
    "source_url": "https://www.woolworths.com.au/shop/productdetails/796421/bellamy-s-organic-organic-banana-apple-porridge-4-months",
    "name": "Bellamy's Organic Banana & Apple Porridge 4 Months 120g",
    "image_url": "https://cdn1.woolworths.media/content/wowproductimages/large/796421.jpg",
    "source_id": "Woolworths - 796421",
    "barcode": "9332045001225",
    "shop": "Woolworths",
    "weight": "100G",
    "prices": [
      {
        "state": "NSW",
        "price": "230",
        "price_per_unit": "192",
        "price_unit": "G"
      },
      {
        "state": "WA",
        "price": "230",
        "price_per_unit": "192",
        "price_unit": "G"
      },
      {
        "state": "SA",
        "price": "230",
        "price_per_unit": "192",
        "price_unit": "G"
      },
      {
        "state": "ACT",
        "price": "230",
        "price_per_unit": "192",
        "price_unit": "G"
      },
      {
        "state": "NT",
        "price": "250",
        "price_per_unit": "208",
        "price_unit": "G"
      }
    ]
  },
  {
    "source_url": "https://www.woolworths.com.au/shop/productdetails/309603/bellamy-s-organic-organic-apple-banana-mango-with-flaxseed-puree",
    "name": "Bellamys Organic Apple, Banana, Mango With Flaxseed Puree 120g",
    "image_url": "https://cdn1.woolworths.media/content/wowproductimages/large/309603.jpg",
    "source_id": "Woolworths - 309603",
    "barcode": "9332045002987",
    "shop": "Woolworths",
    "weight": "100G",
    "prices": [
      {
        "state": "NSW",
        "price": "230",
        "price_per_unit": "192",
        "price_unit": "G"
      },
      {
        "state": "WA",
        "price": "230",
        "price_per_unit": "192",
        "price_unit": "G"
      },
      {
        "state": "SA",
        "price": "230",
        "price_per_unit": "192",
        "price_unit": "G"
      },
      {
        "state": "TAS",
        "price": "230",
        "price_per_unit": "192",
        "price_unit": "G"
      },
      {
        "state": "ACT",
        "price": "230",
        "price_per_unit": "192",
        "price_unit": "G"
      },
      {
        "state": "NT",
        "price": "250",
        "price_per_unit": "208",
        "price_unit": "G"
      }
    ]
  },
  {
    "source_url": "https://www.woolworths.com.au/shop/productdetails/36531/heinz-baby-food-apple-puree-4-months",
    "name": "Heinz Baby Food Apple Puree 4+ Months 110g",
    "image_url": "https://cdn1.woolworths.media/content/wowproductimages/large/036531.jpg",
    "source_id": "Woolworths - 36531",
    "barcode": "93657037",
    "shop": "Woolworths",
    "weight": "100G",
    "prices": [
      {
        "state": "NSW",
        "price": "120",
        "price_per_unit": "109",
        "price_unit": "G"
      },
      {
        "state": "VIC",
        "price": "120",
        "price_per_unit": "109",
        "price_unit": "G"
      },
      {
        "state": "QLD",
        "price": "120",
        "price_per_unit": "109",
        "price_unit": "G"
      },
      {
        "state": "WA",
        "price": "120",
        "price_per_unit": "109",
        "price_unit": "G"
      },
      {
        "state": "SA",
        "price": "120",
        "price_per_unit": "109",
        "price_unit": "G"
      },
      {
        "state": "TAS",
        "price": "120",
        "price_per_unit": "109",
        "price_unit": "G"
      },
      {
        "state": "ACT",
        "price": "120",
        "price_per_unit": "109",
        "price_unit": "G"
      },
      {
        "state": "NT",
        "price": "130",
        "price_per_unit": "118",
        "price_unit": "G"
      }
    ]
  },
  {
    "source_url": "https://www.woolworths.com.au/shop/productdetails/414927/heinz-baby-food-pear-puree-4-months",
    "name": "Heinz Baby Food Pear Puree 4+ Months 110g",
    "image_url": "https://cdn1.woolworths.media/content/wowproductimages/large/414927.jpg",
    "source_id": "Woolworths - 414927",
    "barcode": "93657488",
    "shop": "Woolworths",
    "weight": "100G",
    "prices": [
      {
        "state": "NSW",
        "price": "120",
        "price_per_unit": "109",
        "price_unit": "G"
      },
      {
        "state": "VIC",
        "price": "120",
        "price_per_unit": "109",
        "price_unit": "G"
      },
      {
        "state": "QLD",
        "price": "120",
        "price_per_unit": "109",
        "price_unit": "G"
      },
      {
        "state": "WA",
        "price": "120",
        "price_per_unit": "109",
        "price_unit": "G"
      },
      {
        "state": "SA",
        "price": "120",
        "price_per_unit": "109",
        "price_unit": "G"
      },
      {
        "state": "TAS",
        "price": "120",
        "price_per_unit": "109",
        "price_unit": "G"
      },
      {
        "state": "ACT",
        "price": "120",
        "price_per_unit": "109",
        "price_unit": "G"
      },
      {
        "state": "NT",
        "price": "130",
        "price_per_unit": "118",
        "price_unit": "G"
      }
    ]
  },
  {
    "source_url": "https://www.woolworths.com.au/shop/productdetails/36533/heinz-pumpkin-potato-beef-baby-food-jar-4-months",
    "name": "Heinz Pumpkin & Potato + Beef Baby Food Jar 4+ Months 110g",
    "image_url": "https://cdn1.woolworths.media/content/wowproductimages/large/036533.jpg",
    "source_id": "Woolworths - 36533",
    "barcode": "93772020",
    "shop": "Woolworths",
    "weight": "100G",
    "prices": [
      {
        "state": "NSW",
        "price": "120",
        "price_per_unit": "109",
        "price_unit": "G"
      },
      {
        "state": "VIC",
        "price": "120",
        "price_per_unit": "109",
        "price_unit": "G"
      },
      {
        "state": "QLD",
        "price": "120",
        "price_per_unit": "109",
        "price_unit": "G"
      },
      {
        "state": "WA",
        "price": "120",
        "price_per_unit": "109",
        "price_unit": "G"
      },
      {
        "state": "SA",
        "price": "120",
        "price_per_unit": "109",
        "price_unit": "G"
      },
      {
        "state": "TAS",
        "price": "120",
        "price_per_unit": "109",
        "price_unit": "G"
      },
      {
        "state": "ACT",
        "price": "120",
        "price_per_unit": "109",
        "price_unit": "G"
      },
      {
        "state": "NT",
        "price": "130",
        "price_per_unit": "118",
        "price_unit": "G"
      }
    ]
  },
  {
    "source_url": "https://www.woolworths.com.au/shop/productdetails/713590/macro-organic-baby-food-apple-blueberry-6m",
    "name": "Macro Organic Baby Food Apple & Blueberry 6m 120g",
    "image_url": "https://cdn1.woolworths.media/content/wowproductimages/large/713590.jpg",
    "source_id": "Woolworths - 713590",
    "barcode": "9300633268923",
    "shop": "Woolworths",
    "weight": "100G",
    "prices": [
      {
        "state": "NSW",
        "price": "160",
        "price_per_unit": "133",
        "price_unit": "G"
      },
      {
        "state": "VIC",
        "price": "160",
        "price_per_unit": "133",
        "price_unit": "G"
      },
      {
        "state": "QLD",
        "price": "160",
        "price_per_unit": "133",
        "price_unit": "G"
      },
      {
        "state": "WA",
        "price": "160",
        "price_per_unit": "133",
        "price_unit": "G"
      },
      {
        "state": "SA",
        "price": "160",
        "price_per_unit": "133",
        "price_unit": "G"
      },
      {
        "state": "TAS",
        "price": "160",
        "price_per_unit": "133",
        "price_unit": "G"
      },
      {
        "state": "ACT",
        "price": "160",
        "price_per_unit": "133",
        "price_unit": "G"
      },
      {
        "state": "NT",
        "price": "175",
        "price_per_unit": "146",
        "price_unit": "G"
      }
    ]
  },
  {
    "source_url": "https://www.woolworths.com.au/shop/productdetails/713568/macro-organic-baby-food-apple-pear-6m",
    "name": "Macro Organic Baby Food Apple & Pear 6m 120g",
    "image_url": "https://cdn1.woolworths.media/content/wowproductimages/large/713568.jpg",
    "source_id": "Woolworths - 713568",
    "barcode": "9300633268909",
    "shop": "Woolworths",
    "weight": "100G",
    "prices": [
      {
        "state": "NSW",
        "price": "160",
        "price_per_unit": "133",
        "price_unit": "G"
      },
      {
        "state": "VIC",
        "price": "160",
        "price_per_unit": "133",
        "price_unit": "G"
      },
      {
        "state": "QLD",
        "price": "160",
        "price_per_unit": "133",
        "price_unit": "G"
      },
      {
        "state": "WA",
        "price": "160",
        "price_per_unit": "133",
        "price_unit": "G"
      },
      {
        "state": "SA",
        "price": "160",
        "price_per_unit": "133",
        "price_unit": "G"
      },
      {
        "state": "TAS",
        "price": "160",
        "price_per_unit": "133",
        "price_unit": "G"
      },
      {
        "state": "ACT",
        "price": "160",
        "price_per_unit": "133",
        "price_unit": "G"
      },
      {
        "state": "NT",
        "price": "175",
        "price_per_unit": "146",
        "price_unit": "G"
      }
    ]
  },
  {
    "source_url": "https://www.woolworths.com.au/shop/productdetails/713592/macro-organic-baby-food-pumpkin-potato-carrot-sweetcorn",
    "name": "Macro Organic Baby Food Pumpkin Potato Carrot & Sweetcorn 120g",
    "image_url": "https://cdn1.woolworths.media/content/wowproductimages/large/713592.jpg",
    "source_id": "Woolworths - 713592",
    "barcode": "9300633268947",
    "shop": "Woolworths",
    "weight": "100G",
    "prices": [
      {
        "state": "NSW",
        "price": "160",
        "price_per_unit": "133",
        "price_unit": "G"
      },
      {
        "state": "VIC",
        "price": "160",
        "price_per_unit": "133",
        "price_unit": "G"
      },
      {
        "state": "QLD",
        "price": "160",
        "price_per_unit": "133",
        "price_unit": "G"
      },
      {
        "state": "WA",
        "price": "160",
        "price_per_unit": "133",
        "price_unit": "G"
      },
      {
        "state": "SA",
        "price": "160",
        "price_per_unit": "133",
        "price_unit": "G"
      },
      {
        "state": "TAS",
        "price": "160",
        "price_per_unit": "133",
        "price_unit": "G"
      },
      {
        "state": "ACT",
        "price": "160",
        "price_per_unit": "133",
        "price_unit": "G"
      },
      {
        "state": "NT",
        "price": "175",
        "price_per_unit": "146",
        "price_unit": "G"
      }
    ]
  },
  {
    "source_url": "https://www.woolworths.com.au/shop/productdetails/379228/nestle-cerelac-baby-rice-cereal-from-4-months",
    "name": "Nestle Cerelac Baby Rice Cereal From 4 Months 200g",
    "image_url": "https://cdn1.woolworths.media/content/wowproductimages/large/379228.jpg",
    "source_id": "Woolworths - 379228",
    "barcode": "7613032605872",
    "shop": "Woolworths",
    "weight": "100G",
    "prices": [
      {
        "state": "NSW",
        "price": "690",
        "price_per_unit": "345",
        "price_unit": "G"
      },
      {
        "state": "VIC",
        "price": "690",
        "price_per_unit": "345",
        "price_unit": "G"
      },
      {
        "state": "QLD",
        "price": "690",
        "price_per_unit": "345",
        "price_unit": "G"
      },
      {
        "state": "WA",
        "price": "690",
        "price_per_unit": "345",
        "price_unit": "G"
      },
      {
        "state": "SA",
        "price": "690",
        "price_per_unit": "345",
        "price_unit": "G"
      },
      {
        "state": "TAS",
        "price": "690",
        "price_per_unit": "345",
        "price_unit": "G"
      },
      {
        "state": "ACT",
        "price": "690",
        "price_per_unit": "345",
        "price_unit": "G"
      },
      {
        "state": "NT",
        "price": "690",
        "price_per_unit": "345",
        "price_unit": "G"
      }
    ]
  },
  {
    "source_url": "https://www.woolworths.com.au/shop/productdetails/322266/only-organic-4-months-apple-peach-apricot",
    "name": "Only Organic 4 Months+ Apple Peach & Apricot 120g",
    "image_url": "https://cdn1.woolworths.media/content/wowproductimages/large/322266.jpg",
    "source_id": "Woolworths - 322266",
    "barcode": "9403145302601",
    "shop": "Woolworths",
    "weight": "100G",
    "prices": [
      {
        "state": "NSW",
        "price": "230",
        "price_per_unit": "192",
        "price_unit": "G"
      },
      {
        "state": "VIC",
        "price": "230",
        "price_per_unit": "192",
        "price_unit": "G"
      },
      {
        "state": "QLD",
        "price": "230",
        "price_per_unit": "192",
        "price_unit": "G"
      },
      {
        "state": "WA",
        "price": "230",
        "price_per_unit": "192",
        "price_unit": "G"
      },
      {
        "state": "SA",
        "price": "230",
        "price_per_unit": "192",
        "price_unit": "G"
      },
      {
        "state": "TAS",
        "price": "230",
        "price_per_unit": "192",
        "price_unit": "G"
      },
      {
        "state": "ACT",
        "price": "230",
        "price_per_unit": "192",
        "price_unit": "G"
      },
      {
        "state": "NT",
        "price": "245",
        "price_per_unit": "204",
        "price_unit": "G"
      }
    ]
  },
  {
    "source_url": "https://www.woolworths.com.au/shop/productdetails/322268/only-organic-4-months-banana-apple",
    "name": "Only Organic 4 Months+ Banana & Apple 120g",
    "image_url": "https://cdn1.woolworths.media/content/wowproductimages/large/322268.jpg",
    "source_id": "Woolworths - 322268",
    "barcode": "9403145302595",
    "shop": "Woolworths",
    "weight": "100G",
    "prices": [
      {
        "state": "NSW",
        "price": "230",
        "price_per_unit": "192",
        "price_unit": "G"
      },
      {
        "state": "VIC",
        "price": "230",
        "price_per_unit": "192",
        "price_unit": "G"
      },
      {
        "state": "QLD",
        "price": "230",
        "price_per_unit": "192",
        "price_unit": "G"
      },
      {
        "state": "WA",
        "price": "230",
        "price_per_unit": "192",
        "price_unit": "G"
      },
      {
        "state": "SA",
        "price": "230",
        "price_per_unit": "192",
        "price_unit": "G"
      },
      {
        "state": "TAS",
        "price": "230",
        "price_per_unit": "192",
        "price_unit": "G"
      },
      {
        "state": "ACT",
        "price": "230",
        "price_per_unit": "192",
        "price_unit": "G"
      },
      {
        "state": "NT",
        "price": "245",
        "price_per_unit": "204",
        "price_unit": "G"
      }
    ]
  },
  {
    "source_url": "https://www.woolworths.com.au/shop/productdetails/660268/only-organic-pasta-bolognese",
    "name": "Only Organic Pasta Bolognese 170g",
    "image_url": "https://cdn1.woolworths.media/content/wowproductimages/large/660268.jpg",
    "source_id": "Woolworths - 660268",
    "barcode": "9403145304681",
    "shop": "Woolworths",
    "weight": "100G",
    "prices": [
      {
        "state": "NSW",
        "price": "315",
        "price_per_unit": "185",
        "price_unit": "G"
      },
      {
        "state": "VIC",
        "price": "315",
        "price_per_unit": "185",
        "price_unit": "G"
      },
      {
        "state": "QLD",
        "price": "315",
        "price_per_unit": "185",
        "price_unit": "G"
      },
      {
        "state": "WA",
        "price": "315",
        "price_per_unit": "185",
        "price_unit": "G"
      },
      {
        "state": "SA",
        "price": "315",
        "price_per_unit": "185",
        "price_unit": "G"
      },
      {
        "state": "TAS",
        "price": "315",
        "price_per_unit": "185",
        "price_unit": "G"
      },
      {
        "state": "ACT",
        "price": "315",
        "price_per_unit": "185",
        "price_unit": "G"
      },
      {
        "state": "NT",
        "price": "340",
        "price_per_unit": "200",
        "price_unit": "G"
      }
    ]
  },
  {
    "source_url": "https://www.woolworths.com.au/shop/productdetails/633987/rafferty-s-garden-apple-puree-nothing-else-baby-food-pouch-4-months",
    "name": "Rafferty's Garden Apple Puree & Nothing Else Baby Food Pouch 4+ Months 120g",
    "image_url": "https://cdn1.woolworths.media/content/wowproductimages/large/633987.jpg",
    "source_id": "Woolworths - 633987",
    "barcode": "9340156000648",
    "shop": "Woolworths",
    "weight": "100G",
    "prices": [
      {
        "state": "NSW",
        "price": "215",
        "price_per_unit": "179",
        "price_unit": "G"
      },
      {
        "state": "VIC",
        "price": "215",
        "price_per_unit": "179",
        "price_unit": "G"
      },
      {
        "state": "QLD",
        "price": "215",
        "price_per_unit": "179",
        "price_unit": "G"
      },
      {
        "state": "WA",
        "price": "215",
        "price_per_unit": "179",
        "price_unit": "G"
      },
      {
        "state": "SA",
        "price": "215",
        "price_per_unit": "179",
        "price_unit": "G"
      },
      {
        "state": "TAS",
        "price": "215",
        "price_per_unit": "179",
        "price_unit": "G"
      },
      {
        "state": "ACT",
        "price": "215",
        "price_per_unit": "179",
        "price_unit": "G"
      },
      {
        "state": "NT",
        "price": "215",
        "price_per_unit": "179",
        "price_unit": "G"
      }
    ]
  },
  {
    "source_url": "https://www.woolworths.com.au/shop/productdetails/709557/rafferty-s-garden-baby-food-pouch-apple-banana-peach-nothing-else-4-months",
    "name": "Rafferty's Garden Baby Food Pouch Apple, Banana & Peach Nothing Else 4+ Months 120g",
    "image_url": "https://cdn1.woolworths.media/content/wowproductimages/large/709557.jpg",
    "source_id": "Woolworths - 709557",
    "barcode": "9421901088064",
    "shop": "Woolworths",
    "weight": "100G",
    "prices": [
      {
        "state": "NSW",
        "price": "215",
        "price_per_unit": "179",
        "price_unit": "G"
      },
      {
        "state": "VIC",
        "price": "215",
        "price_per_unit": "179",
        "price_unit": "G"
      },
      {
        "state": "QLD",
        "price": "215",
        "price_per_unit": "179",
        "price_unit": "G"
      },
      {
        "state": "WA",
        "price": "215",
        "price_per_unit": "179",
        "price_unit": "G"
      },
      {
        "state": "SA",
        "price": "215",
        "price_per_unit": "179",
        "price_unit": "G"
      },
      {
        "state": "TAS",
        "price": "215",
        "price_per_unit": "179",
        "price_unit": "G"
      },
      {
        "state": "ACT",
        "price": "215",
        "price_per_unit": "179",
        "price_unit": "G"
      },
      {
        "state": "NT",
        "price": "215",
        "price_per_unit": "179",
        "price_unit": "G"
      }
    ]
  },
  {
    "source_url": "https://www.woolworths.com.au/shop/productdetails/291279/rafferty-s-garden-baby-food-pouch-apple-pear-cinnamon-4-months",
    "name": "Rafferty's Garden Baby Food Pouch Apple, Pear & Cinnamon 4+ Months 120g",
    "image_url": "https://cdn1.woolworths.media/content/wowproductimages/large/291279.jpg",
    "source_id": "Woolworths - 291279",
    "barcode": "9421901080013",
    "shop": "Woolworths",
    "weight": "100G",
    "prices": [
      {
        "state": "NSW",
        "price": "215",
        "price_per_unit": "179",
        "price_unit": "G"
      },
      {
        "state": "VIC",
        "price": "215",
        "price_per_unit": "179",
        "price_unit": "G"
      },
      {
        "state": "QLD",
        "price": "215",
        "price_per_unit": "179",
        "price_unit": "G"
      },
      {
        "state": "WA",
        "price": "215",
        "price_per_unit": "179",
        "price_unit": "G"
      },
      {
        "state": "SA",
        "price": "215",
        "price_per_unit": "179",
        "price_unit": "G"
      },
      {
        "state": "TAS",
        "price": "215",
        "price_per_unit": "179",
        "price_unit": "G"
      },
      {
        "state": "ACT",
        "price": "215",
        "price_per_unit": "179",
        "price_unit": "G"
      },
      {
        "state": "NT",
        "price": "215",
        "price_per_unit": "179",
        "price_unit": "G"
      }
    ]
  },
  {
    "source_url": "https://www.woolworths.com.au/shop/productdetails/291277/rafferty-s-garden-baby-food-pouch-blueberries-banana-apple-4-months",
    "name": "Rafferty's Garden Baby Food Pouch Blueberries, Banana & Apple 4+ Months 120g",
    "image_url": "https://cdn1.woolworths.media/content/wowproductimages/large/291277.jpg",
    "source_id": "Woolworths - 291277",
    "barcode": "9421901080051",
    "shop": "Woolworths",
    "weight": "100G",
    "prices": [
      {
        "state": "NSW",
        "price": "215",
        "price_per_unit": "179",
        "price_unit": "G"
      },
      {
        "state": "VIC",
        "price": "215",
        "price_per_unit": "179",
        "price_unit": "G"
      },
      {
        "state": "QLD",
        "price": "215",
        "price_per_unit": "179",
        "price_unit": "G"
      },
      {
        "state": "WA",
        "price": "215",
        "price_per_unit": "179",
        "price_unit": "G"
      },
      {
        "state": "SA",
        "price": "215",
        "price_per_unit": "179",
        "price_unit": "G"
      },
      {
        "state": "TAS",
        "price": "215",
        "price_per_unit": "179",
        "price_unit": "G"
      },
      {
        "state": "ACT",
        "price": "215",
        "price_per_unit": "179",
        "price_unit": "G"
      },
      {
        "state": "NT",
        "price": "215",
        "price_per_unit": "179",
        "price_unit": "G"
      }
    ]
  },
  {
    "source_url": "https://www.woolworths.com.au/shop/productdetails/334528/rafferty-s-garden-baby-food-pouch-pear-apricot-nothing-else-4-months",
    "name": "Rafferty's Garden Baby Food Pouch Pear & Apricot & Nothing Else 4+ Months 120g",
    "image_url": "https://cdn1.woolworths.media/content/wowproductimages/large/334528.jpg",
    "source_id": "Woolworths - 334528",
    "barcode": "9421901080211",
    "shop": "Woolworths",
    "weight": "100G",
    "prices": [
      {
        "state": "NSW",
        "price": "215",
        "price_per_unit": "179",
        "price_unit": "G"
      },
      {
        "state": "VIC",
        "price": "215",
        "price_per_unit": "179",
        "price_unit": "G"
      },
      {
        "state": "QLD",
        "price": "215",
        "price_per_unit": "179",
        "price_unit": "G"
      },
      {
        "state": "WA",
        "price": "215",
        "price_per_unit": "179",
        "price_unit": "G"
      },
      {
        "state": "SA",
        "price": "215",
        "price_per_unit": "179",
        "price_unit": "G"
      },
      {
        "state": "TAS",
        "price": "215",
        "price_per_unit": "179",
        "price_unit": "G"
      },
      {
        "state": "ACT",
        "price": "215",
        "price_per_unit": "179",
        "price_unit": "G"
      },
      {
        "state": "NT",
        "price": "215",
        "price_per_unit": "179",
        "price_unit": "G"
      }
    ]
  },
  {
    "source_url": "https://www.woolworths.com.au/shop/productdetails/64807/rafferty-s-garden-baby-food-pouch-pear-prune-nothing-else-4-months",
    "name": "Rafferty's Garden Baby Food Pouch Pear & Prune & Nothing Else 4+ Months 120g",
    "image_url": "https://cdn1.woolworths.media/content/wowproductimages/large/064807.jpg",
    "source_id": "Woolworths - 64807",
    "barcode": "9340156058977",
    "shop": "Woolworths",
    "weight": "100G",
    "prices": [
      {
        "state": "NSW",
        "price": "215",
        "price_per_unit": "179",
        "price_unit": "G"
      },
      {
        "state": "VIC",
        "price": "215",
        "price_per_unit": "179",
        "price_unit": "G"
      },
      {
        "state": "QLD",
        "price": "215",
        "price_per_unit": "179",
        "price_unit": "G"
      },
      {
        "state": "WA",
        "price": "215",
        "price_per_unit": "179",
        "price_unit": "G"
      },
      {
        "state": "SA",
        "price": "215",
        "price_per_unit": "179",
        "price_unit": "G"
      },
      {
        "state": "TAS",
        "price": "215",
        "price_per_unit": "179",
        "price_unit": "G"
      },
      {
        "state": "ACT",
        "price": "215",
        "price_per_unit": "179",
        "price_unit": "G"
      },
      {
        "state": "NT",
        "price": "215",
        "price_per_unit": "179",
        "price_unit": "G"
      }
    ]
  },
  {
    "source_url": "https://www.woolworths.com.au/shop/productdetails/709604/rafferty-s-garden-baby-food-pouch-pear-superberries-4-months",
    "name": "Rafferty's Garden Baby Food Pouch Pear & Superberries 4+ Months 120g",
    "image_url": "https://cdn1.woolworths.media/content/wowproductimages/large/709604.jpg",
    "source_id": "Woolworths - 709604",
    "barcode": "9421901088071",
    "shop": "Woolworths",
    "weight": "100G",
    "prices": [
      {
        "state": "VIC",
        "price": "215",
        "price_per_unit": "179",
        "price_unit": "G"
      },
      {
        "state": "QLD",
        "price": "215",
        "price_per_unit": "179",
        "price_unit": "G"
      },
      {
        "state": "WA",
        "price": "215",
        "price_per_unit": "179",
        "price_unit": "G"
      },
      {
        "state": "SA",
        "price": "215",
        "price_per_unit": "179",
        "price_unit": "G"
      },
      {
        "state": "TAS",
        "price": "215",
        "price_per_unit": "179",
        "price_unit": "G"
      },
      {
        "state": "ACT",
        "price": "215",
        "price_per_unit": "179",
        "price_unit": "G"
      },
      {
        "state": "NT",
        "price": "215",
        "price_per_unit": "179",
        "price_unit": "G"
      }
    ]
  },
  {
    "source_url": "https://www.woolworths.com.au/shop/productdetails/291188/rafferty-s-garden-baby-food-pouch-pumpkin-apple-sweetcorn-4-months",
    "name": "Rafferty's Garden Baby Food Pouch Pumpkin, Apple & Sweetcorn 4+ Months 120g",
    "image_url": "https://cdn1.woolworths.media/content/wowproductimages/large/291188.jpg",
    "source_id": "Woolworths - 291188",
    "barcode": "9421901080044",
    "shop": "Woolworths",
    "weight": "100G",
    "prices": [
      {
        "state": "NSW",
        "price": "215",
        "price_per_unit": "179",
        "price_unit": "G"
      },
      {
        "state": "VIC",
        "price": "215",
        "price_per_unit": "179",
        "price_unit": "G"
      },
      {
        "state": "QLD",
        "price": "215",
        "price_per_unit": "179",
        "price_unit": "G"
      },
      {
        "state": "WA",
        "price": "215",
        "price_per_unit": "179",
        "price_unit": "G"
      },
      {
        "state": "SA",
        "price": "215",
        "price_per_unit": "179",
        "price_unit": "G"
      },
      {
        "state": "TAS",
        "price": "215",
        "price_per_unit": "179",
        "price_unit": "G"
      },
      {
        "state": "ACT",
        "price": "215",
        "price_per_unit": "179",
        "price_unit": "G"
      },
      {
        "state": "NT",
        "price": "215",
        "price_per_unit": "179",
        "price_unit": "G"
      }
    ]
  },
  {
    "source_url": "https://www.woolworths.com.au/shop/productdetails/291193/rafferty-s-garden-baby-food-pouch-spinach-apple-broccoli-pea-4-months",
    "name": "Rafferty's Garden Baby Food Pouch Spinach, Apple , Broccoli & Pea 4+ Months 120g",
    "image_url": "https://cdn1.woolworths.media/content/wowproductimages/large/291193.jpg",
    "source_id": "Woolworths - 291193",
    "barcode": "9421901080068",
    "shop": "Woolworths",
    "weight": "100G",
    "prices": [
      {
        "state": "NSW",
        "price": "215",
        "price_per_unit": "179",
        "price_unit": "G"
      },
      {
        "state": "VIC",
        "price": "215",
        "price_per_unit": "179",
        "price_unit": "G"
      },
      {
        "state": "QLD",
        "price": "215",
        "price_per_unit": "179",
        "price_unit": "G"
      },
      {
        "state": "WA",
        "price": "215",
        "price_per_unit": "179",
        "price_unit": "G"
      },
      {
        "state": "SA",
        "price": "215",
        "price_per_unit": "179",
        "price_unit": "G"
      },
      {
        "state": "TAS",
        "price": "215",
        "price_per_unit": "179",
        "price_unit": "G"
      },
      {
        "state": "ACT",
        "price": "215",
        "price_per_unit": "179",
        "price_unit": "G"
      },
      {
        "state": "NT",
        "price": "215",
        "price_per_unit": "179",
        "price_unit": "G"
      }
    ]
  },
  {
    "source_url": "https://www.woolworths.com.au/shop/productdetails/291187/rafferty-s-garden-baby-food-pouch-sweet-potato-carrot-apple-4-months",
    "name": "Rafferty's Garden Baby Food Pouch Sweet Potato, Carrot & Apple 4+ Months 120g",
    "image_url": "https://cdn1.woolworths.media/content/wowproductimages/large/291187.jpg",
    "source_id": "Woolworths - 291187",
    "barcode": "9421901080020",
    "shop": "Woolworths",
    "weight": "100G",
    "prices": [
      {
        "state": "NSW",
        "price": "215",
        "price_per_unit": "179",
        "price_unit": "G"
      },
      {
        "state": "VIC",
        "price": "215",
        "price_per_unit": "179",
        "price_unit": "G"
      },
      {
        "state": "QLD",
        "price": "215",
        "price_per_unit": "179",
        "price_unit": "G"
      },
      {
        "state": "WA",
        "price": "215",
        "price_per_unit": "179",
        "price_unit": "G"
      },
      {
        "state": "SA",
        "price": "215",
        "price_per_unit": "179",
        "price_unit": "G"
      },
      {
        "state": "TAS",
        "price": "215",
        "price_per_unit": "179",
        "price_unit": "G"
      },
      {
        "state": "ACT",
        "price": "215",
        "price_per_unit": "179",
        "price_unit": "G"
      },
      {
        "state": "NT",
        "price": "215",
        "price_per_unit": "179",
        "price_unit": "G"
      },
      {
        "state": "NT",
        "price": "230",
        "price_per_unit": "192",
        "price_unit": "G"
      }
    ]
  },
  {
    "source_url": "https://www.woolworths.com.au/shop/productdetails/291278/rafferty-s-garden-banana-pear-mango-baby-food-puree-pouch-4-months",
    "name": "Rafferty's Garden Banana Pear & Mango Baby Food Puree Pouch 4+ Months 120g",
    "image_url": "https://cdn1.woolworths.media/content/wowproductimages/large/291278.jpg",
    "source_id": "Woolworths - 291278",
    "barcode": "9421901080006",
    "shop": "Woolworths",
    "weight": "100G",
    "prices": [
      {
        "state": "NSW",
        "price": "215",
        "price_per_unit": "179",
        "price_unit": "G"
      },
      {
        "state": "VIC",
        "price": "215",
        "price_per_unit": "179",
        "price_unit": "G"
      },
      {
        "state": "QLD",
        "price": "215",
        "price_per_unit": "179",
        "price_unit": "G"
      },
      {
        "state": "WA",
        "price": "215",
        "price_per_unit": "179",
        "price_unit": "G"
      },
      {
        "state": "SA",
        "price": "215",
        "price_per_unit": "179",
        "price_unit": "G"
      },
      {
        "state": "TAS",
        "price": "215",
        "price_per_unit": "179",
        "price_unit": "G"
      },
      {
        "state": "ACT",
        "price": "215",
        "price_per_unit": "179",
        "price_unit": "G"
      },
      {
        "state": "NT",
        "price": "215",
        "price_per_unit": "179",
        "price_unit": "G"
      },
      {
        "state": "NT",
        "price": "230",
        "price_per_unit": "192",
        "price_unit": "G"
      }
    ]
  },
  {
    "source_url": "https://www.woolworths.com.au/shop/productdetails/633988/rafferty-s-garden-pear-puree-nothing-else-baby-food-pouch-4-months",
    "name": "Rafferty's Garden Pear Puree & Nothing Else Baby Food Pouch 4+ Months 120g",
    "image_url": "https://cdn1.woolworths.media/content/wowproductimages/large/633988.jpg",
    "source_id": "Woolworths - 633988",
    "barcode": "9340156000655",
    "shop": "Woolworths",
    "weight": "100G",
    "prices": [
      {
        "state": "NSW",
        "price": "215",
        "price_per_unit": "179",
        "price_unit": "G"
      },
      {
        "state": "VIC",
        "price": "215",
        "price_per_unit": "179",
        "price_unit": "G"
      },
      {
        "state": "QLD",
        "price": "215",
        "price_per_unit": "179",
        "price_unit": "G"
      },
      {
        "state": "WA",
        "price": "215",
        "price_per_unit": "179",
        "price_unit": "G"
      },
      {
        "state": "SA",
        "price": "215",
        "price_per_unit": "179",
        "price_unit": "G"
      },
      {
        "state": "TAS",
        "price": "215",
        "price_per_unit": "179",
        "price_unit": "G"
      },
      {
        "state": "ACT",
        "price": "215",
        "price_per_unit": "179",
        "price_unit": "G"
      },
      {
        "state": "NT",
        "price": "230",
        "price_per_unit": "192",
        "price_unit": "G"
      }
    ]
  },
  {
    "source_url": "https://www.woolworths.com.au/shop/productdetails/260241/bellamy-s-organic-organic-baby-porridge-5-months",
    "name": "Bellamy's Organic Baby Porridge 5 Months 125g",
    "image_url": "https://cdn1.woolworths.media/content/wowproductimages/large/260241.jpg",
    "source_id": "Woolworths - 260241",
    "barcode": "9332045000280",
    "shop": "Woolworths",
    "weight": "100G",
    "prices": [
      {
        "state": "VIC",
        "price": "440",
        "price_per_unit": "352",
        "price_unit": "G"
      },
      {
        "state": "QLD",
        "price": "440",
        "price_per_unit": "352",
        "price_unit": "G"
      },
      {
        "state": "SA",
        "price": "440",
        "price_per_unit": "352",
        "price_unit": "G"
      },
      {
        "state": "ACT",
        "price": "440",
        "price_per_unit": "352",
        "price_unit": "G"
      },
      {
        "state": "NT",
        "price": "480",
        "price_per_unit": "384",
        "price_unit": "G"
      }
    ]
  }
]