[
  {
    "source_url": "https://www.woolworths.com.au/shop/productdetails/336717/b-tan-erase-tan-repeat-2-in-1-tan-eraser-body-wash-scrub",
    "name": "b.tan Erase Tan Repeat 2-In-1 Tan Eraser Body Wash + Scrub 236mL",
    "image_url": "https://cdn1.woolworths.media/content/wowproductimages/large/336717.jpg",
    "source_id": "Woolworths - 336717",
    "barcode": "9347108019635",
    "category_id": "1_894D0A8",
    "shop": "Woolworths",
    "weight": "100ML",
    "prices": [
      {
        "state": "NSW",
        "price": "1500",
        "price_per_unit": "636",
        "price_unit": "ML"
      },
      {
        "state": "VIC",
        "price": "1500",
        "price_per_unit": "636",
        "price_unit": "ML"
      },
      {
        "state": "QLD",
        "price": "1500",
        "price_per_unit": "636",
        "price_unit": "ML"
      },
      {
        "state": "WA",
        "price": "1500",
        "price_per_unit": "636",
        "price_unit": "ML"
      },
      {
        "state": "SA",
        "price": "1500",
        "price_per_unit": "636",
        "price_unit": "ML"
      },
      {
        "state": "TAS",
        "price": "1500",
        "price_per_unit": "636",
        "price_unit": "ML"
      },
      {
        "state": "ACT",
        "price": "1500",
        "price_per_unit": "636",
        "price_unit": "ML"
      },
      {
        "state": "NT",
        "price": "1500",
        "price_per_unit": "636",
        "price_unit": "ML"
      }
    ]
  },
  {
    "source_url": "https://www.woolworths.com.au/shop/productdetails/543571/b-tan-gimme-the-glow-down-rosewater-dark-facial-tan-mist",
    "name": "b.tan Gimme The Glow Down Rosewater Dark Facial Tan Mist 190mL",
    "image_url": "https://cdn1.woolworths.media/content/wowproductimages/large/543571.jpg",
    "source_id": "Woolworths - 543571",
    "barcode": "9347108030654",
    "category_id": "1_894D0A8",
    "shop": "Woolworths",
    "weight": "100ML",
    "prices": [
      {
        "state": "NSW",
        "price": "1900",
        "price_per_unit": "1000",
        "price_unit": "ML"
      },
      {
        "state": "WA",
        "price": "1900",
        "price_per_unit": "1000",
        "price_unit": "ML"
      },
      {
        "state": "SA",
        "price": "1900",
        "price_per_unit": "1000",
        "price_unit": "ML"
      },
      {
        "state": "ACT",
        "price": "1900",
        "price_per_unit": "1000",
        "price_unit": "ML"
      }
    ]
  },
  {
    "source_url": "https://www.woolworths.com.au/shop/productdetails/385696/b-tan-glow-your-own-way-glow-so-smooth-tan-gel-applicator-mitt",
    "name": "b.tan Glow Your Own Way Glow So Smooth Tan Gel Applicator Mitt each",
    "image_url": "https://cdn1.woolworths.media/content/wowproductimages/large/385696.jpg",
    "source_id": "Woolworths - 385696",
    "barcode": "9347108041568",
    "category_id": "1_894D0A8",
    "shop": "Woolworths",
    "weight": "1EA",
    "prices": [
      {
        "state": "NSW",
        "price": "1000",
        "price_per_unit": "1000",
        "price_unit": "EA"
      },
      {
        "state": "WA",
        "price": "1000",
        "price_per_unit": "1000",
        "price_unit": "EA"
      },
      {
        "state": "ACT",
        "price": "1000",
        "price_per_unit": "1000",
        "price_unit": "EA"
      }
    ]
  },
  {
    "source_url": "https://www.woolworths.com.au/shop/productdetails/386062/b-tan-glow-your-own-way-hydrated-af-gradual-face-body-gel",
    "name": "b.tan Glow Your Own Way Hydrated AF Gradual Face + Body Gel 236mL",
    "image_url": "https://cdn1.woolworths.media/content/wowproductimages/large/386062.jpg",
    "source_id": "Woolworths - 386062",
    "barcode": "9347108032344",
    "category_id": "1_894D0A8",
    "shop": "Woolworths",
    "weight": "100ML",
    "prices": [
      {
        "state": "NSW",
        "price": "2200",
        "price_per_unit": "932",
        "price_unit": "ML"
      },
      {
        "state": "VIC",
        "price": "2200",
        "price_per_unit": "932",
        "price_unit": "ML"
      },
      {
        "state": "QLD",
        "price": "2200",
        "price_per_unit": "932",
        "price_unit": "ML"
      },
      {
        "state": "WA",
        "price": "2200",
        "price_per_unit": "932",
        "price_unit": "ML"
      },
      {
        "state": "SA",
        "price": "2200",
        "price_per_unit": "932",
        "price_unit": "ML"
      },
      {
        "state": "TAS",
        "price": "2200",
        "price_per_unit": "932",
        "price_unit": "ML"
      },
      {
        "state": "ACT",
        "price": "2200",
        "price_per_unit": "932",
        "price_unit": "ML"
      },
      {
        "state": "NT",
        "price": "2200",
        "price_per_unit": "932",
        "price_unit": "ML"
      }
    ]
  },
  {
    "source_url": "https://www.woolworths.com.au/shop/productdetails/946053/b-tan-glow-your-own-way-low-key-glow-darker-clear-self-tan-gel",
    "name": "b.tan Glow Your Own Way Low Key Glow Darker Clear Self Tan Gel 473mL",
    "image_url": "https://cdn1.woolworths.media/content/wowproductimages/large/946053.jpg",
    "source_id": "Woolworths - 946053",
    "barcode": "9347108044316",
    "category_id": "1_894D0A8",
    "shop": "Woolworths",
    "weight": "100ML",
    "prices": [
      {
        "state": "NSW",
        "price": "2200",
        "price_per_unit": "465",
        "price_unit": "ML"
      },
      {
        "state": "VIC",
        "price": "2200",
        "price_per_unit": "465",
        "price_unit": "ML"
      },
      {
        "state": "WA",
        "price": "2200",
        "price_per_unit": "465",
        "price_unit": "ML"
      },
      {
        "state": "SA",
        "price": "2200",
        "price_per_unit": "465",
        "price_unit": "ML"
      },
      {
        "state": "TAS",
        "price": "2200",
        "price_per_unit": "465",
        "price_unit": "ML"
      },
      {
        "state": "ACT",
        "price": "2200",
        "price_per_unit": "465",
        "price_unit": "ML"
      },
      {
        "state": "NT",
        "price": "2200",
        "price_per_unit": "465",
        "price_unit": "ML"
      }
    ]
  },
  {
    "source_url": "https://www.woolworths.com.au/shop/productdetails/336727/b-tan-glow-your-own-way-next-level-dark-clear-self-tan-gel",
    "name": "b.tan Glow Your Own Way Next Level Dark Clear Self Tan Gel 473mL",
    "image_url": "https://cdn1.woolworths.media/content/wowproductimages/large/336727.jpg",
    "source_id": "Woolworths - 336727",
    "barcode": "9347108031361",
    "category_id": "1_894D0A8",
    "shop": "Woolworths",
    "weight": "100ML",
    "prices": [
      {
        "state": "NSW",
        "price": "2200",
        "price_per_unit": "465",
        "price_unit": "ML"
      },
      {
        "state": "VIC",
        "price": "2200",
        "price_per_unit": "465",
        "price_unit": "ML"
      },
      {
        "state": "WA",
        "price": "2200",
        "price_per_unit": "465",
        "price_unit": "ML"
      },
      {
        "state": "SA",
        "price": "2200",
        "price_per_unit": "465",
        "price_unit": "ML"
      },
      {
        "state": "TAS",
        "price": "2200",
        "price_per_unit": "465",
        "price_unit": "ML"
      },
      {
        "state": "ACT",
        "price": "2200",
        "price_per_unit": "465",
        "price_unit": "ML"
      }
    ]
  },
  {
    "source_url": "https://www.woolworths.com.au/shop/productdetails/336714/b-tan-glow-your-own-way-the-og-glow-darkest-clear-self-tan-gel",
    "name": "b.tan Glow Your Own Way The OG Glow Darkest Clear Self Tan Gel 473mL",
    "image_url": "https://cdn1.woolworths.media/content/wowproductimages/large/336714.jpg",
    "source_id": "Woolworths - 336714",
    "barcode": "9347108016863",
    "category_id": "1_894D0A8",
    "shop": "Woolworths",
    "weight": "100ML",
    "prices": [
      {
        "state": "NSW",
        "price": "2200",
        "price_per_unit": "465",
        "price_unit": "ML"
      },
      {
        "state": "VIC",
        "price": "2200",
        "price_per_unit": "465",
        "price_unit": "ML"
      },
      {
        "state": "QLD",
        "price": "2200",
        "price_per_unit": "465",
        "price_unit": "ML"
      },
      {
        "state": "WA",
        "price": "2200",
        "price_per_unit": "465",
        "price_unit": "ML"
      },
      {
        "state": "SA",
        "price": "2200",
        "price_per_unit": "465",
        "price_unit": "ML"
      },
      {
        "state": "TAS",
        "price": "2200",
        "price_per_unit": "465",
        "price_unit": "ML"
      },
      {
        "state": "ACT",
        "price": "2200",
        "price_per_unit": "465",
        "price_unit": "ML"
      },
      {
        "state": "NT",
        "price": "2200",
        "price_per_unit": "465",
        "price_unit": "ML"
      }
    ]
  },
  {
    "source_url": "https://www.woolworths.com.au/shop/productdetails/199773/bali-body-1-hour-express-self-tan",
    "name": "Bali Body 1 Hour Express Self Tan 225ml",
    "image_url": "https://cdn1.woolworths.media/content/wowproductimages/large/199773.jpg",
    "source_id": "Woolworths - 199773",
    "barcode": "9354477000478",
    "category_id": "1_894D0A8",
    "shop": "Woolworths",
    "weight": "100ML",
    "prices": [
      {
        "state": "NSW",
        "price": "3300",
        "price_per_unit": "1467",
        "price_unit": "ML"
      },
      {
        "state": "VIC",
        "price": "3300",
        "price_per_unit": "1467",
        "price_unit": "ML"
      },
      {
        "state": "QLD",
        "price": "3300",
        "price_per_unit": "1467",
        "price_unit": "ML"
      },
      {
        "state": "WA",
        "price": "3300",
        "price_per_unit": "1467",
        "price_unit": "ML"
      },
      {
        "state": "SA",
        "price": "3300",
        "price_per_unit": "1467",
        "price_unit": "ML"
      },
      {
        "state": "TAS",
        "price": "3300",
        "price_per_unit": "1467",
        "price_unit": "ML"
      },
      {
        "state": "ACT",
        "price": "3300",
        "price_per_unit": "1467",
        "price_unit": "ML"
      },
      {
        "state": "NT",
        "price": "3795",
        "price_per_unit": "1687",
        "price_unit": "ML"
      }
    ]
  },
  {
    "source_url": "https://www.woolworths.com.au/shop/productdetails/579231/bali-body-express-tan-ultra-dark",
    "name": "Bali Body Express Tan Ultra Dark 225mL",
    "image_url": "https://cdn1.woolworths.media/content/wowproductimages/large/579231.jpg",
    "source_id": "Woolworths - 579231",
    "barcode": "9354477001970",
    "category_id": "1_894D0A8",
    "shop": "Woolworths",
    "weight": "100ML",
    "prices": [
      {
        "state": "NSW",
        "price": "3400",
        "price_per_unit": "1511",
        "price_unit": "ML"
      },
      {
        "state": "VIC",
        "price": "3400",
        "price_per_unit": "1511",
        "price_unit": "ML"
      },
      {
        "state": "WA",
        "price": "3400",
        "price_per_unit": "1511",
        "price_unit": "ML"
      },
      {
        "state": "SA",
        "price": "3400",
        "price_per_unit": "1511",
        "price_unit": "ML"
      },
      {
        "state": "TAS",
        "price": "3400",
        "price_per_unit": "1511",
        "price_unit": "ML"
      },
      {
        "state": "ACT",
        "price": "3400",
        "price_per_unit": "1511",
        "price_unit": "ML"
      }
    ]
  },
  {
    "source_url": "https://www.woolworths.com.au/shop/productdetails/199700/bali-body-luxe-tanning-mitt",
    "name": "Bali Body Luxe Tanning Mitt Each",
    "image_url": "https://cdn1.woolworths.media/content/wowproductimages/large/199700.jpg",
    "source_id": "Woolworths - 199700",
    "barcode": "9354477000225",
    "category_id": "1_894D0A8",
    "shop": "Woolworths",
    "weight": "1EA",
    "prices": [
      {
        "state": "NSW",
        "price": "1300",
        "price_per_unit": "1300",
        "price_unit": "EA"
      },
      {
        "state": "VIC",
        "price": "1300",
        "price_per_unit": "1300",
        "price_unit": "EA"
      },
      {
        "state": "QLD",
        "price": "1300",
        "price_per_unit": "1300",
        "price_unit": "EA"
      },
      {
        "state": "WA",
        "price": "1300",
        "price_per_unit": "1300",
        "price_unit": "EA"
      },
      {
        "state": "SA",
        "price": "1300",
        "price_per_unit": "1300",
        "price_unit": "EA"
      },
      {
        "state": "TAS",
        "price": "1300",
        "price_per_unit": "1300",
        "price_unit": "EA"
      },
      {
        "state": "ACT",
        "price": "1300",
        "price_per_unit": "1300",
        "price_unit": "EA"
      },
      {
        "state": "NT",
        "price": "1495",
        "price_per_unit": "1495",
        "price_unit": "EA"
      }
    ]
  },
  {
    "source_url": "https://www.woolworths.com.au/shop/productdetails/579714/bali-body-self-tan-body-mist-light-to-dark",
    "name": "Bali Body Self Tan Body Mist Light to Dark 200mL",
    "image_url": "https://cdn1.woolworths.media/content/wowproductimages/large/579714.jpg",
    "source_id": "Woolworths - 579714",
    "barcode": "9354477001871",
    "category_id": "1_894D0A8",
    "shop": "Woolworths",
    "weight": "100ML",
    "prices": [
      {
        "state": "NSW",
        "price": "2900",
        "price_per_unit": "1450",
        "price_unit": "ML"
      },
      {
        "state": "WA",
        "price": "2900",
        "price_per_unit": "1450",
        "price_unit": "ML"
      },
      {
        "state": "SA",
        "price": "2900",
        "price_per_unit": "1450",
        "price_unit": "ML"
      },
      {
        "state": "ACT",
        "price": "2900",
        "price_per_unit": "1450",
        "price_unit": "ML"
      }
    ]
  },
  {
    "source_url": "https://www.woolworths.com.au/shop/productdetails/946029/bali-body-self-tanning-milk",
    "name": "Bali Body Self Tanning Milk 240ml",
    "image_url": "https://cdn1.woolworths.media/content/wowproductimages/large/946029.jpg",
    "source_id": "Woolworths - 946029",
    "barcode": "9354477002137",
    "category_id": "1_894D0A8",
    "shop": "Woolworths",
    "weight": "100ML",
    "prices": [
      {
        "state": "NSW",
        "price": "2900",
        "price_per_unit": "1208",
        "price_unit": "ML"
      },
      {
        "state": "VIC",
        "price": "2900",
        "price_per_unit": "1208",
        "price_unit": "ML"
      },
      {
        "state": "QLD",
        "price": "2900",
        "price_per_unit": "1208",
        "price_unit": "ML"
      },
      {
        "state": "WA",
        "price": "2900",
        "price_per_unit": "1208",
        "price_unit": "ML"
      },
      {
        "state": "SA",
        "price": "2900",
        "price_per_unit": "1208",
        "price_unit": "ML"
      },
      {
        "state": "TAS",
        "price": "2900",
        "price_per_unit": "1208",
        "price_unit": "ML"
      },
      {
        "state": "ACT",
        "price": "2900",
        "price_per_unit": "1208",
        "price_unit": "ML"
      },
      {
        "state": "NT",
        "price": "2900",
        "price_per_unit": "1208",
        "price_unit": "ML"
      }
    ]
  },
  {
    "source_url": "https://www.woolworths.com.au/shop/productdetails/278448/bali-body-self-tanning-mousse",
    "name": "Bali Body Self Tanning Mousse 200ml",
    "image_url": "https://cdn1.woolworths.media/content/wowproductimages/large/278448.jpg",
    "source_id": "Woolworths - 278448",
    "barcode": "9354477001277",
    "category_id": "1_894D0A8",
    "shop": "Woolworths",
    "weight": "100ML",
    "prices": [
      {
        "state": "NSW",
        "price": "3100",
        "price_per_unit": "1550",
        "price_unit": "ML"
      },
      {
        "state": "VIC",
        "price": "3100",
        "price_per_unit": "1550",
        "price_unit": "ML"
      },
      {
        "state": "QLD",
        "price": "3100",
        "price_per_unit": "1550",
        "price_unit": "ML"
      },
      {
        "state": "WA",
        "price": "3100",
        "price_per_unit": "1550",
        "price_unit": "ML"
      },
      {
        "state": "SA",
        "price": "3100",
        "price_per_unit": "1550",
        "price_unit": "ML"
      },
      {
        "state": "TAS",
        "price": "3100",
        "price_per_unit": "1550",
        "price_unit": "ML"
      },
      {
        "state": "ACT",
        "price": "3100",
        "price_per_unit": "1550",
        "price_unit": "ML"
      },
      {
        "state": "NT",
        "price": "3100",
        "price_per_unit": "1550",
        "price_unit": "ML"
      }
    ]
  },
  {
    "source_url": "https://www.woolworths.com.au/shop/productdetails/199605/bali-body-self-tanning-mousse-ultra-dark",
    "name": "Bali Body Self Tanning Mousse Ultra Dark 200ml",
    "image_url": "https://cdn1.woolworths.media/content/wowproductimages/large/199605.jpg",
    "source_id": "Woolworths - 199605",
    "barcode": "9354477000379",
    "category_id": "1_894D0A8",
    "shop": "Woolworths",
    "weight": "100ML",
    "prices": [
      {
        "state": "NSW",
        "price": "3100",
        "price_per_unit": "1550",
        "price_unit": "ML"
      },
      {
        "state": "VIC",
        "price": "3100",
        "price_per_unit": "1550",
        "price_unit": "ML"
      },
      {
        "state": "QLD",
        "price": "3100",
        "price_per_unit": "1550",
        "price_unit": "ML"
      },
      {
        "state": "WA",
        "price": "3100",
        "price_per_unit": "1550",
        "price_unit": "ML"
      },
      {
        "state": "SA",
        "price": "3100",
        "price_per_unit": "1550",
        "price_unit": "ML"
      },
      {
        "state": "TAS",
        "price": "3100",
        "price_per_unit": "1550",
        "price_unit": "ML"
      },
      {
        "state": "ACT",
        "price": "3100",
        "price_per_unit": "1550",
        "price_unit": "ML"
      },
      {
        "state": "NT",
        "price": "3565",
        "price_per_unit": "1783",
        "price_unit": "ML"
      }
    ]
  },
  {
    "source_url": "https://www.woolworths.com.au/shop/productdetails/604594/bali-body-tinted-self-tan-body-serum",
    "name": "Bali Body Tinted Self Tan Body Serum 180mL",
    "image_url": "https://cdn1.woolworths.media/content/wowproductimages/large/604594.jpg",
    "source_id": "Woolworths - 604594",
    "barcode": "9354477001802",
    "category_id": "1_894D0A8",
    "shop": "Woolworths",
    "weight": "100ML",
    "prices": [
      {
        "state": "NSW",
        "price": "3300",
        "price_per_unit": "1833",
        "price_unit": "ML"
      },
      {
        "state": "VIC",
        "price": "3300",
        "price_per_unit": "1833",
        "price_unit": "ML"
      },
      {
        "state": "WA",
        "price": "3300",
        "price_per_unit": "1833",
        "price_unit": "ML"
      },
      {
        "state": "SA",
        "price": "3300",
        "price_per_unit": "1833",
        "price_unit": "ML"
      },
      {
        "state": "TAS",
        "price": "3300",
        "price_per_unit": "1833",
        "price_unit": "ML"
      },
      {
        "state": "ACT",
        "price": "3300",
        "price_per_unit": "1833",
        "price_unit": "ML"
      },
      {
        "state": "NT",
        "price": "3300",
        "price_per_unit": "1833",
        "price_unit": "ML"
      }
    ]
  },
  {
    "source_url": "https://www.woolworths.com.au/shop/productdetails/803748/bondi-sands-1-hour-express-tan",
    "name": "Bondi Sands 1 Hour Express Tan 225ml",
    "image_url": "https://cdn1.woolworths.media/content/wowproductimages/large/803748.jpg",
    "source_id": "Woolworths - 803748",
    "barcode": "850278004534",
    "category_id": "1_894D0A8",
    "shop": "Woolworths",
    "weight": "100ML",
    "prices": [
      {
        "state": "NSW",
        "price": "2700",
        "price_per_unit": "1200",
        "price_unit": "ML"
      },
      {
        "state": "VIC",
        "price": "2700",
        "price_per_unit": "1200",
        "price_unit": "ML"
      },
      {
        "state": "QLD",
        "price": "2700",
        "price_per_unit": "1200",
        "price_unit": "ML"
      },
      {
        "state": "WA",
        "price": "2700",
        "price_per_unit": "1200",
        "price_unit": "ML"
      },
      {
        "state": "SA",
        "price": "2700",
        "price_per_unit": "1200",
        "price_unit": "ML"
      },
      {
        "state": "TAS",
        "price": "2700",
        "price_per_unit": "1200",
        "price_unit": "ML"
      },
      {
        "state": "ACT",
        "price": "2700",
        "price_per_unit": "1200",
        "price_unit": "ML"
      },
      {
        "state": "NT",
        "price": "2700",
        "price_per_unit": "1200",
        "price_unit": "ML"
      }
    ]
  },
  {
    "source_url": "https://www.woolworths.com.au/shop/productdetails/73906/bondi-sands-aero-self-tanning-foam-liquid-gold",
    "name": "Bondi Sands Aero Self Tanning Foam Liquid Gold 225ml",
    "image_url": "https://cdn1.woolworths.media/content/wowproductimages/large/073906.jpg",
    "source_id": "Woolworths - 73906",
    "barcode": "850278004923",
    "category_id": "1_894D0A8",
    "shop": "Woolworths",
    "weight": "100ML",
    "prices": [
      {
        "state": "NSW",
        "price": "2600",
        "price_per_unit": "1156",
        "price_unit": "ML"
      },
      {
        "state": "WA",
        "price": "2600",
        "price_per_unit": "1156",
        "price_unit": "ML"
      },
      {
        "state": "ACT",
        "price": "2600",
        "price_per_unit": "1156",
        "price_unit": "ML"
      }
    ]
  },
  {
    "source_url": "https://www.woolworths.com.au/shop/productdetails/228304/bondi-sands-gradual-tanning-lotion-tinted-skin-perfector",
    "name": "Bondi Sands Gradual Tanning Lotion Tinted Skin Perfector 150ml",
    "image_url": "https://cdn1.woolworths.media/content/wowproductimages/large/228304.jpg",
    "source_id": "Woolworths - 228304",
    "barcode": "810020173208",
    "category_id": "1_894D0A8",
    "shop": "Woolworths",
    "weight": "100ML",
    "prices": [
      {
        "state": "NSW",
        "price": "2300",
        "price_per_unit": "1533",
        "price_unit": "ML"
      },
      {
        "state": "VIC",
        "price": "2300",
        "price_per_unit": "1533",
        "price_unit": "ML"
      },
      {
        "state": "QLD",
        "price": "2300",
        "price_per_unit": "1533",
        "price_unit": "ML"
      },
      {
        "state": "WA",
        "price": "2300",
        "price_per_unit": "1533",
        "price_unit": "ML"
      },
      {
        "state": "SA",
        "price": "2300",
        "price_per_unit": "1533",
        "price_unit": "ML"
      },
      {
        "state": "TAS",
        "price": "2300",
        "price_per_unit": "1533",
        "price_unit": "ML"
      },
      {
        "state": "ACT",
        "price": "2300",
        "price_per_unit": "1533",
        "price_unit": "ML"
      },
      {
        "state": "NT",
        "price": "2300",
        "price_per_unit": "1533",
        "price_unit": "ML"
      }
    ]
  },
  {
    "source_url": "https://www.woolworths.com.au/shop/productdetails/823179/bondi-sands-liquid-gold-self-tanning-foam",
    "name": "Bondi Sands Liquid Gold Self Tanning Foam 200mL",
    "image_url": "https://cdn1.woolworths.media/content/wowproductimages/large/823179.jpg",
    "source_id": "Woolworths - 823179",
    "barcode": "850278004718",
    "category_id": "1_894D0A8",
    "shop": "Woolworths",
    "weight": "100ML",
    "prices": [
      {
        "state": "NSW",
        "price": "2500",
        "price_per_unit": "1250",
        "price_unit": "ML"
      },
      {
        "state": "WA",
        "price": "2500",
        "price_per_unit": "1250",
        "price_unit": "ML"
      },
      {
        "state": "ACT",
        "price": "2500",
        "price_per_unit": "1250",
        "price_unit": "ML"
      }
    ]
  },
  {
    "source_url": "https://www.woolworths.com.au/shop/productdetails/630954/bondi-sands-self-tan-eraser",
    "name": "Bondi Sands Self Tan Eraser 200ml",
    "image_url": "https://cdn1.woolworths.media/content/wowproductimages/large/630954.jpg",
    "source_id": "Woolworths - 630954",
    "barcode": "850278004381",
    "category_id": "1_894D0A8",
    "shop": "Woolworths",
    "weight": "100ML",
    "prices": [
      {
        "state": "NSW",
        "price": "2000",
        "price_per_unit": "1000",
        "price_unit": "ML"
      },
      {
        "state": "VIC",
        "price": "2000",
        "price_per_unit": "1000",
        "price_unit": "ML"
      },
      {
        "state": "QLD",
        "price": "2000",
        "price_per_unit": "1000",
        "price_unit": "ML"
      },
      {
        "state": "WA",
        "price": "2000",
        "price_per_unit": "1000",
        "price_unit": "ML"
      },
      {
        "state": "SA",
        "price": "2000",
        "price_per_unit": "1000",
        "price_unit": "ML"
      },
      {
        "state": "TAS",
        "price": "2000",
        "price_per_unit": "1000",
        "price_unit": "ML"
      },
      {
        "state": "ACT",
        "price": "2000",
        "price_per_unit": "1000",
        "price_unit": "ML"
      },
      {
        "state": "NT",
        "price": "2100",
        "price_per_unit": "1050",
        "price_unit": "ML"
      }
    ]
  },
  {
    "source_url": "https://www.woolworths.com.au/shop/productdetails/795910/bondi-sands-self-tan-foam-dark",
    "name": "Bondi Sands Self Tan Foam Dark 200ml",
    "image_url": "https://cdn1.woolworths.media/content/wowproductimages/large/795910.jpg",
    "source_id": "Woolworths - 795910",
    "barcode": "850278004046",
    "category_id": "1_894D0A8",
    "shop": "Woolworths",
    "weight": "100ML",
    "prices": [
      {
        "state": "NSW",
        "price": "2200",
        "price_per_unit": "1100",
        "price_unit": "ML"
      },
      {
        "state": "VIC",
        "price": "2200",
        "price_per_unit": "1100",
        "price_unit": "ML"
      },
      {
        "state": "QLD",
        "price": "2200",
        "price_per_unit": "1100",
        "price_unit": "ML"
      },
      {
        "state": "WA",
        "price": "2200",
        "price_per_unit": "1100",
        "price_unit": "ML"
      },
      {
        "state": "SA",
        "price": "2200",
        "price_per_unit": "1100",
        "price_unit": "ML"
      },
      {
        "state": "TAS",
        "price": "2200",
        "price_per_unit": "1100",
        "price_unit": "ML"
      },
      {
        "state": "ACT",
        "price": "2200",
        "price_per_unit": "1100",
        "price_unit": "ML"
      },
      {
        "state": "NT",
        "price": "2200",
        "price_per_unit": "1100",
        "price_unit": "ML"
      }
    ]
  },
  {
    "source_url": "https://www.woolworths.com.au/shop/productdetails/795981/bondi-sands-self-tan-foam-light-medium",
    "name": "Bondi Sands Self Tan Foam Light Medium 200ml",
    "image_url": "https://cdn1.woolworths.media/content/wowproductimages/large/795981.jpg",
    "source_id": "Woolworths - 795981",
    "barcode": "850278004053",
    "category_id": "1_894D0A8",
    "shop": "Woolworths",
    "weight": "100ML",
    "prices": [
      {
        "state": "NSW",
        "price": "2200",
        "price_per_unit": "1100",
        "price_unit": "ML"
      },
      {
        "state": "VIC",
        "price": "2200",
        "price_per_unit": "1100",
        "price_unit": "ML"
      },
      {
        "state": "QLD",
        "price": "2200",
        "price_per_unit": "1100",
        "price_unit": "ML"
      },
      {
        "state": "WA",
        "price": "2200",
        "price_per_unit": "1100",
        "price_unit": "ML"
      },
      {
        "state": "SA",
        "price": "2200",
        "price_per_unit": "1100",
        "price_unit": "ML"
      },
      {
        "state": "TAS",
        "price": "2200",
        "price_per_unit": "1100",
        "price_unit": "ML"
      },
      {
        "state": "ACT",
        "price": "2200",
        "price_per_unit": "1100",
        "price_unit": "ML"
      },
      {
        "state": "NT",
        "price": "2200",
        "price_per_unit": "1100",
        "price_unit": "ML"
      }
    ]
  },
  {
    "source_url": "https://www.woolworths.com.au/shop/productdetails/162597/bondi-sands-self-tanning-foam-1-hour-express",
    "name": "Bondi Sands Self Tanning Foam 1 Hour Express 200ml",
    "image_url": "https://cdn1.woolworths.media/content/wowproductimages/large/162597.jpg",
    "source_id": "Woolworths - 162597",
    "barcode": "810020171877",
    "category_id": "1_894D0A8",
    "shop": "Woolworths",
    "weight": "100ML",
    "prices": [
      {
        "state": "NSW",
        "price": "2500",
        "price_per_unit": "1250",
        "price_unit": "ML"
      },
      {
        "state": "VIC",
        "price": "2500",
        "price_per_unit": "1250",
        "price_unit": "ML"
      },
      {
        "state": "QLD",
        "price": "2500",
        "price_per_unit": "1250",
        "price_unit": "ML"
      },
      {
        "state": "WA",
        "price": "2500",
        "price_per_unit": "1250",
        "price_unit": "ML"
      },
      {
        "state": "SA",
        "price": "2500",
        "price_per_unit": "1250",
        "price_unit": "ML"
      },
      {
        "state": "TAS",
        "price": "2500",
        "price_per_unit": "1250",
        "price_unit": "ML"
      },
      {
        "state": "ACT",
        "price": "2500",
        "price_per_unit": "1250",
        "price_unit": "ML"
      },
      {
        "state": "NT",
        "price": "2500",
        "price_per_unit": "1250",
        "price_unit": "ML"
      }
    ]
  },
  {
    "source_url": "https://www.woolworths.com.au/shop/productdetails/630956/bondi-sands-self-tanning-foam-ultra-dark",
    "name": "Bondi Sands Self Tanning Foam Ultra Dark 200ml",
    "image_url": "https://cdn1.woolworths.media/content/wowproductimages/large/630956.jpg",
    "source_id": "Woolworths - 630956",
    "barcode": "850278004312",
    "category_id": "1_894D0A8",
    "shop": "Woolworths",
    "weight": "100ML",
    "prices": [
      {
        "state": "NSW",
        "price": "2600",
        "price_per_unit": "1300",
        "price_unit": "ML"
      },
      {
        "state": "WA",
        "price": "2600",
        "price_per_unit": "1300",
        "price_unit": "ML"
      },
      {
        "state": "SA",
        "price": "2600",
        "price_per_unit": "1300",
        "price_unit": "ML"
      },
      {
        "state": "ACT",
        "price": "2600",
        "price_per_unit": "1300",
        "price_unit": "ML"
      }
    ]
  },
  {
    "source_url": "https://www.woolworths.com.au/shop/productdetails/73923/bondi-sands-spf50-fragrance-free-lotion",
    "name": "Bondi Sands Spf50 Fragrance Free Lotion 150ml",
    "image_url": "https://cdn1.woolworths.media/content/wowproductimages/large/073923.jpg",
    "source_id": "Woolworths - 73923",
    "barcode": "810020170986",
    "category_id": "1_894D0A8",
    "shop": "Woolworths",
    "weight": "100ML",
    "prices": [
      {
        "state": "NSW",
        "price": "1500",
        "price_per_unit": "1000",
        "price_unit": "ML"
      },
      {
        "state": "VIC",
        "price": "1500",
        "price_per_unit": "1000",
        "price_unit": "ML"
      },
      {
        "state": "QLD",
        "price": "1500",
        "price_per_unit": "1000",
        "price_unit": "ML"
      },
      {
        "state": "WA",
        "price": "1500",
        "price_per_unit": "1000",
        "price_unit": "ML"
      },
      {
        "state": "SA",
        "price": "1500",
        "price_per_unit": "1000",
        "price_unit": "ML"
      },
      {
        "state": "TAS",
        "price": "1500",
        "price_per_unit": "1000",
        "price_unit": "ML"
      },
      {
        "state": "ACT",
        "price": "1500",
        "price_per_unit": "1000",
        "price_unit": "ML"
      },
      {
        "state": "NT",
        "price": "1500",
        "price_per_unit": "1000",
        "price_unit": "ML"
      }
    ]
  },
  {
    "source_url": "https://www.woolworths.com.au/shop/productdetails/73925/bondi-sands-spf50-face-lotion",
    "name": "Bondi Sands Spf50+ Face Lotion 75ml",
    "image_url": "https://cdn1.woolworths.media/content/wowproductimages/large/073925.jpg",
    "source_id": "Woolworths - 73925",
    "barcode": "810020170979",
    "category_id": "1_894D0A8",
    "shop": "Woolworths",
    "weight": "100ML",
    "prices": [
      {
        "state": "NSW",
        "price": "1500",
        "price_per_unit": "2000",
        "price_unit": "ML"
      },
      {
        "state": "VIC",
        "price": "1500",
        "price_per_unit": "2000",
        "price_unit": "ML"
      },
      {
        "state": "QLD",
        "price": "1500",
        "price_per_unit": "2000",
        "price_unit": "ML"
      },
      {
        "state": "WA",
        "price": "1500",
        "price_per_unit": "2000",
        "price_unit": "ML"
      },
      {
        "state": "SA",
        "price": "1500",
        "price_per_unit": "2000",
        "price_unit": "ML"
      },
      {
        "state": "TAS",
        "price": "1500",
        "price_per_unit": "2000",
        "price_unit": "ML"
      },
      {
        "state": "ACT",
        "price": "1500",
        "price_per_unit": "2000",
        "price_unit": "ML"
      },
      {
        "state": "NT",
        "price": "1500",
        "price_per_unit": "2000",
        "price_unit": "ML"
      }
    ]
  },
  {
    "source_url": "https://www.woolworths.com.au/shop/productdetails/109784/bondi-sands-spf50-fragrance-free-sunscreen-lotion",
    "name": "Bondi Sands Spf50+ Fragrance Free Sunscreen Lotion 500ml",
    "image_url": "https://cdn1.woolworths.media/content/wowproductimages/large/109784.jpg",
    "source_id": "Woolworths - 109784",
    "barcode": "810020170511",
    "category_id": "1_894D0A8",
    "shop": "Woolworths",
    "weight": "100ML",
    "prices": [
      {
        "state": "NSW",
        "price": "2800",
        "price_per_unit": "560",
        "price_unit": "ML"
      },
      {
        "state": "VIC",
        "price": "2800",
        "price_per_unit": "560",
        "price_unit": "ML"
      },
      {
        "state": "QLD",
        "price": "2800",
        "price_per_unit": "560",
        "price_unit": "ML"
      },
      {
        "state": "WA",
        "price": "2800",
        "price_per_unit": "560",
        "price_unit": "ML"
      },
      {
        "state": "SA",
        "price": "2800",
        "price_per_unit": "560",
        "price_unit": "ML"
      },
      {
        "state": "TAS",
        "price": "2800",
        "price_per_unit": "560",
        "price_unit": "ML"
      },
      {
        "state": "ACT",
        "price": "2800",
        "price_per_unit": "560",
        "price_unit": "ML"
      },
      {
        "state": "NT",
        "price": "2800",
        "price_per_unit": "560",
        "price_unit": "ML"
      }
    ]
  },
  {
    "source_url": "https://www.woolworths.com.au/shop/productdetails/795983/bondi-sands-tanning-gradual-tan",
    "name": "Bondi Sands Tanning Gradual Tan 375ml",
    "image_url": "https://cdn1.woolworths.media/content/wowproductimages/large/795983.jpg",
    "source_id": "Woolworths - 795983",
    "barcode": "850278004084",
    "category_id": "1_894D0A8",
    "shop": "Woolworths",
    "weight": "100ML",
    "prices": [
      {
        "state": "NSW",
        "price": "2000",
        "price_per_unit": "533",
        "price_unit": "ML"
      },
      {
        "state": "VIC",
        "price": "2000",
        "price_per_unit": "533",
        "price_unit": "ML"
      },
      {
        "state": "QLD",
        "price": "2000",
        "price_per_unit": "533",
        "price_unit": "ML"
      },
      {
        "state": "WA",
        "price": "2000",
        "price_per_unit": "533",
        "price_unit": "ML"
      },
      {
        "state": "SA",
        "price": "2000",
        "price_per_unit": "533",
        "price_unit": "ML"
      },
      {
        "state": "TAS",
        "price": "2000",
        "price_per_unit": "533",
        "price_unit": "ML"
      },
      {
        "state": "ACT",
        "price": "2000",
        "price_per_unit": "533",
        "price_unit": "ML"
      },
      {
        "state": "NT",
        "price": "2000",
        "price_per_unit": "533",
        "price_unit": "ML"
      }
    ]
  },
  {
    "source_url": "https://www.woolworths.com.au/shop/productdetails/795919/bondi-sands-tanning-mitt-tanning-mitt",
    "name": "Bondi Sands Tanning Mitt Tanning Mitt Each",
    "image_url": "https://cdn1.woolworths.media/content/wowproductimages/large/795919.jpg",
    "source_id": "Woolworths - 795919",
    "barcode": "850278004039",
    "category_id": "1_894D0A8",
    "shop": "Woolworths",
    "weight": "1EA",
    "prices": [
      {
        "state": "NSW",
        "price": "1000",
        "price_per_unit": "1000",
        "price_unit": "EA"
      },
      {
        "state": "VIC",
        "price": "1000",
        "price_per_unit": "1000",
        "price_unit": "EA"
      },
      {
        "state": "QLD",
        "price": "1000",
        "price_per_unit": "1000",
        "price_unit": "EA"
      },
      {
        "state": "WA",
        "price": "1000",
        "price_per_unit": "1000",
        "price_unit": "EA"
      },
      {
        "state": "SA",
        "price": "1000",
        "price_per_unit": "1000",
        "price_unit": "EA"
      },
      {
        "state": "TAS",
        "price": "1000",
        "price_per_unit": "1000",
        "price_unit": "EA"
      },
      {
        "state": "ACT",
        "price": "1000",
        "price_per_unit": "1000",
        "price_unit": "EA"
      },
      {
        "state": "NT",
        "price": "1050",
        "price_per_unit": "1050",
        "price_unit": "EA"
      }
    ]
  },
  {
    "source_url": "https://www.woolworths.com.au/shop/productdetails/616015/bondi-sands-technocolour-1-hour-express-self-tanning-foam-caramel",
    "name": "Bondi Sands Technocolour 1 Hour Express Self Tanning Foam Caramel 200mL",
    "image_url": "https://cdn1.woolworths.media/content/wowproductimages/large/616015.jpg",
    "source_id": "Woolworths - 616015",
    "barcode": "810020173802",
    "category_id": "1_894D0A8",
    "shop": "Woolworths",
    "weight": "100ML",
    "prices": [
      {
        "state": "NSW",
        "price": "2700",
        "price_per_unit": "1350",
        "price_unit": "ML"
      },
      {
        "state": "WA",
        "price": "2700",
        "price_per_unit": "1350",
        "price_unit": "ML"
      },
      {
        "state": "SA",
        "price": "2700",
        "price_per_unit": "1350",
        "price_unit": "ML"
      },
      {
        "state": "ACT",
        "price": "2700",
        "price_per_unit": "1350",
        "price_unit": "ML"
      }
    ]
  },
  {
    "source_url": "https://www.woolworths.com.au/shop/productdetails/618576/bondi-sands-technocolour-1-hour-express-self-tanning-foam-emerald",
    "name": "Bondi Sands Technocolour 1 Hour Express Self Tanning Foam Emerald 200mL",
    "image_url": "https://cdn1.woolworths.media/content/wowproductimages/large/618576.jpg",
    "source_id": "Woolworths - 618576",
    "barcode": "810020173789",
    "category_id": "1_894D0A8",
    "shop": "Woolworths",
    "weight": "100ML",
    "prices": [
      {
        "state": "NSW",
        "price": "2700",
        "price_per_unit": "1350",
        "price_unit": "ML"
      },
      {
        "state": "VIC",
        "price": "2700",
        "price_per_unit": "1350",
        "price_unit": "ML"
      },
      {
        "state": "QLD",
        "price": "2700",
        "price_per_unit": "1350",
        "price_unit": "ML"
      },
      {
        "state": "WA",
        "price": "2700",
        "price_per_unit": "1350",
        "price_unit": "ML"
      },
      {
        "state": "SA",
        "price": "2700",
        "price_per_unit": "1350",
        "price_unit": "ML"
      },
      {
        "state": "TAS",
        "price": "2700",
        "price_per_unit": "1350",
        "price_unit": "ML"
      },
      {
        "state": "ACT",
        "price": "2700",
        "price_per_unit": "1350",
        "price_unit": "ML"
      },
      {
        "state": "NT",
        "price": "2700",
        "price_per_unit": "1350",
        "price_unit": "ML"
      }
    ]
  },
  {
    "source_url": "https://www.woolworths.com.au/shop/productdetails/613983/bondi-sands-technocolour-1-hour-express-self-tanning-foam-magenta",
    "name": "Bondi Sands Technocolour 1 Hour Express Self Tanning Foam Magenta 200mL",
    "image_url": "https://cdn1.woolworths.media/content/wowproductimages/large/613983.jpg",
    "source_id": "Woolworths - 613983",
    "barcode": "810020173796",
    "category_id": "1_894D0A8",
    "shop": "Woolworths",
    "weight": "100ML",
    "prices": [
      {
        "state": "NSW",
        "price": "2700",
        "price_per_unit": "1350",
        "price_unit": "ML"
      },
      {
        "state": "VIC",
        "price": "2700",
        "price_per_unit": "1350",
        "price_unit": "ML"
      },
      {
        "state": "WA",
        "price": "2700",
        "price_per_unit": "1350",
        "price_unit": "ML"
      },
      {
        "state": "SA",
        "price": "2700",
        "price_per_unit": "1350",
        "price_unit": "ML"
      },
      {
        "state": "TAS",
        "price": "2700",
        "price_per_unit": "1350",
        "price_unit": "ML"
      },
      {
        "state": "ACT",
        "price": "2700",
        "price_per_unit": "1350",
        "price_unit": "ML"
      }
    ]
  },
  {
    "source_url": "https://www.woolworths.com.au/shop/productdetails/626862/bondi-sands-technocolour-1-hour-express-self-tanning-foam-sapphire",
    "name": "Bondi Sands Technocolour 1 Hour Express Self Tanning Foam Sapphire 200mL",
    "image_url": "https://cdn1.woolworths.media/content/wowproductimages/large/626862.jpg",
    "source_id": "Woolworths - 626862",
    "barcode": "810020173772",
    "category_id": "1_894D0A8",
    "shop": "Woolworths",
    "weight": "100ML",
    "prices": [
      {
        "state": "NSW",
        "price": "2700",
        "price_per_unit": "1350",
        "price_unit": "ML"
      },
      {
        "state": "VIC",
        "price": "2700",
        "price_per_unit": "1350",
        "price_unit": "ML"
      },
      {
        "state": "QLD",
        "price": "2700",
        "price_per_unit": "1350",
        "price_unit": "ML"
      },
      {
        "state": "WA",
        "price": "2700",
        "price_per_unit": "1350",
        "price_unit": "ML"
      },
      {
        "state": "SA",
        "price": "2700",
        "price_per_unit": "1350",
        "price_unit": "ML"
      },
      {
        "state": "TAS",
        "price": "2700",
        "price_per_unit": "1350",
        "price_unit": "ML"
      },
      {
        "state": "ACT",
        "price": "2700",
        "price_per_unit": "1350",
        "price_unit": "ML"
      },
      {
        "state": "NT",
        "price": "2700",
        "price_per_unit": "1350",
        "price_unit": "ML"
      }
    ]
  },
  {
    "source_url": "https://www.woolworths.com.au/shop/productdetails/953302/bondi-sands-technocolour-self-tanning-face-serum",
    "name": "Bondi Sands Technocolour Self Tanning Face Serum 50ml",
    "image_url": "https://cdn1.woolworths.media/content/wowproductimages/large/953302.jpg",
    "source_id": "Woolworths - 953302",
    "barcode": "810020177268",
    "category_id": "1_894D0A8",
    "shop": "Woolworths",
    "weight": "100ML",
    "prices": [
      {
        "state": "NSW",
        "price": "2500",
        "price_per_unit": "5000",
        "price_unit": "ML"
      },
      {
        "state": "VIC",
        "price": "2500",
        "price_per_unit": "5000",
        "price_unit": "ML"
      },
      {
        "state": "QLD",
        "price": "2500",
        "price_per_unit": "5000",
        "price_unit": "ML"
      },
      {
        "state": "WA",
        "price": "2500",
        "price_per_unit": "5000",
        "price_unit": "ML"
      },
      {
        "state": "SA",
        "price": "2500",
        "price_per_unit": "5000",
        "price_unit": "ML"
      },
      {
        "state": "TAS",
        "price": "2500",
        "price_per_unit": "5000",
        "price_unit": "ML"
      },
      {
        "state": "ACT",
        "price": "2500",
        "price_per_unit": "5000",
        "price_unit": "ML"
      },
      {
        "state": "NT",
        "price": "2500",
        "price_per_unit": "5000",
        "price_unit": "ML"
      }
    ]
  },
  {
    "source_url": "https://www.woolworths.com.au/shop/productdetails/942198/bondi-sands-technocolour-self-tanning-face-serum-magenta",
    "name": "Bondi Sands Technocolour Self Tanning Face Serum Magenta 50mL",
    "image_url": "https://cdn1.woolworths.media/content/wowproductimages/large/942198.jpg",
    "source_id": "Woolworths - 942198",
    "barcode": "810020177275",
    "category_id": "1_894D0A8",
    "shop": "Woolworths",
    "weight": "100ML",
    "prices": [
      {
        "state": "NSW",
        "price": "2500",
        "price_per_unit": "5000",
        "price_unit": "ML"
      },
      {
        "state": "VIC",
        "price": "2500",
        "price_per_unit": "5000",
        "price_unit": "ML"
      },
      {
        "state": "QLD",
        "price": "2500",
        "price_per_unit": "5000",
        "price_unit": "ML"
      },
      {
        "state": "WA",
        "price": "2500",
        "price_per_unit": "5000",
        "price_unit": "ML"
      },
      {
        "state": "SA",
        "price": "2500",
        "price_per_unit": "5000",
        "price_unit": "ML"
      },
      {
        "state": "TAS",
        "price": "2500",
        "price_per_unit": "5000",
        "price_unit": "ML"
      },
      {
        "state": "ACT",
        "price": "2500",
        "price_per_unit": "5000",
        "price_unit": "ML"
      },
      {
        "state": "NT",
        "price": "2500",
        "price_per_unit": "5000",
        "price_unit": "ML"
      }
    ]
  },
  {
    "source_url": "https://www.woolworths.com.au/shop/productdetails/940621/bondi-sands-technocolour-self-tanning-face-serum-sapphire",
    "name": "Bondi Sands Technocolour Self Tanning Face Serum Sapphire 50mL",
    "image_url": "https://cdn1.woolworths.media/content/wowproductimages/large/940621.jpg",
    "source_id": "Woolworths - 940621",
    "barcode": "810020177251",
    "category_id": "1_894D0A8",
    "shop": "Woolworths",
    "weight": "100ML",
    "prices": [
      {
        "state": "NSW",
        "price": "2500",
        "price_per_unit": "5000",
        "price_unit": "ML"
      },
      {
        "state": "VIC",
        "price": "2500",
        "price_per_unit": "5000",
        "price_unit": "ML"
      },
      {
        "state": "QLD",
        "price": "2500",
        "price_per_unit": "5000",
        "price_unit": "ML"
      },
      {
        "state": "WA",
        "price": "2500",
        "price_per_unit": "5000",
        "price_unit": "ML"
      },
      {
        "state": "SA",
        "price": "2500",
        "price_per_unit": "5000",
        "price_unit": "ML"
      },
      {
        "state": "TAS",
        "price": "2500",
        "price_per_unit": "5000",
        "price_unit": "ML"
      },
      {
        "state": "ACT",
        "price": "2500",
        "price_per_unit": "5000",
        "price_unit": "ML"
      },
      {
        "state": "NT",
        "price": "2500",
        "price_per_unit": "5000",
        "price_unit": "ML"
      }
    ]
  },
  {
    "source_url": "https://www.woolworths.com.au/shop/productdetails/248445/dove-summer-glow-body-lotion-fair-to-medium-gradual-tan",
    "name": "Dove Summer Glow Body Lotion Fair To Medium Gradual Tan 250ml",
    "image_url": "https://cdn1.woolworths.media/content/wowproductimages/large/248445.jpg",
    "source_id": "Woolworths - 248445",
    "barcode": "8717163041550",
    "category_id": "1_894D0A8",
    "shop": "Woolworths",
    "weight": "100ML",
    "prices": [
      {
        "state": "NSW",
        "price": "950",
        "price_per_unit": "380",
        "price_unit": "ML"
      },
      {
        "state": "VIC",
        "price": "950",
        "price_per_unit": "380",
        "price_unit": "ML"
      },
      {
        "state": "WA",
        "price": "950",
        "price_per_unit": "380",
        "price_unit": "ML"
      },
      {
        "state": "SA",
        "price": "950",
        "price_per_unit": "380",
        "price_unit": "ML"
      },
      {
        "state": "TAS",
        "price": "950",
        "price_per_unit": "380",
        "price_unit": "ML"
      },
      {
        "state": "ACT",
        "price": "950",
        "price_per_unit": "380",
        "price_unit": "ML"
      }
    ]
  },
  {
    "source_url": "https://www.woolworths.com.au/shop/productdetails/248430/dove-summer-glow-gradual-self-tanner-body-lotion-medium",
    "name": "Dove Summer Glow Gradual Self Tanner Body Lotion Medium 250 Ml",
    "image_url": "https://cdn1.woolworths.media/content/wowproductimages/large/248430.jpg",
    "source_id": "Woolworths - 248430",
    "barcode": "8717163041611",
    "category_id": "1_894D0A8",
    "shop": "Woolworths",
    "weight": "100ML",
    "prices": [
      {
        "state": "NSW",
        "price": "950",
        "price_per_unit": "380",
        "price_unit": "ML"
      },
      {
        "state": "VIC",
        "price": "950",
        "price_per_unit": "380",
        "price_unit": "ML"
      },
      {
        "state": "QLD",
        "price": "950",
        "price_per_unit": "380",
        "price_unit": "ML"
      },
      {
        "state": "WA",
        "price": "950",
        "price_per_unit": "380",
        "price_unit": "ML"
      },
      {
        "state": "SA",
        "price": "950",
        "price_per_unit": "380",
        "price_unit": "ML"
      },
      {
        "state": "TAS",
        "price": "950",
        "price_per_unit": "380",
        "price_unit": "ML"
      },
      {
        "state": "ACT",
        "price": "950",
        "price_per_unit": "380",
        "price_unit": "ML"
      },
      {
        "state": "NT",
        "price": "990",
        "price_per_unit": "396",
        "price_unit": "ML"
      }
    ]
  },
  {
    "source_url": "https://www.woolworths.com.au/shop/productdetails/380869/reef-sun-tan-oil-coconut-oil",
    "name": "Reef Sun Tan Oil Coconut Oil 125ml",
    "image_url": "https://cdn1.woolworths.media/content/wowproductimages/large/380869.jpg",
    "source_id": "Woolworths - 380869",
    "barcode": "9330130006278",
    "category_id": "1_894D0A8",
    "shop": "Woolworths",
    "weight": "100ML",
    "prices": [
      {
        "state": "NSW",
        "price": "1500",
        "price_per_unit": "1200",
        "price_unit": "ML"
      },
      {
        "state": "VIC",
        "price": "1500",
        "price_per_unit": "1200",
        "price_unit": "ML"
      },
      {
        "state": "QLD",
        "price": "1500",
        "price_per_unit": "1200",
        "price_unit": "ML"
      },
      {
        "state": "WA",
        "price": "1500",
        "price_per_unit": "1200",
        "price_unit": "ML"
      },
      {
        "state": "SA",
        "price": "1500",
        "price_per_unit": "1200",
        "price_unit": "ML"
      },
      {
        "state": "TAS",
        "price": "1500",
        "price_per_unit": "1200",
        "price_unit": "ML"
      },
      {
        "state": "ACT",
        "price": "1500",
        "price_per_unit": "1200",
        "price_unit": "ML"
      },
      {
        "state": "NT",
        "price": "1500",
        "price_per_unit": "1200",
        "price_unit": "ML"
      }
    ]
  },
  {
    "source_url": "https://www.woolworths.com.au/shop/productdetails/943255/bali-body-face-tan-serum",
    "name": "Bali Body Face Tan Serum 30mL",
    "image_url": "https://cdn1.woolworths.media/content/wowproductimages/large/943255.jpg",
    "source_id": "Woolworths - 943255",
    "barcode": "9354477001369",
    "category_id": "1_894D0A8",
    "shop": "Woolworths",
    "weight": "100ML",
    "prices": [
      {
        "state": "VIC",
        "price": "2700",
        "price_per_unit": "9000",
        "price_unit": "ML"
      },
      {
        "state": "QLD",
        "price": "2700",
        "price_per_unit": "9000",
        "price_unit": "ML"
      },
      {
        "state": "WA",
        "price": "2700",
        "price_per_unit": "9000",
        "price_unit": "ML"
      },
      {
        "state": "SA",
        "price": "2700",
        "price_per_unit": "9000",
        "price_unit": "ML"
      },
      {
        "state": "TAS",
        "price": "2700",
        "price_per_unit": "9000",
        "price_unit": "ML"
      },
      {
        "state": "ACT",
        "price": "2700",
        "price_per_unit": "9000",
        "price_unit": "ML"
      },
      {
        "state": "NT",
        "price": "2700",
        "price_per_unit": "9000",
        "price_unit": "ML"
      }
    ]
  },
  {
    "source_url": "https://www.woolworths.com.au/shop/productdetails/199491/bali-body-gradual-tan",
    "name": "Bali Body Gradual Tan 200ml",
    "image_url": "https://cdn1.woolworths.media/content/wowproductimages/large/199491.jpg",
    "source_id": "Woolworths - 199491",
    "barcode": "9354477000232",
    "category_id": "1_894D0A8",
    "shop": "Woolworths",
    "weight": "100ML",
    "prices": [
      {
        "state": "VIC",
        "price": "2600",
        "price_per_unit": "1300",
        "price_unit": "ML"
      },
      {
        "state": "QLD",
        "price": "2600",
        "price_per_unit": "1300",
        "price_unit": "ML"
      },
      {
        "state": "WA",
        "price": "2600",
        "price_per_unit": "1300",
        "price_unit": "ML"
      },
      {
        "state": "SA",
        "price": "2600",
        "price_per_unit": "1300",
        "price_unit": "ML"
      },
      {
        "state": "TAS",
        "price": "2600",
        "price_per_unit": "1300",
        "price_unit": "ML"
      },
      {
        "state": "ACT",
        "price": "2600",
        "price_per_unit": "1300",
        "price_unit": "ML"
      },
      {
        "state": "NT",
        "price": "2990",
        "price_per_unit": "1495",
        "price_unit": "ML"
      }
    ]
  },
  {
    "source_url": "https://www.woolworths.com.au/shop/productdetails/946065/bali-body-gradual-tanning-butter",
    "name": "Bali Body Gradual Tanning Butter 220g",
    "image_url": "https://cdn1.woolworths.media/content/wowproductimages/large/946065.jpg",
    "source_id": "Woolworths - 946065",
    "barcode": "9354477002175",
    "category_id": "1_894D0A8",
    "shop": "Woolworths",
    "weight": "100G",
    "prices": [
      {
        "state": "VIC",
        "price": "2900",
        "price_per_unit": "1318",
        "price_unit": "G"
      },
      {
        "state": "QLD",
        "price": "2900",
        "price_per_unit": "1318",
        "price_unit": "G"
      },
      {
        "state": "WA",
        "price": "2900",
        "price_per_unit": "1318",
        "price_unit": "G"
      },
      {
        "state": "SA",
        "price": "2900",
        "price_per_unit": "1318",
        "price_unit": "G"
      },
      {
        "state": "TAS",
        "price": "2900",
        "price_per_unit": "1318",
        "price_unit": "G"
      },
      {
        "state": "ACT",
        "price": "2900",
        "price_per_unit": "1318",
        "price_unit": "G"
      },
      {
        "state": "NT",
        "price": "2900",
        "price_per_unit": "1318",
        "price_unit": "G"
      }
    ]
  },
  {
    "source_url": "https://www.woolworths.com.au/shop/productdetails/602063/bali-body-instant-tan-cream-dark",
    "name": "Bali Body Instant Tan Cream Dark 150mL",
    "image_url": "https://cdn1.woolworths.media/content/wowproductimages/large/602063.jpg",
    "source_id": "Woolworths - 602063",
    "barcode": "9354477002076",
    "category_id": "1_894D0A8",
    "shop": "Woolworths",
    "weight": "100ML",
    "prices": [
      {
        "state": "WA",
        "price": "2300",
        "price_per_unit": "1533",
        "price_unit": "ML"
      },
      {
        "state": "SA",
        "price": "2300",
        "price_per_unit": "1533",
        "price_unit": "ML"
      },
      {
        "state": "ACT",
        "price": "2300",
        "price_per_unit": "1533",
        "price_unit": "ML"
      }
    ]
  },
  {
    "source_url": "https://www.woolworths.com.au/shop/productdetails/73908/bondi-sands-aero-ultra-dark-self-tanning-foam",
    "name": "Bondi Sands Aero Ultra Dark Self Tanning Foam 225ml",
    "image_url": "https://cdn1.woolworths.media/content/wowproductimages/large/073908.jpg",
    "source_id": "Woolworths - 73908",
    "barcode": "850278004916",
    "category_id": "1_894D0A8",
    "shop": "Woolworths",
    "weight": "100ML",
    "prices": [
      {
        "state": "WA",
        "price": "2800",
        "price_per_unit": "1244",
        "price_unit": "ML"
      },
      {
        "state": "ACT",
        "price": "2800",
        "price_per_unit": "1244",
        "price_unit": "ML"
      }
    ]
  }
]