[
  {
    "source_url": "https://www.woolworths.com.au/shop/productdetails/741301/1000hour-eyelashes-brow-dye-kit-black",
    "name": "1000Hour Eyelashes & Brow Dye Kit Black Each",
    "image_url": "https://cdn1.woolworths.media/content/wowproductimages/large/741301.jpg",
    "source_id": "Woolworths - 741301",
    "barcode": "9313312073015",
    "category_id": "1_894D0A8",
    "shop": "Woolworths",
    "weight": "1EA",
    "prices": [
      {
        "state": "NSW",
        "price": "2000",
        "price_per_unit": "2000",
        "price_unit": "EA"
      },
      {
        "state": "WA",
        "price": "2000",
        "price_per_unit": "2000",
        "price_unit": "EA"
      },
      {
        "state": "SA",
        "price": "2000",
        "price_per_unit": "2000",
        "price_unit": "EA"
      },
      {
        "state": "ACT",
        "price": "2000",
        "price_per_unit": "2000",
        "price_unit": "EA"
      },
      {
        "state": "NT",
        "price": "2000",
        "price_per_unit": "2000",
        "price_unit": "EA"
      }
    ]
  },
  {
    "source_url": "https://www.woolworths.com.au/shop/productdetails/741293/1000hour-eyelashes-brow-dye-kit-dark-brown",
    "name": "1000Hour Eyelashes & Brow Dye Kit Dark Brown Each",
    "image_url": "https://cdn1.woolworths.media/content/wowproductimages/large/741293.jpg",
    "source_id": "Woolworths - 741293",
    "barcode": "9313312073022",
    "category_id": "1_894D0A8",
    "shop": "Woolworths",
    "weight": "1EA",
    "prices": [
      {
        "state": "NSW",
        "price": "2000",
        "price_per_unit": "2000",
        "price_unit": "EA"
      },
      {
        "state": "VIC",
        "price": "2000",
        "price_per_unit": "2000",
        "price_unit": "EA"
      },
      {
        "state": "QLD",
        "price": "2000",
        "price_per_unit": "2000",
        "price_unit": "EA"
      },
      {
        "state": "WA",
        "price": "2000",
        "price_per_unit": "2000",
        "price_unit": "EA"
      },
      {
        "state": "SA",
        "price": "2000",
        "price_per_unit": "2000",
        "price_unit": "EA"
      },
      {
        "state": "TAS",
        "price": "2000",
        "price_per_unit": "2000",
        "price_unit": "EA"
      },
      {
        "state": "ACT",
        "price": "2000",
        "price_per_unit": "2000",
        "price_unit": "EA"
      },
      {
        "state": "NT",
        "price": "2000",
        "price_per_unit": "2000",
        "price_unit": "EA"
      }
    ]
  },
  {
    "source_url": "https://www.woolworths.com.au/shop/productdetails/104746/1000hour-instant-brows-brush-on-eyebrow-mascara-medium-brown",
    "name": "1000Hour Instant Brows Brush-On Eyebrow Mascara Medium Brown 14g",
    "image_url": "https://cdn1.woolworths.media/content/wowproductimages/large/104746.jpg",
    "source_id": "Woolworths - 104746",
    "barcode": "9313312071530",
    "category_id": "1_894D0A8",
    "shop": "Woolworths",
    "weight": "1EA",
    "prices": [
      {
        "state": "NSW",
        "price": "1200",
        "price_per_unit": "1200",
        "price_unit": "EA"
      },
      {
        "state": "VIC",
        "price": "1200",
        "price_per_unit": "1200",
        "price_unit": "EA"
      },
      {
        "state": "QLD",
        "price": "1200",
        "price_per_unit": "1200",
        "price_unit": "EA"
      },
      {
        "state": "WA",
        "price": "1200",
        "price_per_unit": "1200",
        "price_unit": "EA"
      },
      {
        "state": "SA",
        "price": "1200",
        "price_per_unit": "1200",
        "price_unit": "EA"
      },
      {
        "state": "TAS",
        "price": "1200",
        "price_per_unit": "1200",
        "price_unit": "EA"
      },
      {
        "state": "ACT",
        "price": "1200",
        "price_per_unit": "1200",
        "price_unit": "EA"
      },
      {
        "state": "NT",
        "price": "1200",
        "price_per_unit": "1200",
        "price_unit": "EA"
      }
    ]
  },
  {
    "source_url": "https://www.woolworths.com.au/shop/productdetails/165464/1000hour-lash-brow-dye-kit-brown-black",
    "name": "1000Hour Lash & Brow Dye Kit Brown Black Each",
    "image_url": "https://cdn1.woolworths.media/content/wowproductimages/large/165464.jpg",
    "source_id": "Woolworths - 165464",
    "barcode": "9313312073046",
    "category_id": "1_894D0A8",
    "shop": "Woolworths",
    "weight": "1EA",
    "prices": [
      {
        "state": "NSW",
        "price": "2000",
        "price_per_unit": "2000",
        "price_unit": "EA"
      },
      {
        "state": "WA",
        "price": "2000",
        "price_per_unit": "2000",
        "price_unit": "EA"
      },
      {
        "state": "SA",
        "price": "2000",
        "price_per_unit": "2000",
        "price_unit": "EA"
      },
      {
        "state": "ACT",
        "price": "2000",
        "price_per_unit": "2000",
        "price_unit": "EA"
      }
    ]
  },
  {
    "source_url": "https://www.woolworths.com.au/shop/productdetails/64236/maybelline-brow-ultra-slim-blonde",
    "name": "Maybelline Brow Ultra Slim Blonde Each",
    "image_url": "https://cdn1.woolworths.media/content/wowproductimages/large/064236.jpg",
    "source_id": "Woolworths - 64236",
    "barcode": "41554572292",
    "category_id": "1_894D0A8",
    "shop": "Woolworths",
    "weight": "10G",
    "prices": [
      {
        "state": "NSW",
        "price": "1900",
        "price_per_unit": "21111",
        "price_unit": "G"
      },
      {
        "state": "WA",
        "price": "1900",
        "price_per_unit": "21111",
        "price_unit": "G"
      },
      {
        "state": "SA",
        "price": "1900",
        "price_per_unit": "21111",
        "price_unit": "G"
      },
      {
        "state": "ACT",
        "price": "1900",
        "price_per_unit": "21111",
        "price_unit": "G"
      }
    ]
  },
  {
    "source_url": "https://www.woolworths.com.au/shop/productdetails/62298/maybelline-brow-ultra-slim-eyebrow-pencil-deep-brown",
    "name": "Maybelline Brow Ultra Slim Eyebrow Pencil - Deep Brown 90mg",
    "image_url": "https://cdn1.woolworths.media/content/wowproductimages/large/062298.jpg",
    "source_id": "Woolworths - 62298",
    "barcode": "41554572339",
    "category_id": "1_894D0A8",
    "shop": "Woolworths",
    "weight": "10G",
    "prices": [
      {
        "state": "NSW",
        "price": "1900",
        "price_per_unit": "211111",
        "price_unit": "G"
      },
      {
        "state": "VIC",
        "price": "1900",
        "price_per_unit": "211111",
        "price_unit": "G"
      },
      {
        "state": "QLD",
        "price": "1900",
        "price_per_unit": "211111",
        "price_unit": "G"
      },
      {
        "state": "WA",
        "price": "1900",
        "price_per_unit": "211111",
        "price_unit": "G"
      },
      {
        "state": "SA",
        "price": "1900",
        "price_per_unit": "211111",
        "price_unit": "G"
      },
      {
        "state": "TAS",
        "price": "1900",
        "price_per_unit": "211111",
        "price_unit": "G"
      },
      {
        "state": "ACT",
        "price": "1900",
        "price_per_unit": "211111",
        "price_unit": "G"
      },
      {
        "state": "NT",
        "price": "1900",
        "price_per_unit": "211111",
        "price_unit": "G"
      }
    ]
  },
  {
    "source_url": "https://www.woolworths.com.au/shop/productdetails/62251/maybelline-brow-ultra-slim-eyebrow-pencil-soft-brown",
    "name": "Maybelline Brow Ultra Slim Eyebrow Pencil - Soft Brown 90mg",
    "image_url": "https://cdn1.woolworths.media/content/wowproductimages/large/062251.jpg",
    "source_id": "Woolworths - 62251",
    "barcode": "41554572308",
    "category_id": "1_894D0A8",
    "shop": "Woolworths",
    "weight": "10G",
    "prices": [
      {
        "state": "NSW",
        "price": "1900",
        "price_per_unit": "211111",
        "price_unit": "G"
      },
      {
        "state": "VIC",
        "price": "1900",
        "price_per_unit": "211111",
        "price_unit": "G"
      },
      {
        "state": "QLD",
        "price": "1900",
        "price_per_unit": "211111",
        "price_unit": "G"
      },
      {
        "state": "WA",
        "price": "1900",
        "price_per_unit": "211111",
        "price_unit": "G"
      },
      {
        "state": "SA",
        "price": "1900",
        "price_per_unit": "211111",
        "price_unit": "G"
      },
      {
        "state": "TAS",
        "price": "1900",
        "price_per_unit": "211111",
        "price_unit": "G"
      },
      {
        "state": "ACT",
        "price": "1900",
        "price_per_unit": "211111",
        "price_unit": "G"
      },
      {
        "state": "NT",
        "price": "1900",
        "price_per_unit": "211111",
        "price_unit": "G"
      }
    ]
  },
  {
    "source_url": "https://www.woolworths.com.au/shop/productdetails/558977/maybelline-colossal-big-shot-volumizing-mascara-baddest-black",
    "name": "Maybelline Colossal Big Shot Volumizing Mascara - Baddest Black 9.5ml",
    "image_url": "https://cdn1.woolworths.media/content/wowproductimages/large/558977.jpg",
    "source_id": "Woolworths - 558977",
    "barcode": "41554493719",
    "category_id": "1_894D0A8",
    "shop": "Woolworths",
    "weight": "10ML",
    "prices": [
      {
        "state": "NSW",
        "price": "2100",
        "price_per_unit": "2211",
        "price_unit": "ML"
      },
      {
        "state": "VIC",
        "price": "2100",
        "price_per_unit": "2211",
        "price_unit": "ML"
      },
      {
        "state": "QLD",
        "price": "2100",
        "price_per_unit": "2211",
        "price_unit": "ML"
      },
      {
        "state": "WA",
        "price": "2100",
        "price_per_unit": "2211",
        "price_unit": "ML"
      },
      {
        "state": "SA",
        "price": "2100",
        "price_per_unit": "2211",
        "price_unit": "ML"
      },
      {
        "state": "TAS",
        "price": "2100",
        "price_per_unit": "2211",
        "price_unit": "ML"
      },
      {
        "state": "ACT",
        "price": "2100",
        "price_per_unit": "2211",
        "price_unit": "ML"
      },
      {
        "state": "NT",
        "price": "2200",
        "price_per_unit": "2316",
        "price_unit": "ML"
      }
    ]
  },
  {
    "source_url": "https://www.woolworths.com.au/shop/productdetails/258803/maybelline-colossal-curl-mascara",
    "name": "Maybelline Colossal Curl Mascara Each",
    "image_url": "https://cdn1.woolworths.media/content/wowproductimages/large/258803.jpg",
    "source_id": "Woolworths - 258803",
    "barcode": "9344329247335",
    "category_id": "1_894D0A8",
    "shop": "Woolworths",
    "weight": "10ML",
    "prices": [
      {
        "state": "NSW",
        "price": "2600",
        "price_per_unit": "2600",
        "price_unit": "ML"
      },
      {
        "state": "SA",
        "price": "2600",
        "price_per_unit": "2600",
        "price_unit": "ML"
      },
      {
        "state": "ACT",
        "price": "2600",
        "price_per_unit": "2600",
        "price_unit": "ML"
      }
    ]
  },
  {
    "source_url": "https://www.woolworths.com.au/shop/productdetails/297376/maybelline-define-a-lash-mascara-very-black",
    "name": "Maybelline Define a Lash Mascara - Very Black 6.5ml",
    "image_url": "https://cdn1.woolworths.media/content/wowproductimages/large/297376.jpg",
    "source_id": "Woolworths - 297376",
    "barcode": "41554007503",
    "category_id": "1_894D0A8",
    "shop": "Woolworths",
    "weight": "10ML",
    "prices": [
      {
        "state": "NSW",
        "price": "2100",
        "price_per_unit": "3231",
        "price_unit": "ML"
      },
      {
        "state": "WA",
        "price": "2100",
        "price_per_unit": "3231",
        "price_unit": "ML"
      },
      {
        "state": "SA",
        "price": "2100",
        "price_per_unit": "3231",
        "price_unit": "ML"
      },
      {
        "state": "ACT",
        "price": "2100",
        "price_per_unit": "3231",
        "price_unit": "ML"
      }
    ]
  },
  {
    "source_url": "https://www.woolworths.com.au/shop/productdetails/258808/maybelline-express-brow-pencil-deep-brown",
    "name": "Maybelline Express Brow Pencil Deep Brown Each",
    "image_url": "https://cdn1.woolworths.media/content/wowproductimages/large/258808.jpg",
    "source_id": "Woolworths - 258808",
    "barcode": "9344329247328",
    "category_id": "1_894D0A8",
    "shop": "Woolworths",
    "weight": "1EA",
    "prices": [
      {
        "state": "NSW",
        "price": "1400",
        "price_per_unit": "1400",
        "price_unit": "EA"
      },
      {
        "state": "WA",
        "price": "1400",
        "price_per_unit": "1400",
        "price_unit": "EA"
      },
      {
        "state": "SA",
        "price": "1400",
        "price_per_unit": "1400",
        "price_unit": "EA"
      },
      {
        "state": "ACT",
        "price": "1400",
        "price_per_unit": "1400",
        "price_unit": "EA"
      }
    ]
  },
  {
    "source_url": "https://www.woolworths.com.au/shop/productdetails/137912/maybelline-falsies-lash-lift-mascara-ultra-black",
    "name": "Maybelline Falsies Lash Lift Mascara Ultra Black 9.6ml",
    "image_url": "https://cdn1.woolworths.media/content/wowproductimages/large/137912.jpg",
    "source_id": "Woolworths - 137912",
    "barcode": "41554590364",
    "category_id": "1_894D0A8",
    "shop": "Woolworths",
    "weight": "10ML",
    "prices": [
      {
        "state": "NSW",
        "price": "2600",
        "price_per_unit": "2708",
        "price_unit": "ML"
      },
      {
        "state": "WA",
        "price": "2600",
        "price_per_unit": "2708",
        "price_unit": "ML"
      },
      {
        "state": "SA",
        "price": "2600",
        "price_per_unit": "2708",
        "price_unit": "ML"
      },
      {
        "state": "ACT",
        "price": "2600",
        "price_per_unit": "2708",
        "price_unit": "ML"
      }
    ]
  },
  {
    "source_url": "https://www.woolworths.com.au/shop/productdetails/94451/maybelline-falsies-lash-lift-waterproof-mascara-very-black",
    "name": "Maybelline Falsies Lash Lift Waterproof Mascara Very Black Each",
    "image_url": "https://cdn1.woolworths.media/content/wowproductimages/large/094451.jpg",
    "source_id": "Woolworths - 94451",
    "barcode": "41554578492",
    "category_id": "1_894D0A8",
    "shop": "Woolworths",
    "weight": "10ML",
    "prices": [
      {
        "state": "NSW",
        "price": "2600",
        "price_per_unit": "3023",
        "price_unit": "ML"
      },
      {
        "state": "WA",
        "price": "2600",
        "price_per_unit": "3023",
        "price_unit": "ML"
      },
      {
        "state": "SA",
        "price": "2600",
        "price_per_unit": "3023",
        "price_unit": "ML"
      },
      {
        "state": "ACT",
        "price": "2600",
        "price_per_unit": "3023",
        "price_unit": "ML"
      }
    ]
  },
  {
    "source_url": "https://www.woolworths.com.au/shop/productdetails/74217/maybelline-falsies-lashlift-blackest-black",
    "name": "Maybelline Falsies Lashlift Blackest Black Each",
    "image_url": "https://cdn1.woolworths.media/content/wowproductimages/large/074217.jpg",
    "source_id": "Woolworths - 74217",
    "barcode": "41554578478",
    "category_id": "1_894D0A8",
    "shop": "Woolworths",
    "weight": "10ML",
    "prices": [
      {
        "state": "NSW",
        "price": "2600",
        "price_per_unit": "2708",
        "price_unit": "ML"
      },
      {
        "state": "VIC",
        "price": "2600",
        "price_per_unit": "2708",
        "price_unit": "ML"
      },
      {
        "state": "QLD",
        "price": "2600",
        "price_per_unit": "2708",
        "price_unit": "ML"
      },
      {
        "state": "WA",
        "price": "2600",
        "price_per_unit": "2708",
        "price_unit": "ML"
      },
      {
        "state": "SA",
        "price": "2600",
        "price_per_unit": "2708",
        "price_unit": "ML"
      },
      {
        "state": "TAS",
        "price": "2600",
        "price_per_unit": "2708",
        "price_unit": "ML"
      },
      {
        "state": "ACT",
        "price": "2600",
        "price_per_unit": "2708",
        "price_unit": "ML"
      },
      {
        "state": "NT",
        "price": "2730",
        "price_per_unit": "2844",
        "price_unit": "ML"
      }
    ]
  },
  {
    "source_url": "https://www.woolworths.com.au/shop/productdetails/198606/maybelline-great-lash-volumizing-mascara-blackest-black",
    "name": "Maybelline Great Lash Volumizing Mascara - Blackest Black 12.7ml",
    "image_url": "https://cdn1.woolworths.media/content/wowproductimages/large/198606.jpg",
    "source_id": "Woolworths - 198606",
    "barcode": "41554670745",
    "category_id": "1_894D0A8",
    "shop": "Woolworths",
    "weight": "10ML",
    "prices": [
      {
        "state": "NSW",
        "price": "1500",
        "price_per_unit": "1181",
        "price_unit": "ML"
      },
      {
        "state": "WA",
        "price": "1500",
        "price_per_unit": "1181",
        "price_unit": "ML"
      },
      {
        "state": "SA",
        "price": "1500",
        "price_per_unit": "1181",
        "price_unit": "ML"
      },
      {
        "state": "ACT",
        "price": "1500",
        "price_per_unit": "1181",
        "price_unit": "ML"
      }
    ]
  },
  {
    "source_url": "https://www.woolworths.com.au/shop/productdetails/41998/maybelline-great-lash-volumizing-waterproof-mascara-very-black",
    "name": "Maybelline Great Lash Volumizing Waterproof Mascara- Very Black 12.7ml",
    "image_url": "https://cdn1.woolworths.media/content/wowproductimages/large/041998.jpg",
    "source_id": "Woolworths - 41998",
    "barcode": "41554626964",
    "category_id": "1_894D0A8",
    "shop": "Woolworths",
    "weight": "10ML",
    "prices": [
      {
        "state": "NSW",
        "price": "1500",
        "price_per_unit": "1181",
        "price_unit": "ML"
      },
      {
        "state": "WA",
        "price": "1500",
        "price_per_unit": "1181",
        "price_unit": "ML"
      },
      {
        "state": "SA",
        "price": "1500",
        "price_per_unit": "1181",
        "price_unit": "ML"
      },
      {
        "state": "ACT",
        "price": "1500",
        "price_per_unit": "1181",
        "price_unit": "ML"
      }
    ]
  },
  {
    "source_url": "https://www.woolworths.com.au/shop/productdetails/74975/maybelline-hyper-easy-brush-tip-lip-liner-black",
    "name": "Maybelline Hyper Easy Brush Tip Lip Liner Black Each",
    "image_url": "https://cdn1.woolworths.media/content/wowproductimages/large/074975.jpg",
    "source_id": "Woolworths - 74975",
    "barcode": "41554578607",
    "category_id": "1_894D0A8",
    "shop": "Woolworths",
    "weight": "10ML",
    "prices": [
      {
        "state": "NSW",
        "price": "2000",
        "price_per_unit": "36364",
        "price_unit": "ML"
      },
      {
        "state": "WA",
        "price": "2000",
        "price_per_unit": "36364",
        "price_unit": "ML"
      },
      {
        "state": "SA",
        "price": "2000",
        "price_per_unit": "36364",
        "price_unit": "ML"
      },
      {
        "state": "ACT",
        "price": "2000",
        "price_per_unit": "36364",
        "price_unit": "ML"
      }
    ]
  },
  {
    "source_url": "https://www.woolworths.com.au/shop/productdetails/877442/maybelline-hypersharp-eyeliner-black",
    "name": "Maybelline Hypersharp Eyeliner - Black Each",
    "image_url": "https://cdn1.woolworths.media/content/wowproductimages/large/877442.jpg",
    "source_id": "Woolworths - 877442",
    "barcode": "9344329094939",
    "category_id": "1_894D0A8",
    "shop": "Woolworths",
    "weight": "10ML",
    "prices": [
      {
        "state": "NSW",
        "price": "2000",
        "price_per_unit": "40000",
        "price_unit": "ML"
      },
      {
        "state": "VIC",
        "price": "2000",
        "price_per_unit": "40000",
        "price_unit": "ML"
      },
      {
        "state": "QLD",
        "price": "2000",
        "price_per_unit": "40000",
        "price_unit": "ML"
      },
      {
        "state": "WA",
        "price": "2000",
        "price_per_unit": "40000",
        "price_unit": "ML"
      },
      {
        "state": "SA",
        "price": "2000",
        "price_per_unit": "40000",
        "price_unit": "ML"
      },
      {
        "state": "TAS",
        "price": "2000",
        "price_per_unit": "40000",
        "price_unit": "ML"
      },
      {
        "state": "ACT",
        "price": "2000",
        "price_per_unit": "40000",
        "price_unit": "ML"
      },
      {
        "state": "NT",
        "price": "2000",
        "price_per_unit": "40000",
        "price_unit": "ML"
      }
    ]
  },
  {
    "source_url": "https://www.woolworths.com.au/shop/productdetails/906709/maybelline-lash-sensational-fireworks",
    "name": "Maybelline Lash Sensational Fireworks each",
    "image_url": "https://cdn1.woolworths.media/content/wowproductimages/large/906709.jpg",
    "source_id": "Woolworths - 906709",
    "barcode": "9344329261461",
    "category_id": "1_894D0A8",
    "shop": "Woolworths",
    "weight": "10ML",
    "prices": [
      {
        "state": "NSW",
        "price": "2900",
        "price_per_unit": "2900",
        "price_unit": "ML"
      },
      {
        "state": "VIC",
        "price": "2900",
        "price_per_unit": "2900",
        "price_unit": "ML"
      },
      {
        "state": "QLD",
        "price": "2900",
        "price_per_unit": "2900",
        "price_unit": "ML"
      },
      {
        "state": "WA",
        "price": "2900",
        "price_per_unit": "2900",
        "price_unit": "ML"
      },
      {
        "state": "SA",
        "price": "2900",
        "price_per_unit": "2900",
        "price_unit": "ML"
      },
      {
        "state": "TAS",
        "price": "2900",
        "price_per_unit": "2900",
        "price_unit": "ML"
      },
      {
        "state": "ACT",
        "price": "2900",
        "price_per_unit": "2900",
        "price_unit": "ML"
      },
      {
        "state": "NT",
        "price": "2900",
        "price_per_unit": "2900",
        "price_unit": "ML"
      }
    ]
  },
  {
    "source_url": "https://www.woolworths.com.au/shop/productdetails/877441/maybelline-lash-sensational-lengthening-mascara-very-black",
    "name": "Maybelline Lash Sensational Lengthening Mascara - Very Black 9ml",
    "image_url": "https://cdn1.woolworths.media/content/wowproductimages/large/877441.jpg",
    "source_id": "Woolworths - 877441",
    "barcode": "41554420647",
    "category_id": "1_894D0A8",
    "shop": "Woolworths",
    "weight": "10ML",
    "prices": [
      {
        "state": "NSW",
        "price": "2500",
        "price_per_unit": "2778",
        "price_unit": "ML"
      },
      {
        "state": "VIC",
        "price": "2500",
        "price_per_unit": "2778",
        "price_unit": "ML"
      },
      {
        "state": "QLD",
        "price": "2500",
        "price_per_unit": "2778",
        "price_unit": "ML"
      },
      {
        "state": "WA",
        "price": "2500",
        "price_per_unit": "2778",
        "price_unit": "ML"
      },
      {
        "state": "SA",
        "price": "2500",
        "price_per_unit": "2778",
        "price_unit": "ML"
      },
      {
        "state": "TAS",
        "price": "2500",
        "price_per_unit": "2778",
        "price_unit": "ML"
      },
      {
        "state": "ACT",
        "price": "2500",
        "price_per_unit": "2778",
        "price_unit": "ML"
      },
      {
        "state": "NT",
        "price": "2500",
        "price_per_unit": "2778",
        "price_unit": "ML"
      }
    ]
  },
  {
    "source_url": "https://www.woolworths.com.au/shop/productdetails/818816/maybelline-lash-sensational-serum",
    "name": "Maybelline Lash Sensational Serum 5.3ml",
    "image_url": "https://cdn1.woolworths.media/content/wowproductimages/large/818816.jpg",
    "source_id": "Woolworths - 818816",
    "barcode": "41554554076",
    "category_id": "1_894D0A8",
    "shop": "Woolworths",
    "weight": "10ML",
    "prices": [
      {
        "state": "NSW",
        "price": "2600",
        "price_per_unit": "4906",
        "price_unit": "ML"
      },
      {
        "state": "WA",
        "price": "2600",
        "price_per_unit": "4906",
        "price_unit": "ML"
      },
      {
        "state": "SA",
        "price": "2600",
        "price_per_unit": "4906",
        "price_unit": "ML"
      },
      {
        "state": "ACT",
        "price": "2600",
        "price_per_unit": "4906",
        "price_unit": "ML"
      }
    ]
  },
  {
    "source_url": "https://www.woolworths.com.au/shop/productdetails/258797/maybelline-lash-sensational-sky-high-brown-mascara",
    "name": "Maybelline Lash Sensational Sky High Brown Mascara 7ml",
    "image_url": "https://cdn1.woolworths.media/content/wowproductimages/large/258797.jpg",
    "source_id": "Woolworths - 258797",
    "barcode": "9344329247342",
    "category_id": "1_894D0A8",
    "shop": "Woolworths",
    "weight": "10ML",
    "prices": [
      {
        "state": "NSW",
        "price": "2600",
        "price_per_unit": "3714",
        "price_unit": "ML"
      },
      {
        "state": "WA",
        "price": "2600",
        "price_per_unit": "3714",
        "price_unit": "ML"
      },
      {
        "state": "SA",
        "price": "2600",
        "price_per_unit": "3714",
        "price_unit": "ML"
      },
      {
        "state": "ACT",
        "price": "2600",
        "price_per_unit": "3714",
        "price_unit": "ML"
      }
    ]
  },
  {
    "source_url": "https://www.woolworths.com.au/shop/productdetails/137908/maybelline-lash-sensational-sky-high-mascara-black-washable",
    "name": "Maybelline Lash Sensational Sky High Mascara Black Washable Each",
    "image_url": "https://cdn1.woolworths.media/content/wowproductimages/large/137908.jpg",
    "source_id": "Woolworths - 137908",
    "barcode": "41554590517",
    "category_id": "1_894D0A8",
    "shop": "Woolworths",
    "weight": "10ML",
    "prices": [
      {
        "state": "NSW",
        "price": "2600",
        "price_per_unit": "3611",
        "price_unit": "ML"
      },
      {
        "state": "VIC",
        "price": "2600",
        "price_per_unit": "3611",
        "price_unit": "ML"
      },
      {
        "state": "QLD",
        "price": "2600",
        "price_per_unit": "3611",
        "price_unit": "ML"
      },
      {
        "state": "WA",
        "price": "2600",
        "price_per_unit": "3611",
        "price_unit": "ML"
      },
      {
        "state": "SA",
        "price": "2600",
        "price_per_unit": "3611",
        "price_unit": "ML"
      },
      {
        "state": "TAS",
        "price": "2600",
        "price_per_unit": "3611",
        "price_unit": "ML"
      },
      {
        "state": "ACT",
        "price": "2600",
        "price_per_unit": "3611",
        "price_unit": "ML"
      },
      {
        "state": "NT",
        "price": "2730",
        "price_per_unit": "3792",
        "price_unit": "ML"
      }
    ]
  },
  {
    "source_url": "https://www.woolworths.com.au/shop/productdetails/198626/maybelline-lash-sensational-sky-high-mascara-cosmic-black",
    "name": "Maybelline Lash Sensational Sky High Mascara Cosmic Black Each",
    "image_url": "https://cdn1.woolworths.media/content/wowproductimages/large/198626.jpg",
    "source_id": "Woolworths - 198626",
    "barcode": "41554071863",
    "category_id": "1_894D0A8",
    "shop": "Woolworths",
    "weight": "10ML",
    "prices": [
      {
        "state": "NSW",
        "price": "2600",
        "price_per_unit": "3611",
        "price_unit": "ML"
      },
      {
        "state": "VIC",
        "price": "2600",
        "price_per_unit": "3611",
        "price_unit": "ML"
      },
      {
        "state": "QLD",
        "price": "2600",
        "price_per_unit": "3611",
        "price_unit": "ML"
      },
      {
        "state": "WA",
        "price": "2600",
        "price_per_unit": "3611",
        "price_unit": "ML"
      },
      {
        "state": "SA",
        "price": "2600",
        "price_per_unit": "3611",
        "price_unit": "ML"
      },
      {
        "state": "ACT",
        "price": "2600",
        "price_per_unit": "3611",
        "price_unit": "ML"
      },
      {
        "state": "NT",
        "price": "2730",
        "price_per_unit": "3792",
        "price_unit": "ML"
      }
    ]
  },
  {
    "source_url": "https://www.woolworths.com.au/shop/productdetails/918225/maybelline-lasting-drama-eyeliner-blackout",
    "name": "Maybelline Lasting Drama Eyeliner Blackout each",
    "image_url": "https://cdn1.woolworths.media/content/wowproductimages/large/918225.jpg",
    "source_id": "Woolworths - 918225",
    "barcode": "9344329265568",
    "category_id": "1_894D0A8",
    "shop": "Woolworths",
    "weight": "1EA",
    "prices": [
      {
        "state": "NSW",
        "price": "1600",
        "price_per_unit": "1600",
        "price_unit": "EA"
      },
      {
        "state": "VIC",
        "price": "1600",
        "price_per_unit": "1600",
        "price_unit": "EA"
      },
      {
        "state": "QLD",
        "price": "1600",
        "price_per_unit": "1600",
        "price_unit": "EA"
      },
      {
        "state": "WA",
        "price": "1600",
        "price_per_unit": "1600",
        "price_unit": "EA"
      },
      {
        "state": "SA",
        "price": "1600",
        "price_per_unit": "1600",
        "price_unit": "EA"
      },
      {
        "state": "TAS",
        "price": "1600",
        "price_per_unit": "1600",
        "price_unit": "EA"
      },
      {
        "state": "ACT",
        "price": "1600",
        "price_per_unit": "1600",
        "price_unit": "EA"
      },
      {
        "state": "NT",
        "price": "1600",
        "price_per_unit": "1600",
        "price_unit": "EA"
      }
    ]
  },
  {
    "source_url": "https://www.woolworths.com.au/shop/productdetails/54927/maybelline-master-precise-all-day-liquid-eye-liner-precise-black",
    "name": "Maybelline Master Precise All Day Liquid Eye Liner Precise Black Each",
    "image_url": "https://cdn1.woolworths.media/content/wowproductimages/large/054927.jpg",
    "source_id": "Woolworths - 54927",
    "barcode": "41554568226",
    "category_id": "1_894D0A8",
    "shop": "Woolworths",
    "weight": "10ML",
    "prices": [
      {
        "state": "NSW",
        "price": "2000",
        "price_per_unit": "20000",
        "price_unit": "ML"
      },
      {
        "state": "VIC",
        "price": "2000",
        "price_per_unit": "20000",
        "price_unit": "ML"
      },
      {
        "state": "QLD",
        "price": "2000",
        "price_per_unit": "20000",
        "price_unit": "ML"
      },
      {
        "state": "WA",
        "price": "2000",
        "price_per_unit": "20000",
        "price_unit": "ML"
      },
      {
        "state": "SA",
        "price": "2000",
        "price_per_unit": "20000",
        "price_unit": "ML"
      },
      {
        "state": "TAS",
        "price": "2000",
        "price_per_unit": "20000",
        "price_unit": "ML"
      },
      {
        "state": "ACT",
        "price": "2000",
        "price_per_unit": "20000",
        "price_unit": "ML"
      },
      {
        "state": "NT",
        "price": "2000",
        "price_per_unit": "20000",
        "price_unit": "ML"
      }
    ]
  },
  {
    "source_url": "https://www.woolworths.com.au/shop/productdetails/918080/maybelline-super-lock-brow-glue",
    "name": "Maybelline Super Lock Brow Glue each",
    "image_url": "https://cdn1.woolworths.media/content/wowproductimages/large/918080.jpg",
    "source_id": "Woolworths - 918080",
    "barcode": "9344329264929",
    "category_id": "1_894D0A8",
    "shop": "Woolworths",
    "weight": "1EA",
    "prices": [
      {
        "state": "NSW",
        "price": "1900",
        "price_per_unit": "1900",
        "price_unit": "EA"
      },
      {
        "state": "VIC",
        "price": "1900",
        "price_per_unit": "1900",
        "price_unit": "EA"
      },
      {
        "state": "QLD",
        "price": "1900",
        "price_per_unit": "1900",
        "price_unit": "EA"
      },
      {
        "state": "WA",
        "price": "1900",
        "price_per_unit": "1900",
        "price_unit": "EA"
      },
      {
        "state": "SA",
        "price": "1900",
        "price_per_unit": "1900",
        "price_unit": "EA"
      },
      {
        "state": "TAS",
        "price": "1900",
        "price_per_unit": "1900",
        "price_unit": "EA"
      },
      {
        "state": "ACT",
        "price": "1900",
        "price_per_unit": "1900",
        "price_unit": "EA"
      },
      {
        "state": "NT",
        "price": "1900",
        "price_per_unit": "1900",
        "price_unit": "EA"
      }
    ]
  },
  {
    "source_url": "https://www.woolworths.com.au/shop/productdetails/145223/maybelline-tattoo-brow-36hr-eyebrow-pencil-deep-brown",
    "name": "Maybelline Tattoo Brow 36HR Eyebrow Pencil Deep Brown each",
    "image_url": "https://cdn1.woolworths.media/content/wowproductimages/large/145223.jpg",
    "source_id": "Woolworths - 145223",
    "barcode": "41554588705",
    "category_id": "1_894D0A8",
    "shop": "Woolworths",
    "weight": "10G",
    "prices": [
      {
        "state": "NSW",
        "price": "2400",
        "price_per_unit": "2400",
        "price_unit": "G"
      },
      {
        "state": "SA",
        "price": "2400",
        "price_per_unit": "2400",
        "price_unit": "G"
      },
      {
        "state": "ACT",
        "price": "2400",
        "price_per_unit": "2400",
        "price_unit": "G"
      }
    ]
  },
  {
    "source_url": "https://www.woolworths.com.au/shop/productdetails/139099/maybelline-tattoo-brow-36hr-pencil-medium-brown",
    "name": "Maybelline Tattoo Brow 36hr Pencil Medium Brown 5ml",
    "image_url": "https://cdn1.woolworths.media/content/wowproductimages/large/139099.jpg",
    "source_id": "Woolworths - 139099",
    "barcode": "41554588729",
    "category_id": "1_894D0A8",
    "shop": "Woolworths",
    "weight": "10ML",
    "prices": [
      {
        "state": "NSW",
        "price": "2400",
        "price_per_unit": "4800",
        "price_unit": "ML"
      },
      {
        "state": "WA",
        "price": "2400",
        "price_per_unit": "4800",
        "price_unit": "ML"
      },
      {
        "state": "SA",
        "price": "2400",
        "price_per_unit": "4800",
        "price_unit": "ML"
      },
      {
        "state": "ACT",
        "price": "2400",
        "price_per_unit": "4800",
        "price_unit": "ML"
      }
    ]
  },
  {
    "source_url": "https://www.woolworths.com.au/shop/productdetails/213354/maybelline-the-colossal-curl-bounce-mascara-blackest-black",
    "name": "Maybelline The Colossal Curl Bounce Mascara Blackest Black 10ml",
    "image_url": "https://cdn1.woolworths.media/content/wowproductimages/large/213354.jpg",
    "source_id": "Woolworths - 213354",
    "barcode": "41554069556",
    "category_id": "1_894D0A8",
    "shop": "Woolworths",
    "weight": "10ML",
    "prices": [
      {
        "state": "NSW",
        "price": "2600",
        "price_per_unit": "2600",
        "price_unit": "ML"
      },
      {
        "state": "WA",
        "price": "2600",
        "price_per_unit": "2600",
        "price_unit": "ML"
      },
      {
        "state": "SA",
        "price": "2600",
        "price_per_unit": "2600",
        "price_unit": "ML"
      },
      {
        "state": "ACT",
        "price": "2600",
        "price_per_unit": "2600",
        "price_unit": "ML"
      }
    ]
  },
  {
    "source_url": "https://www.woolworths.com.au/shop/productdetails/399901/maybelline-the-colossal-mascara-classic-black",
    "name": "Maybelline The Colossal Mascara Classic Black 9.2ml",
    "image_url": "https://cdn1.woolworths.media/content/wowproductimages/large/399901.jpg",
    "source_id": "Woolworths - 399901",
    "barcode": "9344329253565",
    "category_id": "1_894D0A8",
    "shop": "Woolworths",
    "weight": "10ML",
    "prices": [
      {
        "state": "NSW",
        "price": "2100",
        "price_per_unit": "2283",
        "price_unit": "ML"
      },
      {
        "state": "WA",
        "price": "2100",
        "price_per_unit": "2283",
        "price_unit": "ML"
      },
      {
        "state": "SA",
        "price": "2100",
        "price_per_unit": "2283",
        "price_unit": "ML"
      },
      {
        "state": "ACT",
        "price": "2100",
        "price_per_unit": "2283",
        "price_unit": "ML"
      }
    ]
  },
  {
    "source_url": "https://www.woolworths.com.au/shop/productdetails/398127/maybelline-the-colossal-mascara-glam-black",
    "name": "Maybelline The Colossal Mascara Glam Black 9.2ml",
    "image_url": "https://cdn1.woolworths.media/content/wowproductimages/large/398127.jpg",
    "source_id": "Woolworths - 398127",
    "barcode": "9344329253572",
    "category_id": "1_894D0A8",
    "shop": "Woolworths",
    "weight": "10ML",
    "prices": [
      {
        "state": "NSW",
        "price": "2100",
        "price_per_unit": "2283",
        "price_unit": "ML"
      },
      {
        "state": "VIC",
        "price": "2100",
        "price_per_unit": "2283",
        "price_unit": "ML"
      },
      {
        "state": "QLD",
        "price": "2100",
        "price_per_unit": "2283",
        "price_unit": "ML"
      },
      {
        "state": "WA",
        "price": "2100",
        "price_per_unit": "2283",
        "price_unit": "ML"
      },
      {
        "state": "SA",
        "price": "2100",
        "price_per_unit": "2283",
        "price_unit": "ML"
      },
      {
        "state": "TAS",
        "price": "2100",
        "price_per_unit": "2283",
        "price_unit": "ML"
      },
      {
        "state": "ACT",
        "price": "2100",
        "price_per_unit": "2283",
        "price_unit": "ML"
      },
      {
        "state": "NT",
        "price": "2100",
        "price_per_unit": "2283",
        "price_unit": "ML"
      }
    ]
  },
  {
    "source_url": "https://www.woolworths.com.au/shop/productdetails/399583/maybelline-the-colossal-mascara-waterproof-glam-black",
    "name": "Maybelline The Colossal Mascara Waterproof Glam Black 10ml",
    "image_url": "https://cdn1.woolworths.media/content/wowproductimages/large/399583.jpg",
    "source_id": "Woolworths - 399583",
    "barcode": "9344329253558",
    "category_id": "1_894D0A8",
    "shop": "Woolworths",
    "weight": "10ML",
    "prices": [
      {
        "state": "NSW",
        "price": "2100",
        "price_per_unit": "2100",
        "price_unit": "ML"
      },
      {
        "state": "WA",
        "price": "2100",
        "price_per_unit": "2100",
        "price_unit": "ML"
      },
      {
        "state": "SA",
        "price": "2100",
        "price_per_unit": "2100",
        "price_unit": "ML"
      },
      {
        "state": "ACT",
        "price": "2100",
        "price_per_unit": "2100",
        "price_unit": "ML"
      }
    ]
  },
  {
    "source_url": "https://www.woolworths.com.au/shop/productdetails/430980/maybelline-the-falsies-mascara-blackest-black",
    "name": "Maybelline The Falsies Mascara Blackest Black 10ml",
    "image_url": "https://cdn1.woolworths.media/content/wowproductimages/large/430980.jpg",
    "source_id": "Woolworths - 430980",
    "barcode": "9344329253541",
    "category_id": "1_894D0A8",
    "shop": "Woolworths",
    "weight": "10ML",
    "prices": [
      {
        "state": "NSW",
        "price": "2100",
        "price_per_unit": "2100",
        "price_unit": "ML"
      },
      {
        "state": "VIC",
        "price": "2100",
        "price_per_unit": "2100",
        "price_unit": "ML"
      },
      {
        "state": "QLD",
        "price": "2100",
        "price_per_unit": "2100",
        "price_unit": "ML"
      },
      {
        "state": "WA",
        "price": "2100",
        "price_per_unit": "2100",
        "price_unit": "ML"
      },
      {
        "state": "SA",
        "price": "2100",
        "price_per_unit": "2100",
        "price_unit": "ML"
      },
      {
        "state": "TAS",
        "price": "2100",
        "price_per_unit": "2100",
        "price_unit": "ML"
      },
      {
        "state": "ACT",
        "price": "2100",
        "price_per_unit": "2100",
        "price_unit": "ML"
      },
      {
        "state": "NT",
        "price": "2100",
        "price_per_unit": "2100",
        "price_unit": "ML"
      }
    ]
  },
  {
    "source_url": "https://www.woolworths.com.au/shop/productdetails/313902/maybelline-the-falsies-surreal-mascara",
    "name": "Maybelline The Falsies Surreal Mascara 10mL",
    "image_url": "https://cdn1.woolworths.media/content/wowproductimages/large/313902.jpg",
    "source_id": "Woolworths - 313902",
    "barcode": "9344329253329",
    "category_id": "1_894D0A8",
    "shop": "Woolworths",
    "weight": "10ML",
    "prices": [
      {
        "state": "NSW",
        "price": "2700",
        "price_per_unit": "2700",
        "price_unit": "ML"
      },
      {
        "state": "VIC",
        "price": "2700",
        "price_per_unit": "2700",
        "price_unit": "ML"
      },
      {
        "state": "QLD",
        "price": "2700",
        "price_per_unit": "2700",
        "price_unit": "ML"
      },
      {
        "state": "WA",
        "price": "2700",
        "price_per_unit": "2700",
        "price_unit": "ML"
      },
      {
        "state": "SA",
        "price": "2700",
        "price_per_unit": "2700",
        "price_unit": "ML"
      },
      {
        "state": "TAS",
        "price": "2700",
        "price_per_unit": "2700",
        "price_unit": "ML"
      },
      {
        "state": "ACT",
        "price": "2700",
        "price_per_unit": "2700",
        "price_unit": "ML"
      },
      {
        "state": "NT",
        "price": "2700",
        "price_per_unit": "2700",
        "price_unit": "ML"
      }
    ]
  },
  {
    "source_url": "https://www.woolworths.com.au/shop/productdetails/313907/maybelline-the-falsies-surreal-waterproof-mascara",
    "name": "Maybelline The Falsies Surreal Waterproof Mascara 10mL",
    "image_url": "https://cdn1.woolworths.media/content/wowproductimages/large/313907.jpg",
    "source_id": "Woolworths - 313907",
    "barcode": "9344329253435",
    "category_id": "1_894D0A8",
    "shop": "Woolworths",
    "weight": "10ML",
    "prices": [
      {
        "state": "NSW",
        "price": "2800",
        "price_per_unit": "2800",
        "price_unit": "ML"
      },
      {
        "state": "VIC",
        "price": "2800",
        "price_per_unit": "2800",
        "price_unit": "ML"
      },
      {
        "state": "QLD",
        "price": "2800",
        "price_per_unit": "2800",
        "price_unit": "ML"
      },
      {
        "state": "WA",
        "price": "2800",
        "price_per_unit": "2800",
        "price_unit": "ML"
      },
      {
        "state": "SA",
        "price": "2800",
        "price_per_unit": "2800",
        "price_unit": "ML"
      },
      {
        "state": "TAS",
        "price": "2800",
        "price_per_unit": "2800",
        "price_unit": "ML"
      },
      {
        "state": "ACT",
        "price": "2800",
        "price_per_unit": "2800",
        "price_unit": "ML"
      },
      {
        "state": "NT",
        "price": "2800",
        "price_per_unit": "2800",
        "price_unit": "ML"
      }
    ]
  },
  {
    "source_url": "https://www.woolworths.com.au/shop/productdetails/403989/maybelline-the-falsies-waterproof-mascara-very-black",
    "name": "Maybelline The Falsies Waterproof Mascara Very Black 10ml",
    "image_url": "https://cdn1.woolworths.media/content/wowproductimages/large/403989.jpg",
    "source_id": "Woolworths - 403989",
    "barcode": "9344329253534",
    "category_id": "1_894D0A8",
    "shop": "Woolworths",
    "weight": "10ML",
    "prices": [
      {
        "state": "NSW",
        "price": "2100",
        "price_per_unit": "2100",
        "price_unit": "ML"
      },
      {
        "state": "WA",
        "price": "2100",
        "price_per_unit": "2100",
        "price_unit": "ML"
      },
      {
        "state": "SA",
        "price": "2100",
        "price_per_unit": "2100",
        "price_unit": "ML"
      },
      {
        "state": "ACT",
        "price": "2100",
        "price_per_unit": "2100",
        "price_unit": "ML"
      }
    ]
  },
  {
    "source_url": "https://www.woolworths.com.au/shop/productdetails/504110/mcobeauty-brow-boss-glue-set-light-medium",
    "name": "MCoBeauty Brow Boss Glue & Set Light Medium 8g",
    "image_url": "https://cdn1.woolworths.media/content/wowproductimages/large/504110.jpg",
    "source_id": "Woolworths - 504110",
    "barcode": "9331880028060",
    "category_id": "1_894D0A8",
    "shop": "Woolworths",
    "weight": "10G",
    "prices": [
      {
        "state": "NSW",
        "price": "1800",
        "price_per_unit": "2250",
        "price_unit": "G"
      },
      {
        "state": "SA",
        "price": "1800",
        "price_per_unit": "2250",
        "price_unit": "G"
      },
      {
        "state": "ACT",
        "price": "1800",
        "price_per_unit": "2250",
        "price_unit": "G"
      }
    ]
  },
  {
    "source_url": "https://www.woolworths.com.au/shop/productdetails/504273/mcobeauty-brow-boss-glue-set-medium-dark",
    "name": "MCoBeauty Brow Boss Glue & Set Medium Dark 8g",
    "image_url": "https://cdn1.woolworths.media/content/wowproductimages/large/504273.jpg",
    "source_id": "Woolworths - 504273",
    "barcode": "9331880028077",
    "category_id": "1_894D0A8",
    "shop": "Woolworths",
    "weight": "10G",
    "prices": [
      {
        "state": "NSW",
        "price": "1800",
        "price_per_unit": "2250",
        "price_unit": "G"
      },
      {
        "state": "SA",
        "price": "1800",
        "price_per_unit": "2250",
        "price_unit": "G"
      },
      {
        "state": "ACT",
        "price": "1800",
        "price_per_unit": "2250",
        "price_unit": "G"
      }
    ]
  },
  {
    "source_url": "https://www.woolworths.com.au/shop/productdetails/135448/mcobeauty-brow-fill-set-light-medium",
    "name": "MCoBeauty Brow Fill & Set Light/Medium Each",
    "image_url": "https://cdn1.woolworths.media/content/wowproductimages/large/135448.jpg",
    "source_id": "Woolworths - 135448",
    "barcode": "9331880013172",
    "category_id": "1_894D0A8",
    "shop": "Woolworths",
    "weight": "10ML",
    "prices": [
      {
        "state": "NSW",
        "price": "2000",
        "price_per_unit": "3333",
        "price_unit": "ML"
      },
      {
        "state": "VIC",
        "price": "2000",
        "price_per_unit": "3333",
        "price_unit": "ML"
      },
      {
        "state": "QLD",
        "price": "2000",
        "price_per_unit": "3333",
        "price_unit": "ML"
      },
      {
        "state": "SA",
        "price": "2000",
        "price_per_unit": "3333",
        "price_unit": "ML"
      },
      {
        "state": "ACT",
        "price": "2000",
        "price_per_unit": "3333",
        "price_unit": "ML"
      },
      {
        "state": "NT",
        "price": "2000",
        "price_per_unit": "3333",
        "price_unit": "ML"
      }
    ]
  },
  {
    "source_url": "https://www.woolworths.com.au/shop/productdetails/247933/mcobeauty-brow-laminate-sculpt-set",
    "name": "MCoBeauty Brow Laminate Sculpt & Set 8.5ml",
    "image_url": "https://cdn1.woolworths.media/content/wowproductimages/large/247933.jpg",
    "source_id": "Woolworths - 247933",
    "barcode": "9331880019815",
    "category_id": "1_894D0A8",
    "shop": "Woolworths",
    "weight": "10ML",
    "prices": [
      {
        "state": "NSW",
        "price": "2400",
        "price_per_unit": "2824",
        "price_unit": "ML"
      },
      {
        "state": "VIC",
        "price": "2400",
        "price_per_unit": "2824",
        "price_unit": "ML"
      },
      {
        "state": "QLD",
        "price": "2400",
        "price_per_unit": "2824",
        "price_unit": "ML"
      },
      {
        "state": "WA",
        "price": "2400",
        "price_per_unit": "2824",
        "price_unit": "ML"
      },
      {
        "state": "SA",
        "price": "2400",
        "price_per_unit": "2824",
        "price_unit": "ML"
      },
      {
        "state": "TAS",
        "price": "2400",
        "price_per_unit": "2824",
        "price_unit": "ML"
      },
      {
        "state": "ACT",
        "price": "2400",
        "price_per_unit": "2824",
        "price_unit": "ML"
      },
      {
        "state": "NT",
        "price": "2520",
        "price_per_unit": "2965",
        "price_unit": "ML"
      }
    ]
  },
  {
    "source_url": "https://www.woolworths.com.au/shop/productdetails/902884/mcobeauty-brow-wax-sculpt-set",
    "name": "MCoBeauty Brow Wax Sculpt & Set 1.3g",
    "image_url": "https://cdn1.woolworths.media/content/wowproductimages/large/902884.jpg",
    "source_id": "Woolworths - 902884",
    "barcode": "9331880031954",
    "category_id": "1_894D0A8",
    "shop": "Woolworths",
    "weight": "10G",
    "prices": [
      {
        "state": "NSW",
        "price": "2400",
        "price_per_unit": "18462",
        "price_unit": "G"
      },
      {
        "state": "WA",
        "price": "2400",
        "price_per_unit": "18462",
        "price_unit": "G"
      },
      {
        "state": "SA",
        "price": "2400",
        "price_per_unit": "18462",
        "price_unit": "G"
      },
      {
        "state": "TAS",
        "price": "2400",
        "price_per_unit": "18462",
        "price_unit": "G"
      },
      {
        "state": "ACT",
        "price": "2400",
        "price_per_unit": "18462",
        "price_unit": "G"
      },
      {
        "state": "NT",
        "price": "2400",
        "price_per_unit": "18462",
        "price_unit": "G"
      }
    ]
  },
  {
    "source_url": "https://www.woolworths.com.au/shop/productdetails/246804/mcobeauty-clear-brow-gel",
    "name": "MCoBeauty Clear Brow Gel 6.5ml",
    "image_url": "https://cdn1.woolworths.media/content/wowproductimages/large/246804.jpg",
    "source_id": "Woolworths - 246804",
    "barcode": "9331880019792",
    "category_id": "1_894D0A8",
    "shop": "Woolworths",
    "weight": "10ML",
    "prices": [
      {
        "state": "NSW",
        "price": "1600",
        "price_per_unit": "2462",
        "price_unit": "ML"
      },
      {
        "state": "VIC",
        "price": "1600",
        "price_per_unit": "2462",
        "price_unit": "ML"
      },
      {
        "state": "QLD",
        "price": "1600",
        "price_per_unit": "2462",
        "price_unit": "ML"
      },
      {
        "state": "WA",
        "price": "1600",
        "price_per_unit": "2462",
        "price_unit": "ML"
      },
      {
        "state": "SA",
        "price": "1600",
        "price_per_unit": "2462",
        "price_unit": "ML"
      },
      {
        "state": "TAS",
        "price": "1600",
        "price_per_unit": "2462",
        "price_unit": "ML"
      },
      {
        "state": "ACT",
        "price": "1600",
        "price_per_unit": "2462",
        "price_unit": "ML"
      },
      {
        "state": "NT",
        "price": "1680",
        "price_per_unit": "2585",
        "price_unit": "ML"
      }
    ]
  },
  {
    "source_url": "https://www.woolworths.com.au/shop/productdetails/244310/mcobeauty-dual-ended-pro-eyeliner",
    "name": "MCoBeauty Dual Ended Pro Eyeliner 0.6g",
    "image_url": "https://cdn1.woolworths.media/content/wowproductimages/large/244310.jpg",
    "source_id": "Woolworths - 244310",
    "barcode": "9331880019822",
    "category_id": "1_894D0A8",
    "shop": "Woolworths",
    "weight": "10G",
    "prices": [
      {
        "state": "NSW",
        "price": "1600",
        "price_per_unit": "26667",
        "price_unit": "G"
      },
      {
        "state": "VIC",
        "price": "1600",
        "price_per_unit": "26667",
        "price_unit": "G"
      },
      {
        "state": "QLD",
        "price": "1600",
        "price_per_unit": "26667",
        "price_unit": "G"
      },
      {
        "state": "WA",
        "price": "1600",
        "price_per_unit": "26667",
        "price_unit": "G"
      },
      {
        "state": "SA",
        "price": "1600",
        "price_per_unit": "26667",
        "price_unit": "G"
      },
      {
        "state": "ACT",
        "price": "1600",
        "price_per_unit": "26667",
        "price_unit": "G"
      }
    ]
  },
  {
    "source_url": "https://www.woolworths.com.au/shop/productdetails/502337/mcobeauty-dual-ended-pro-eyeliner-2-in-1-crayon-brush-chocolate",
    "name": "MCoBeauty Dual Ended Pro Eyeliner 2 In 1 Crayon & Brush Chocolate 0.6g",
    "image_url": "https://cdn1.woolworths.media/content/wowproductimages/large/502337.jpg",
    "source_id": "Woolworths - 502337",
    "barcode": "9331880028213",
    "category_id": "1_894D0A8",
    "shop": "Woolworths",
    "weight": "10G",
    "prices": [
      {
        "state": "NSW",
        "price": "1600",
        "price_per_unit": "26667",
        "price_unit": "G"
      },
      {
        "state": "VIC",
        "price": "1600",
        "price_per_unit": "26667",
        "price_unit": "G"
      },
      {
        "state": "QLD",
        "price": "1600",
        "price_per_unit": "26667",
        "price_unit": "G"
      },
      {
        "state": "WA",
        "price": "1600",
        "price_per_unit": "26667",
        "price_unit": "G"
      },
      {
        "state": "SA",
        "price": "1600",
        "price_per_unit": "26667",
        "price_unit": "G"
      },
      {
        "state": "TAS",
        "price": "1600",
        "price_per_unit": "26667",
        "price_unit": "G"
      },
      {
        "state": "ACT",
        "price": "1600",
        "price_per_unit": "26667",
        "price_unit": "G"
      },
      {
        "state": "NT",
        "price": "1600",
        "price_per_unit": "26667",
        "price_unit": "G"
      }
    ]
  },
  {
    "source_url": "https://www.woolworths.com.au/shop/productdetails/502585/mcobeauty-dual-ended-pro-smudge-eyeliner-black",
    "name": "MCoBeauty Dual Ended Pro Smudge Eyeliner Black each",
    "image_url": "https://cdn1.woolworths.media/content/wowproductimages/large/502585.jpg",
    "source_id": "Woolworths - 502585",
    "barcode": "9331880028138",
    "category_id": "1_894D0A8",
    "shop": "Woolworths",
    "weight": "10G",
    "prices": [
      {
        "state": "NSW",
        "price": "1600",
        "price_per_unit": "80000",
        "price_unit": "G"
      },
      {
        "state": "VIC",
        "price": "1600",
        "price_per_unit": "80000",
        "price_unit": "G"
      },
      {
        "state": "QLD",
        "price": "1600",
        "price_per_unit": "80000",
        "price_unit": "G"
      },
      {
        "state": "WA",
        "price": "1600",
        "price_per_unit": "80000",
        "price_unit": "G"
      },
      {
        "state": "SA",
        "price": "1600",
        "price_per_unit": "80000",
        "price_unit": "G"
      },
      {
        "state": "TAS",
        "price": "1600",
        "price_per_unit": "80000",
        "price_unit": "G"
      },
      {
        "state": "ACT",
        "price": "1600",
        "price_per_unit": "80000",
        "price_unit": "G"
      },
      {
        "state": "NT",
        "price": "1600",
        "price_per_unit": "80000",
        "price_unit": "G"
      }
    ]
  },
  {
    "source_url": "https://www.woolworths.com.au/shop/productdetails/198178/mcobeauty-everyday-perfect-brow-pencil-light-medium",
    "name": "MCoBeauty Everyday Perfect Brow Pencil Light/Medium 0.8g",
    "image_url": "https://cdn1.woolworths.media/content/wowproductimages/large/198178.jpg",
    "source_id": "Woolworths - 198178",
    "barcode": "9331880016432",
    "category_id": "1_894D0A8",
    "shop": "Woolworths",
    "weight": "1EA",
    "prices": [
      {
        "state": "NSW",
        "price": "1600",
        "price_per_unit": "1600",
        "price_unit": "EA"
      },
      {
        "state": "VIC",
        "price": "1600",
        "price_per_unit": "1600",
        "price_unit": "EA"
      },
      {
        "state": "QLD",
        "price": "1600",
        "price_per_unit": "1600",
        "price_unit": "EA"
      },
      {
        "state": "WA",
        "price": "1600",
        "price_per_unit": "1600",
        "price_unit": "EA"
      },
      {
        "state": "SA",
        "price": "1600",
        "price_per_unit": "1600",
        "price_unit": "EA"
      },
      {
        "state": "TAS",
        "price": "1600",
        "price_per_unit": "1600",
        "price_unit": "EA"
      },
      {
        "state": "ACT",
        "price": "1600",
        "price_per_unit": "1600",
        "price_unit": "EA"
      },
      {
        "state": "NT",
        "price": "1600",
        "price_per_unit": "1600",
        "price_unit": "EA"
      }
    ]
  },
  {
    "source_url": "https://www.woolworths.com.au/shop/productdetails/198497/mcobeauty-hair-brow-magic-wand",
    "name": "MCoBeauty Hair & Brow Magic Wand 10ml",
    "image_url": "https://cdn1.woolworths.media/content/wowproductimages/large/198497.jpg",
    "source_id": "Woolworths - 198497",
    "barcode": "9331880016395",
    "category_id": "1_894D0A8",
    "shop": "Woolworths",
    "weight": "10ML",
    "prices": [
      {
        "state": "NSW",
        "price": "1500",
        "price_per_unit": "1500",
        "price_unit": "ML"
      },
      {
        "state": "VIC",
        "price": "1500",
        "price_per_unit": "1500",
        "price_unit": "ML"
      },
      {
        "state": "QLD",
        "price": "1500",
        "price_per_unit": "1500",
        "price_unit": "ML"
      },
      {
        "state": "WA",
        "price": "1500",
        "price_per_unit": "1500",
        "price_unit": "ML"
      },
      {
        "state": "SA",
        "price": "1500",
        "price_per_unit": "1500",
        "price_unit": "ML"
      },
      {
        "state": "TAS",
        "price": "1500",
        "price_per_unit": "1500",
        "price_unit": "ML"
      },
      {
        "state": "ACT",
        "price": "1500",
        "price_per_unit": "1500",
        "price_unit": "ML"
      },
      {
        "state": "NT",
        "price": "1500",
        "price_per_unit": "1500",
        "price_unit": "ML"
      }
    ]
  },
  {
    "source_url": "https://www.woolworths.com.au/shop/productdetails/427856/mcobeauty-instant-brows-express-kit-medium-to-dark",
    "name": "MCoBeauty Instant Brows Express Kit Medium To Dark 1.5g",
    "image_url": "https://cdn1.woolworths.media/content/wowproductimages/large/427856.jpg",
    "source_id": "Woolworths - 427856",
    "barcode": "9331880006013",
    "category_id": "1_894D0A8",
    "shop": "Woolworths",
    "weight": "10G",
    "prices": [
      {
        "state": "NSW",
        "price": "1800",
        "price_per_unit": "12000",
        "price_unit": "G"
      },
      {
        "state": "VIC",
        "price": "1800",
        "price_per_unit": "12000",
        "price_unit": "G"
      },
      {
        "state": "QLD",
        "price": "1800",
        "price_per_unit": "12000",
        "price_unit": "G"
      },
      {
        "state": "WA",
        "price": "1800",
        "price_per_unit": "12000",
        "price_unit": "G"
      },
      {
        "state": "SA",
        "price": "1800",
        "price_per_unit": "12000",
        "price_unit": "G"
      },
      {
        "state": "ACT",
        "price": "1800",
        "price_per_unit": "12000",
        "price_unit": "G"
      },
      {
        "state": "NT",
        "price": "1800",
        "price_per_unit": "12000",
        "price_unit": "G"
      }
    ]
  },
  {
    "source_url": "https://www.woolworths.com.au/shop/productdetails/427850/mcobeauty-instant-brows-retractable-brown-pencil-light-medium",
    "name": "MCoBeauty Instant Brows Retractable Brown Pencil Light/Medium each",
    "image_url": "https://cdn1.woolworths.media/content/wowproductimages/large/427850.jpg",
    "source_id": "Woolworths - 427850",
    "barcode": "9331880006006",
    "category_id": "1_894D0A8",
    "shop": "Woolworths",
    "weight": "10G",
    "prices": [
      {
        "state": "NSW",
        "price": "1800",
        "price_per_unit": "12000",
        "price_unit": "G"
      },
      {
        "state": "VIC",
        "price": "1800",
        "price_per_unit": "12000",
        "price_unit": "G"
      },
      {
        "state": "QLD",
        "price": "1800",
        "price_per_unit": "12000",
        "price_unit": "G"
      },
      {
        "state": "WA",
        "price": "1800",
        "price_per_unit": "12000",
        "price_unit": "G"
      },
      {
        "state": "SA",
        "price": "1800",
        "price_per_unit": "12000",
        "price_unit": "G"
      },
      {
        "state": "ACT",
        "price": "1800",
        "price_per_unit": "12000",
        "price_unit": "G"
      },
      {
        "state": "NT",
        "price": "1800",
        "price_per_unit": "12000",
        "price_unit": "G"
      }
    ]
  },
  {
    "source_url": "https://www.woolworths.com.au/shop/productdetails/902880/mcobeauty-lash-brow-growth-super-boosting-serum",
    "name": "MCoBeauty Lash & Brow Growth Super Boosting Serum each",
    "image_url": "https://cdn1.woolworths.media/content/wowproductimages/large/902880.jpg",
    "source_id": "Woolworths - 902880",
    "barcode": "9331880031923",
    "category_id": "1_894D0A8",
    "shop": "Woolworths",
    "weight": "10ML",
    "prices": [
      {
        "state": "NSW",
        "price": "4900",
        "price_per_unit": "6125",
        "price_unit": "ML"
      },
      {
        "state": "VIC",
        "price": "4900",
        "price_per_unit": "6125",
        "price_unit": "ML"
      },
      {
        "state": "QLD",
        "price": "4900",
        "price_per_unit": "6125",
        "price_unit": "ML"
      },
      {
        "state": "WA",
        "price": "4900",
        "price_per_unit": "6125",
        "price_unit": "ML"
      },
      {
        "state": "SA",
        "price": "4900",
        "price_per_unit": "6125",
        "price_unit": "ML"
      },
      {
        "state": "TAS",
        "price": "4900",
        "price_per_unit": "6125",
        "price_unit": "ML"
      },
      {
        "state": "ACT",
        "price": "4900",
        "price_per_unit": "6125",
        "price_unit": "ML"
      },
      {
        "state": "NT",
        "price": "4900",
        "price_per_unit": "6125",
        "price_unit": "ML"
      }
    ]
  },
  {
    "source_url": "https://www.woolworths.com.au/shop/productdetails/793981/mcobeauty-magic-brows-blonde",
    "name": "MCoBeauty Magic Brows Blonde 3.5ml",
    "image_url": "https://cdn1.woolworths.media/content/wowproductimages/large/793981.jpg",
    "source_id": "Woolworths - 793981",
    "barcode": "9331880005719",
    "category_id": "1_894D0A8",
    "shop": "Woolworths",
    "weight": "10ML",
    "prices": [
      {
        "state": "NSW",
        "price": "2000",
        "price_per_unit": "5714",
        "price_unit": "ML"
      },
      {
        "state": "VIC",
        "price": "2000",
        "price_per_unit": "5714",
        "price_unit": "ML"
      },
      {
        "state": "QLD",
        "price": "2000",
        "price_per_unit": "5714",
        "price_unit": "ML"
      },
      {
        "state": "WA",
        "price": "2000",
        "price_per_unit": "5714",
        "price_unit": "ML"
      },
      {
        "state": "SA",
        "price": "2000",
        "price_per_unit": "5714",
        "price_unit": "ML"
      },
      {
        "state": "TAS",
        "price": "2000",
        "price_per_unit": "5714",
        "price_unit": "ML"
      },
      {
        "state": "ACT",
        "price": "2000",
        "price_per_unit": "5714",
        "price_unit": "ML"
      },
      {
        "state": "NT",
        "price": "2000",
        "price_per_unit": "5714",
        "price_unit": "ML"
      }
    ]
  },
  {
    "source_url": "https://www.woolworths.com.au/shop/productdetails/789174/mcobeauty-magic-brows-medium-dark-medium-to-dark",
    "name": "MCoBeauty Magic Brows Medium Dark 3.5ml",
    "image_url": "https://cdn1.woolworths.media/content/wowproductimages/large/789174.jpg",
    "source_id": "Woolworths - 789174",
    "barcode": "9331880005726",
    "category_id": "1_894D0A8",
    "shop": "Woolworths",
    "weight": "10ML",
    "prices": [
      {
        "state": "NSW",
        "price": "2000",
        "price_per_unit": "5714",
        "price_unit": "ML"
      },
      {
        "state": "WA",
        "price": "2000",
        "price_per_unit": "5714",
        "price_unit": "ML"
      },
      {
        "state": "SA",
        "price": "2000",
        "price_per_unit": "5714",
        "price_unit": "ML"
      },
      {
        "state": "TAS",
        "price": "2000",
        "price_per_unit": "5714",
        "price_unit": "ML"
      },
      {
        "state": "ACT",
        "price": "2000",
        "price_per_unit": "5714",
        "price_unit": "ML"
      },
      {
        "state": "NT",
        "price": "2000",
        "price_per_unit": "5714",
        "price_unit": "ML"
      }
    ]
  },
  {
    "source_url": "https://www.woolworths.com.au/shop/productdetails/902881/mcobeauty-micro-brow-ultra-fine-crayon-light-medium",
    "name": "MCoBeauty Micro Brow Ultra Fine Crayon Light/Medium each",
    "image_url": "https://cdn1.woolworths.media/content/wowproductimages/large/902881.jpg",
    "source_id": "Woolworths - 902881",
    "barcode": "9331880031930",
    "category_id": "1_894D0A8",
    "shop": "Woolworths",
    "weight": "1EA",
    "prices": [
      {
        "state": "NSW",
        "price": "1800",
        "price_per_unit": "1800",
        "price_unit": "EA"
      },
      {
        "state": "WA",
        "price": "1800",
        "price_per_unit": "1800",
        "price_unit": "EA"
      },
      {
        "state": "SA",
        "price": "1800",
        "price_per_unit": "1800",
        "price_unit": "EA"
      },
      {
        "state": "TAS",
        "price": "1800",
        "price_per_unit": "1800",
        "price_unit": "EA"
      },
      {
        "state": "ACT",
        "price": "1800",
        "price_per_unit": "1800",
        "price_unit": "EA"
      },
      {
        "state": "NT",
        "price": "1800",
        "price_per_unit": "1800",
        "price_unit": "EA"
      }
    ]
  },
  {
    "source_url": "https://www.woolworths.com.au/shop/productdetails/902883/mcobeauty-micro-brow-ultra-fine-crayon-medium-dark",
    "name": "MCoBeauty Micro Brow Ultra Fine Crayon Medium/Dark each",
    "image_url": "https://cdn1.woolworths.media/content/wowproductimages/large/902883.jpg",
    "source_id": "Woolworths - 902883",
    "barcode": "9331880031947",
    "category_id": "1_894D0A8",
    "shop": "Woolworths",
    "weight": "0",
    "prices": [
      {
        "state": "NSW",
        "price": "1800",
        "price_per_unit": null,
        "price_unit": ""
      },
      {
        "state": "WA",
        "price": "1800",
        "price_per_unit": null,
        "price_unit": ""
      },
      {
        "state": "SA",
        "price": "1800",
        "price_per_unit": null,
        "price_unit": ""
      },
      {
        "state": "TAS",
        "price": "1800",
        "price_per_unit": null,
        "price_unit": ""
      },
      {
        "state": "ACT",
        "price": "1800",
        "price_per_unit": null,
        "price_unit": ""
      },
      {
        "state": "NT",
        "price": "1800",
        "price_per_unit": null,
        "price_unit": ""
      }
    ]
  },
  {
    "source_url": "https://www.woolworths.com.au/shop/productdetails/503964/mcobeauty-mini-winged-eyeliner-black",
    "name": "MCoBeauty Mini Winged Eyeliner Black 2mL",
    "image_url": "https://cdn1.woolworths.media/content/wowproductimages/large/503964.jpg",
    "source_id": "Woolworths - 503964",
    "barcode": "9331880028053",
    "category_id": "1_894D0A8",
    "shop": "Woolworths",
    "weight": "10ML",
    "prices": [
      {
        "state": "NSW",
        "price": "1600",
        "price_per_unit": "8000",
        "price_unit": "ML"
      },
      {
        "state": "VIC",
        "price": "1600",
        "price_per_unit": "8000",
        "price_unit": "ML"
      },
      {
        "state": "QLD",
        "price": "1600",
        "price_per_unit": "8000",
        "price_unit": "ML"
      },
      {
        "state": "WA",
        "price": "1600",
        "price_per_unit": "8000",
        "price_unit": "ML"
      },
      {
        "state": "SA",
        "price": "1600",
        "price_per_unit": "8000",
        "price_unit": "ML"
      },
      {
        "state": "TAS",
        "price": "1600",
        "price_per_unit": "8000",
        "price_unit": "ML"
      },
      {
        "state": "ACT",
        "price": "1600",
        "price_per_unit": "8000",
        "price_unit": "ML"
      },
      {
        "state": "NT",
        "price": "1600",
        "price_per_unit": "8000",
        "price_unit": "ML"
      }
    ]
  },
  {
    "source_url": "https://www.woolworths.com.au/shop/productdetails/63861/mcobeauty-precision-brow-light-medium",
    "name": "MCoBeauty Precision Brow Light Medium 0.22g",
    "image_url": "https://cdn1.woolworths.media/content/wowproductimages/large/063861.jpg",
    "source_id": "Woolworths - 63861",
    "barcode": "9331880009342",
    "category_id": "1_894D0A8",
    "shop": "Woolworths",
    "weight": "10G",
    "prices": [
      {
        "state": "NSW",
        "price": "1400",
        "price_per_unit": "63636",
        "price_unit": "G"
      },
      {
        "state": "SA",
        "price": "1400",
        "price_per_unit": "63636",
        "price_unit": "G"
      },
      {
        "state": "ACT",
        "price": "1400",
        "price_per_unit": "63636",
        "price_unit": "G"
      }
    ]
  },
  {
    "source_url": "https://www.woolworths.com.au/shop/productdetails/617706/mcobeauty-precision-brow-super-fine-liner",
    "name": "MCoBeauty Precision Brow Super Fine Liner 0.22g",
    "image_url": "https://cdn1.woolworths.media/content/wowproductimages/large/617706.jpg",
    "source_id": "Woolworths - 617706",
    "barcode": "9331880006433",
    "category_id": "1_894D0A8",
    "shop": "Woolworths",
    "weight": "10G",
    "prices": [
      {
        "state": "NSW",
        "price": "1400",
        "price_per_unit": "63636",
        "price_unit": "G"
      },
      {
        "state": "WA",
        "price": "1400",
        "price_per_unit": "63636",
        "price_unit": "G"
      },
      {
        "state": "SA",
        "price": "1400",
        "price_per_unit": "63636",
        "price_unit": "G"
      },
      {
        "state": "TAS",
        "price": "1400",
        "price_per_unit": "63636",
        "price_unit": "G"
      },
      {
        "state": "ACT",
        "price": "1400",
        "price_per_unit": "63636",
        "price_unit": "G"
      }
    ]
  },
  {
    "source_url": "https://www.woolworths.com.au/shop/productdetails/103807/neutrogena-oil-free-eye-make-up-remover-free-retinol-regeneratingcream",
    "name": "Neutrogena Oil-Free Eye Make-Up Remover 200mL",
    "image_url": "https://cdn1.woolworths.media/content/wowproductimages/large/103807.jpg",
    "source_id": "Woolworths - 103807",
    "barcode": "9300607562873",
    "category_id": "1_894D0A8",
    "shop": "Woolworths",
    "weight": "100ML",
    "prices": [
      {
        "state": "NSW",
        "price": "1260",
        "price_per_unit": "630",
        "price_unit": "ML"
      },
      {
        "state": "VIC",
        "price": "1260",
        "price_per_unit": "630",
        "price_unit": "ML"
      },
      {
        "state": "QLD",
        "price": "1260",
        "price_per_unit": "630",
        "price_unit": "ML"
      },
      {
        "state": "WA",
        "price": "1260",
        "price_per_unit": "630",
        "price_unit": "ML"
      },
      {
        "state": "SA",
        "price": "1260",
        "price_per_unit": "630",
        "price_unit": "ML"
      },
      {
        "state": "TAS",
        "price": "1260",
        "price_per_unit": "630",
        "price_unit": "ML"
      },
      {
        "state": "ACT",
        "price": "1260",
        "price_per_unit": "630",
        "price_unit": "ML"
      },
      {
        "state": "NT",
        "price": "1260",
        "price_per_unit": "630",
        "price_unit": "ML"
      }
    ]
  },
  {
    "source_url": "https://www.woolworths.com.au/shop/productdetails/13865/nivea-extra-gentle-eye-makeup-remover-with-provitamin-b5",
    "name": "Nivea Extra Gentle Eye Makeup Remover With Provitamin B5 125mL",
    "image_url": "https://cdn1.woolworths.media/content/wowproductimages/large/013865.jpg",
    "source_id": "Woolworths - 13865",
    "barcode": "4005900102294",
    "category_id": "1_894D0A8",
    "shop": "Woolworths",
    "weight": "100ML",
    "prices": [
      {
        "state": "NSW",
        "price": "1050",
        "price_per_unit": "840",
        "price_unit": "ML"
      },
      {
        "state": "VIC",
        "price": "1050",
        "price_per_unit": "840",
        "price_unit": "ML"
      },
      {
        "state": "QLD",
        "price": "1050",
        "price_per_unit": "840",
        "price_unit": "ML"
      },
      {
        "state": "WA",
        "price": "1050",
        "price_per_unit": "840",
        "price_unit": "ML"
      },
      {
        "state": "SA",
        "price": "1050",
        "price_per_unit": "840",
        "price_unit": "ML"
      },
      {
        "state": "TAS",
        "price": "1050",
        "price_per_unit": "840",
        "price_unit": "ML"
      },
      {
        "state": "ACT",
        "price": "1050",
        "price_per_unit": "840",
        "price_unit": "ML"
      },
      {
        "state": "NT",
        "price": "1050",
        "price_per_unit": "840",
        "price_unit": "ML"
      }
    ]
  },
  {
    "source_url": "https://www.woolworths.com.au/shop/productdetails/63863/mcobeauty-tattoo-brow-microblading-ink-pen-medium-brown",
    "name": "MCoBeauty Tattoo Brow Microblading Ink Pen Medium Brown 1.5mL",
    "image_url": "https://cdn1.woolworths.media/content/wowproductimages/large/063863.jpg",
    "source_id": "Woolworths - 63863",
    "barcode": "9331880009359",
    "category_id": "1_894D0A8",
    "shop": "Woolworths",
    "weight": "10ML",
    "prices": [
      {
        "state": "NSW",
        "price": "1800",
        "price_per_unit": "12000",
        "price_unit": "ML"
      },
      {
        "state": "SA",
        "price": "1800",
        "price_per_unit": "12000",
        "price_unit": "ML"
      },
      {
        "state": "ACT",
        "price": "1800",
        "price_per_unit": "12000",
        "price_unit": "ML"
      }
    ]
  },
  {
    "source_url": "https://www.woolworths.com.au/shop/productdetails/674267/mcobeauty-waterproof-eye-define-crayon-pencil-liner",
    "name": "MCoBeauty Waterproof Eye Define Crayon Pencil Liner 1.8g",
    "image_url": "https://cdn1.woolworths.media/content/wowproductimages/large/674267.jpg",
    "source_id": "Woolworths - 674267",
    "barcode": "9331880006983",
    "category_id": "1_894D0A8",
    "shop": "Woolworths",
    "weight": "10G",
    "prices": [
      {
        "state": "NSW",
        "price": "1200",
        "price_per_unit": "6667",
        "price_unit": "G"
      },
      {
        "state": "VIC",
        "price": "1200",
        "price_per_unit": "6667",
        "price_unit": "G"
      },
      {
        "state": "QLD",
        "price": "1200",
        "price_per_unit": "6667",
        "price_unit": "G"
      },
      {
        "state": "WA",
        "price": "1200",
        "price_per_unit": "6667",
        "price_unit": "G"
      },
      {
        "state": "SA",
        "price": "1200",
        "price_per_unit": "6667",
        "price_unit": "G"
      },
      {
        "state": "TAS",
        "price": "1200",
        "price_per_unit": "6667",
        "price_unit": "G"
      },
      {
        "state": "ACT",
        "price": "1200",
        "price_per_unit": "6667",
        "price_unit": "G"
      },
      {
        "state": "NT",
        "price": "1260",
        "price_per_unit": "7000",
        "price_unit": "G"
      }
    ]
  },
  {
    "source_url": "https://www.woolworths.com.au/shop/productdetails/691800/mcobeauty-waterproof-full-lash-mascara-waterproof",
    "name": "MCoBeauty Waterproof Full Lash Mascara 15mL",
    "image_url": "https://cdn1.woolworths.media/content/wowproductimages/large/691800.jpg",
    "source_id": "Woolworths - 691800",
    "barcode": "9331880007065",
    "category_id": "1_894D0A8",
    "shop": "Woolworths",
    "weight": "10ML",
    "prices": [
      {
        "state": "NSW",
        "price": "2200",
        "price_per_unit": "1467",
        "price_unit": "ML"
      },
      {
        "state": "VIC",
        "price": "2200",
        "price_per_unit": "1467",
        "price_unit": "ML"
      },
      {
        "state": "QLD",
        "price": "2200",
        "price_per_unit": "1467",
        "price_unit": "ML"
      },
      {
        "state": "WA",
        "price": "2200",
        "price_per_unit": "1467",
        "price_unit": "ML"
      },
      {
        "state": "SA",
        "price": "2200",
        "price_per_unit": "1467",
        "price_unit": "ML"
      },
      {
        "state": "ACT",
        "price": "2200",
        "price_per_unit": "1467",
        "price_unit": "ML"
      }
    ]
  },
  {
    "source_url": "https://www.woolworths.com.au/shop/productdetails/691812/mcobeauty-winged-eyeliner-stamp-liquid-liner-duo",
    "name": "MCoBeauty Winged Eyeliner Stamp & Liquid Liner Duo 3mL",
    "image_url": "https://cdn1.woolworths.media/content/wowproductimages/large/691812.jpg",
    "source_id": "Woolworths - 691812",
    "barcode": "9331880007591",
    "category_id": "1_894D0A8",
    "shop": "Woolworths",
    "weight": "10ML",
    "prices": [
      {
        "state": "NSW",
        "price": "1600",
        "price_per_unit": "5333",
        "price_unit": "ML"
      },
      {
        "state": "SA",
        "price": "1600",
        "price_per_unit": "5333",
        "price_unit": "ML"
      },
      {
        "state": "ACT",
        "price": "1600",
        "price_per_unit": "5333",
        "price_unit": "ML"
      }
    ]
  },
  {
    "source_url": "https://www.woolworths.com.au/shop/productdetails/397103/mcobeauty-xtend-brows-shape-sculpt-pencil-light-medium",
    "name": "MCoBeauty Xtend Brows Shape & Sculpt Pencil Light Medium 0.1g",
    "image_url": "https://cdn1.woolworths.media/content/wowproductimages/large/397103.jpg",
    "source_id": "Woolworths - 397103",
    "barcode": "9331880023638",
    "category_id": "1_894D0A8",
    "shop": "Woolworths",
    "weight": "10G",
    "prices": [
      {
        "state": "NSW",
        "price": "1600",
        "price_per_unit": "160000",
        "price_unit": "G"
      },
      {
        "state": "VIC",
        "price": "1600",
        "price_per_unit": "160000",
        "price_unit": "G"
      },
      {
        "state": "QLD",
        "price": "1600",
        "price_per_unit": "160000",
        "price_unit": "G"
      },
      {
        "state": "WA",
        "price": "1600",
        "price_per_unit": "160000",
        "price_unit": "G"
      },
      {
        "state": "SA",
        "price": "1600",
        "price_per_unit": "160000",
        "price_unit": "G"
      },
      {
        "state": "TAS",
        "price": "1600",
        "price_per_unit": "160000",
        "price_unit": "G"
      },
      {
        "state": "ACT",
        "price": "1600",
        "price_per_unit": "160000",
        "price_unit": "G"
      },
      {
        "state": "NT",
        "price": "1600",
        "price_per_unit": "160000",
        "price_unit": "G"
      }
    ]
  },
  {
    "source_url": "https://www.woolworths.com.au/shop/productdetails/394299/mcobeauty-xtend-brows-shape-sculpt-pencil-medium-dark",
    "name": "MCoBeauty Xtend Brows Shape & Sculpt Pencil Medium Dark 0.1g",
    "image_url": "https://cdn1.woolworths.media/content/wowproductimages/large/394299.jpg",
    "source_id": "Woolworths - 394299",
    "barcode": "9331880023645",
    "category_id": "1_894D0A8",
    "shop": "Woolworths",
    "weight": "10G",
    "prices": [
      {
        "state": "NSW",
        "price": "1600",
        "price_per_unit": "160000",
        "price_unit": "G"
      },
      {
        "state": "VIC",
        "price": "1600",
        "price_per_unit": "160000",
        "price_unit": "G"
      },
      {
        "state": "QLD",
        "price": "1600",
        "price_per_unit": "160000",
        "price_unit": "G"
      },
      {
        "state": "SA",
        "price": "1600",
        "price_per_unit": "160000",
        "price_unit": "G"
      },
      {
        "state": "TAS",
        "price": "1600",
        "price_per_unit": "160000",
        "price_unit": "G"
      },
      {
        "state": "ACT",
        "price": "1600",
        "price_per_unit": "160000",
        "price_unit": "G"
      },
      {
        "state": "NT",
        "price": "1600",
        "price_per_unit": "160000",
        "price_unit": "G"
      }
    ]
  },
  {
    "source_url": "https://www.woolworths.com.au/shop/productdetails/397092/mcobeauty-xtend-brows-treatment-gel-clear",
    "name": "MCoBeauty Xtend Brows Treatment Gel Clear 4g",
    "image_url": "https://cdn1.woolworths.media/content/wowproductimages/large/397092.jpg",
    "source_id": "Woolworths - 397092",
    "barcode": "9331880023621",
    "category_id": "1_894D0A8",
    "shop": "Woolworths",
    "weight": "10G",
    "prices": [
      {
        "state": "NSW",
        "price": "2000",
        "price_per_unit": "5000",
        "price_unit": "G"
      },
      {
        "state": "VIC",
        "price": "2000",
        "price_per_unit": "5000",
        "price_unit": "G"
      },
      {
        "state": "WA",
        "price": "2000",
        "price_per_unit": "5000",
        "price_unit": "G"
      },
      {
        "state": "SA",
        "price": "2000",
        "price_per_unit": "5000",
        "price_unit": "G"
      },
      {
        "state": "TAS",
        "price": "2000",
        "price_per_unit": "5000",
        "price_unit": "G"
      },
      {
        "state": "ACT",
        "price": "2000",
        "price_per_unit": "5000",
        "price_unit": "G"
      },
      {
        "state": "NT",
        "price": "2000",
        "price_per_unit": "5000",
        "price_unit": "G"
      }
    ]
  },
  {
    "source_url": "https://www.woolworths.com.au/shop/productdetails/396283/mcobeauty-xtend-brows-treatment-gel-light-medium",
    "name": "MCoBeauty Xtend Brows Treatment Gel Light/ Medium 4g",
    "image_url": "https://cdn1.woolworths.media/content/wowproductimages/large/396283.jpg",
    "source_id": "Woolworths - 396283",
    "barcode": "9331880023607",
    "category_id": "1_894D0A8",
    "shop": "Woolworths",
    "weight": "10G",
    "prices": [
      {
        "state": "NSW",
        "price": "2000",
        "price_per_unit": "5000",
        "price_unit": "G"
      },
      {
        "state": "VIC",
        "price": "2000",
        "price_per_unit": "5000",
        "price_unit": "G"
      },
      {
        "state": "QLD",
        "price": "2000",
        "price_per_unit": "5000",
        "price_unit": "G"
      },
      {
        "state": "WA",
        "price": "2000",
        "price_per_unit": "5000",
        "price_unit": "G"
      },
      {
        "state": "SA",
        "price": "2000",
        "price_per_unit": "5000",
        "price_unit": "G"
      },
      {
        "state": "TAS",
        "price": "2000",
        "price_per_unit": "5000",
        "price_unit": "G"
      },
      {
        "state": "ACT",
        "price": "2000",
        "price_per_unit": "5000",
        "price_unit": "G"
      },
      {
        "state": "NT",
        "price": "2000",
        "price_per_unit": "5000",
        "price_unit": "G"
      }
    ]
  },
  {
    "source_url": "https://www.woolworths.com.au/shop/productdetails/398580/mcobeauty-xtend-brows-treatment-gel-medium-dark",
    "name": "MCoBeauty Xtend Brows Treatment Gel Medium Dark 4g",
    "image_url": "https://cdn1.woolworths.media/content/wowproductimages/large/398580.jpg",
    "source_id": "Woolworths - 398580",
    "barcode": "9331880023614",
    "category_id": "1_894D0A8",
    "shop": "Woolworths",
    "weight": "10G",
    "prices": [
      {
        "state": "NSW",
        "price": "2000",
        "price_per_unit": "5000",
        "price_unit": "G"
      },
      {
        "state": "VIC",
        "price": "2000",
        "price_per_unit": "5000",
        "price_unit": "G"
      },
      {
        "state": "QLD",
        "price": "2000",
        "price_per_unit": "5000",
        "price_unit": "G"
      },
      {
        "state": "WA",
        "price": "2000",
        "price_per_unit": "5000",
        "price_unit": "G"
      },
      {
        "state": "SA",
        "price": "2000",
        "price_per_unit": "5000",
        "price_unit": "G"
      },
      {
        "state": "TAS",
        "price": "2000",
        "price_per_unit": "5000",
        "price_unit": "G"
      },
      {
        "state": "ACT",
        "price": "2000",
        "price_per_unit": "5000",
        "price_unit": "G"
      },
      {
        "state": "NT",
        "price": "2000",
        "price_per_unit": "5000",
        "price_unit": "G"
      }
    ]
  },
  {
    "source_url": "https://www.woolworths.com.au/shop/productdetails/394732/mcobeauty-xtend-lash-clear-mascara",
    "name": "MCoBeauty Xtend Lash Clear Mascara 8ml",
    "image_url": "https://cdn1.woolworths.media/content/wowproductimages/large/394732.jpg",
    "source_id": "Woolworths - 394732",
    "barcode": "9331880023591",
    "category_id": "1_894D0A8",
    "shop": "Woolworths",
    "weight": "10ML",
    "prices": [
      {
        "state": "NSW",
        "price": "1800",
        "price_per_unit": "2250",
        "price_unit": "ML"
      },
      {
        "state": "VIC",
        "price": "1800",
        "price_per_unit": "2250",
        "price_unit": "ML"
      },
      {
        "state": "QLD",
        "price": "1800",
        "price_per_unit": "2250",
        "price_unit": "ML"
      },
      {
        "state": "WA",
        "price": "1800",
        "price_per_unit": "2250",
        "price_unit": "ML"
      },
      {
        "state": "SA",
        "price": "1800",
        "price_per_unit": "2250",
        "price_unit": "ML"
      },
      {
        "state": "TAS",
        "price": "1800",
        "price_per_unit": "2250",
        "price_unit": "ML"
      },
      {
        "state": "ACT",
        "price": "1800",
        "price_per_unit": "2250",
        "price_unit": "ML"
      },
      {
        "state": "NT",
        "price": "1800",
        "price_per_unit": "2250",
        "price_unit": "ML"
      }
    ]
  },
  {
    "source_url": "https://www.woolworths.com.au/shop/productdetails/395909/mcobeauty-xtend-lash-growth-serum-mascara-black",
    "name": "MCoBeauty Xtend Lash Growth Serum Mascara Black 7ml",
    "image_url": "https://cdn1.woolworths.media/content/wowproductimages/large/395909.jpg",
    "source_id": "Woolworths - 395909",
    "barcode": "9331880023690",
    "category_id": "1_894D0A8",
    "shop": "Woolworths",
    "weight": "10ML",
    "prices": [
      {
        "state": "NSW",
        "price": "3400",
        "price_per_unit": "4857",
        "price_unit": "ML"
      },
      {
        "state": "VIC",
        "price": "3400",
        "price_per_unit": "4857",
        "price_unit": "ML"
      },
      {
        "state": "QLD",
        "price": "3400",
        "price_per_unit": "4857",
        "price_unit": "ML"
      },
      {
        "state": "WA",
        "price": "3400",
        "price_per_unit": "4857",
        "price_unit": "ML"
      },
      {
        "state": "SA",
        "price": "3400",
        "price_per_unit": "4857",
        "price_unit": "ML"
      },
      {
        "state": "ACT",
        "price": "3400",
        "price_per_unit": "4857",
        "price_unit": "ML"
      },
      {
        "state": "NT",
        "price": "3400",
        "price_per_unit": "4857",
        "price_unit": "ML"
      }
    ]
  },
  {
    "source_url": "https://www.woolworths.com.au/shop/productdetails/763392/mcobeauty-xtendlash-mascara-black",
    "name": "MCoBeauty XtendLash Mascara Black each",
    "image_url": "https://cdn1.woolworths.media/content/wowproductimages/large/763392.jpg",
    "source_id": "Woolworths - 763392",
    "barcode": "9331880005214",
    "category_id": "1_894D0A8",
    "shop": "Woolworths",
    "weight": "10ML",
    "prices": [
      {
        "state": "NSW",
        "price": "2800",
        "price_per_unit": "4000",
        "price_unit": "ML"
      },
      {
        "state": "VIC",
        "price": "2800",
        "price_per_unit": "4000",
        "price_unit": "ML"
      },
      {
        "state": "QLD",
        "price": "2800",
        "price_per_unit": "4000",
        "price_unit": "ML"
      },
      {
        "state": "WA",
        "price": "2800",
        "price_per_unit": "4000",
        "price_unit": "ML"
      },
      {
        "state": "SA",
        "price": "2800",
        "price_per_unit": "4000",
        "price_unit": "ML"
      },
      {
        "state": "TAS",
        "price": "2800",
        "price_per_unit": "4000",
        "price_unit": "ML"
      },
      {
        "state": "ACT",
        "price": "2800",
        "price_per_unit": "4000",
        "price_unit": "ML"
      },
      {
        "state": "NT",
        "price": "2800",
        "price_per_unit": "4000",
        "price_unit": "ML"
      }
    ]
  },
  {
    "source_url": "https://www.woolworths.com.au/shop/productdetails/272195/mcobeauty-xtendlash-mascara-black-brown",
    "name": "MCoBeauty Xtendlash Mascara Black-Brown 7ml",
    "image_url": "https://cdn1.woolworths.media/content/wowproductimages/large/272195.jpg",
    "source_id": "Woolworths - 272195",
    "barcode": "9331880021825",
    "category_id": "1_894D0A8",
    "shop": "Woolworths",
    "weight": "10ML",
    "prices": [
      {
        "state": "NSW",
        "price": "2800",
        "price_per_unit": "4000",
        "price_unit": "ML"
      },
      {
        "state": "VIC",
        "price": "2800",
        "price_per_unit": "4000",
        "price_unit": "ML"
      },
      {
        "state": "QLD",
        "price": "2800",
        "price_per_unit": "4000",
        "price_unit": "ML"
      },
      {
        "state": "WA",
        "price": "2800",
        "price_per_unit": "4000",
        "price_unit": "ML"
      },
      {
        "state": "SA",
        "price": "2800",
        "price_per_unit": "4000",
        "price_unit": "ML"
      },
      {
        "state": "TAS",
        "price": "2800",
        "price_per_unit": "4000",
        "price_unit": "ML"
      },
      {
        "state": "ACT",
        "price": "2800",
        "price_per_unit": "4000",
        "price_unit": "ML"
      },
      {
        "state": "NT",
        "price": "2800",
        "price_per_unit": "4000",
        "price_unit": "ML"
      }
    ]
  },
  {
    "source_url": "https://www.woolworths.com.au/shop/productdetails/953622/revlon-all-in-tubing-mascara-blackest-black-201",
    "name": "Revlon All In Tubing Mascara Blackest Black 201 12.9mL",
    "image_url": "https://cdn1.woolworths.media/content/wowproductimages/large/953622.jpg",
    "source_id": "Woolworths - 953622",
    "barcode": "9370700077017",
    "category_id": "1_894D0A8",
    "shop": "Woolworths",
    "weight": "10ML",
    "prices": [
      {
        "state": "NSW",
        "price": "1820",
        "price_per_unit": "1411",
        "price_unit": "ML"
      },
      {
        "state": "VIC",
        "price": "1820",
        "price_per_unit": "1411",
        "price_unit": "ML"
      },
      {
        "state": "QLD",
        "price": "1820",
        "price_per_unit": "1411",
        "price_unit": "ML"
      },
      {
        "state": "SA",
        "price": "1820",
        "price_per_unit": "1411",
        "price_unit": "ML"
      },
      {
        "state": "TAS",
        "price": "1820",
        "price_per_unit": "1411",
        "price_unit": "ML"
      },
      {
        "state": "ACT",
        "price": "1820",
        "price_per_unit": "1411",
        "price_unit": "ML"
      }
    ]
  },
  {
    "source_url": "https://www.woolworths.com.au/shop/productdetails/815308/revlon-color-stay-brow-pencil-soft-brown",
    "name": "Revlon Color Stay Brow Pencil Soft Brown Each",
    "image_url": "https://cdn1.woolworths.media/content/wowproductimages/large/815308.jpg",
    "source_id": "Woolworths - 815308",
    "barcode": "309977643020",
    "category_id": "1_894D0A8",
    "shop": "Woolworths",
    "weight": "10G",
    "prices": [
      {
        "state": "NSW",
        "price": "1680",
        "price_per_unit": "48000",
        "price_unit": "G"
      },
      {
        "state": "VIC",
        "price": "1680",
        "price_per_unit": "48000",
        "price_unit": "G"
      },
      {
        "state": "QLD",
        "price": "1680",
        "price_per_unit": "48000",
        "price_unit": "G"
      },
      {
        "state": "WA",
        "price": "1680",
        "price_per_unit": "48000",
        "price_unit": "G"
      },
      {
        "state": "SA",
        "price": "1680",
        "price_per_unit": "48000",
        "price_unit": "G"
      },
      {
        "state": "TAS",
        "price": "1680",
        "price_per_unit": "48000",
        "price_unit": "G"
      },
      {
        "state": "ACT",
        "price": "1680",
        "price_per_unit": "48000",
        "price_unit": "G"
      },
      {
        "state": "NT",
        "price": "1680",
        "price_per_unit": "48000",
        "price_unit": "G"
      }
    ]
  },
  {
    "source_url": "https://www.woolworths.com.au/shop/productdetails/669234/revlon-colorstay-16hr-eyeshadow-addictive",
    "name": "Revlon Colorstay 16hr Eyeshadow Addictive 4.8g",
    "image_url": "https://cdn1.woolworths.media/content/wowproductimages/large/669234.jpg",
    "source_id": "Woolworths - 669234",
    "barcode": "9370700293233",
    "category_id": "1_894D0A8",
    "shop": "Woolworths",
    "weight": "10G",
    "prices": [
      {
        "state": "NSW",
        "price": "1890",
        "price_per_unit": "3938",
        "price_unit": "G"
      },
      {
        "state": "WA",
        "price": "1890",
        "price_per_unit": "3938",
        "price_unit": "G"
      },
      {
        "state": "SA",
        "price": "1890",
        "price_per_unit": "3938",
        "price_unit": "G"
      },
      {
        "state": "ACT",
        "price": "1890",
        "price_per_unit": "3938",
        "price_unit": "G"
      }
    ]
  },
  {
    "source_url": "https://www.woolworths.com.au/shop/productdetails/68730/revlon-colorstay-brow-fantasy-pencil-gel-dark-brown",
    "name": "Revlon ColorStay Brow Fantasy Pencil & Gel Dark Brown each",
    "image_url": "https://cdn1.woolworths.media/content/wowproductimages/large/068730.jpg",
    "source_id": "Woolworths - 68730",
    "barcode": "309970231125",
    "category_id": "1_894D0A8",
    "shop": "Woolworths",
    "weight": "1EA",
    "prices": [
      {
        "state": "NSW",
        "price": "1960",
        "price_per_unit": "1960",
        "price_unit": "EA"
      },
      {
        "state": "VIC",
        "price": "1960",
        "price_per_unit": "1960",
        "price_unit": "EA"
      },
      {
        "state": "QLD",
        "price": "1960",
        "price_per_unit": "1960",
        "price_unit": "EA"
      },
      {
        "state": "WA",
        "price": "1960",
        "price_per_unit": "1960",
        "price_unit": "EA"
      },
      {
        "state": "SA",
        "price": "1960",
        "price_per_unit": "1960",
        "price_unit": "EA"
      },
      {
        "state": "TAS",
        "price": "1960",
        "price_per_unit": "1960",
        "price_unit": "EA"
      },
      {
        "state": "ACT",
        "price": "1960",
        "price_per_unit": "1960",
        "price_unit": "EA"
      },
      {
        "state": "NT",
        "price": "1960",
        "price_per_unit": "1960",
        "price_unit": "EA"
      }
    ]
  },
  {
    "source_url": "https://www.woolworths.com.au/shop/productdetails/66518/revlon-colorstay-brow-fantasy-pencil-gel-soft-brown",
    "name": "Revlon Colorstay Brow Fantasy Pencil & Gel Soft Brown each",
    "image_url": "https://cdn1.woolworths.media/content/wowproductimages/large/066518.jpg",
    "source_id": "Woolworths - 66518",
    "barcode": "309970231101",
    "category_id": "1_894D0A8",
    "shop": "Woolworths",
    "weight": "1EA",
    "prices": [
      {
        "state": "NSW",
        "price": "1960",
        "price_per_unit": "1960",
        "price_unit": "EA"
      },
      {
        "state": "VIC",
        "price": "1960",
        "price_per_unit": "1960",
        "price_unit": "EA"
      },
      {
        "state": "QLD",
        "price": "1960",
        "price_per_unit": "1960",
        "price_unit": "EA"
      },
      {
        "state": "WA",
        "price": "1960",
        "price_per_unit": "1960",
        "price_unit": "EA"
      },
      {
        "state": "SA",
        "price": "1960",
        "price_per_unit": "1960",
        "price_unit": "EA"
      },
      {
        "state": "TAS",
        "price": "1960",
        "price_per_unit": "1960",
        "price_unit": "EA"
      },
      {
        "state": "ACT",
        "price": "1960",
        "price_per_unit": "1960",
        "price_unit": "EA"
      },
      {
        "state": "NT",
        "price": "1960",
        "price_per_unit": "1960",
        "price_unit": "EA"
      }
    ]
  },
  {
    "source_url": "https://www.woolworths.com.au/shop/productdetails/669223/revlon-colorstay-brow-makeup-pencil-dark-brown",
    "name": "Revlon Colorstay Brow Makeup Pencil Dark Brown 0.35g",
    "image_url": "https://cdn1.woolworths.media/content/wowproductimages/large/669223.jpg",
    "source_id": "Woolworths - 669223",
    "barcode": "309977643044",
    "category_id": "1_894D0A8",
    "shop": "Woolworths",
    "weight": "10G",
    "prices": [
      {
        "state": "NSW",
        "price": "1680",
        "price_per_unit": "48000",
        "price_unit": "G"
      },
      {
        "state": "VIC",
        "price": "1680",
        "price_per_unit": "48000",
        "price_unit": "G"
      },
      {
        "state": "QLD",
        "price": "1680",
        "price_per_unit": "48000",
        "price_unit": "G"
      },
      {
        "state": "WA",
        "price": "1680",
        "price_per_unit": "48000",
        "price_unit": "G"
      },
      {
        "state": "SA",
        "price": "1680",
        "price_per_unit": "48000",
        "price_unit": "G"
      },
      {
        "state": "TAS",
        "price": "1680",
        "price_per_unit": "48000",
        "price_unit": "G"
      },
      {
        "state": "ACT",
        "price": "1680",
        "price_per_unit": "48000",
        "price_unit": "G"
      },
      {
        "state": "NT",
        "price": "1680",
        "price_per_unit": "48000",
        "price_unit": "G"
      }
    ]
  },
  {
    "source_url": "https://www.woolworths.com.au/shop/productdetails/669242/revlon-colorstay-eye-liner-black",
    "name": "Revlon Colorstay Eye Liner Black 0.28g",
    "image_url": "https://cdn1.woolworths.media/content/wowproductimages/large/669242.jpg",
    "source_id": "Woolworths - 669242",
    "barcode": "309973978010",
    "category_id": "1_894D0A8",
    "shop": "Woolworths",
    "weight": "10G",
    "prices": [
      {
        "state": "NSW",
        "price": "1750",
        "price_per_unit": "62500",
        "price_unit": "G"
      },
      {
        "state": "VIC",
        "price": "1750",
        "price_per_unit": "62500",
        "price_unit": "G"
      },
      {
        "state": "QLD",
        "price": "1750",
        "price_per_unit": "62500",
        "price_unit": "G"
      },
      {
        "state": "WA",
        "price": "1750",
        "price_per_unit": "62500",
        "price_unit": "G"
      },
      {
        "state": "SA",
        "price": "1750",
        "price_per_unit": "62500",
        "price_unit": "G"
      },
      {
        "state": "TAS",
        "price": "1750",
        "price_per_unit": "62500",
        "price_unit": "G"
      },
      {
        "state": "ACT",
        "price": "1750",
        "price_per_unit": "62500",
        "price_unit": "G"
      }
    ]
  },
  {
    "source_url": "https://www.woolworths.com.au/shop/productdetails/669254/revlon-colorstay-eye-liner-black-brown",
    "name": "Revlon Colorstay Eye Liner Black Brown 0.28g",
    "image_url": "https://cdn1.woolworths.media/content/wowproductimages/large/669254.jpg",
    "source_id": "Woolworths - 669254",
    "barcode": "309973978027",
    "category_id": "1_894D0A8",
    "shop": "Woolworths",
    "weight": "10G",
    "prices": [
      {
        "state": "NSW",
        "price": "1750",
        "price_per_unit": "62500",
        "price_unit": "G"
      },
      {
        "state": "VIC",
        "price": "1750",
        "price_per_unit": "62500",
        "price_unit": "G"
      },
      {
        "state": "QLD",
        "price": "1750",
        "price_per_unit": "62500",
        "price_unit": "G"
      },
      {
        "state": "WA",
        "price": "1750",
        "price_per_unit": "62500",
        "price_unit": "G"
      },
      {
        "state": "SA",
        "price": "1750",
        "price_per_unit": "62500",
        "price_unit": "G"
      },
      {
        "state": "TAS",
        "price": "1750",
        "price_per_unit": "62500",
        "price_unit": "G"
      },
      {
        "state": "ACT",
        "price": "1750",
        "price_per_unit": "62500",
        "price_unit": "G"
      },
      {
        "state": "NT",
        "price": "1750",
        "price_per_unit": "62500",
        "price_unit": "G"
      }
    ]
  },
  {
    "source_url": "https://www.woolworths.com.au/shop/productdetails/669255/revlon-colorstay-eye-liner-charcoal",
    "name": "Revlon Colorstay Eye Liner Charcoal 0.28g",
    "image_url": "https://cdn1.woolworths.media/content/wowproductimages/large/669255.jpg",
    "source_id": "Woolworths - 669255",
    "barcode": "309973978041",
    "category_id": "1_894D0A8",
    "shop": "Woolworths",
    "weight": "10G",
    "prices": [
      {
        "state": "NSW",
        "price": "1750",
        "price_per_unit": "62500",
        "price_unit": "G"
      },
      {
        "state": "WA",
        "price": "1750",
        "price_per_unit": "62500",
        "price_unit": "G"
      },
      {
        "state": "SA",
        "price": "1750",
        "price_per_unit": "62500",
        "price_unit": "G"
      },
      {
        "state": "ACT",
        "price": "1750",
        "price_per_unit": "62500",
        "price_unit": "G"
      }
    ]
  },
  {
    "source_url": "https://www.woolworths.com.au/shop/productdetails/910954/revlon-colorstay-full-time-mascara-blackest-black",
    "name": "Revlon ColorStay Full Time Mascara Blackest Black each",
    "image_url": "https://cdn1.woolworths.media/content/wowproductimages/large/910954.jpg",
    "source_id": "Woolworths - 910954",
    "barcode": "309970211707",
    "category_id": "1_894D0A8",
    "shop": "Woolworths",
    "weight": "10ML",
    "prices": [
      {
        "state": "NSW",
        "price": "1750",
        "price_per_unit": "2333",
        "price_unit": "ML"
      },
      {
        "state": "VIC",
        "price": "1750",
        "price_per_unit": "2333",
        "price_unit": "ML"
      },
      {
        "state": "QLD",
        "price": "1750",
        "price_per_unit": "2333",
        "price_unit": "ML"
      },
      {
        "state": "WA",
        "price": "1750",
        "price_per_unit": "2333",
        "price_unit": "ML"
      },
      {
        "state": "SA",
        "price": "1750",
        "price_per_unit": "2333",
        "price_unit": "ML"
      },
      {
        "state": "TAS",
        "price": "1750",
        "price_per_unit": "2333",
        "price_unit": "ML"
      },
      {
        "state": "ACT",
        "price": "1750",
        "price_per_unit": "2333",
        "price_unit": "ML"
      },
      {
        "state": "NT",
        "price": "1750",
        "price_per_unit": "2333",
        "price_unit": "ML"
      }
    ]
  },
  {
    "source_url": "https://www.woolworths.com.au/shop/productdetails/392356/revlon-colorstay-micro-brow-pencil-dark-brown",
    "name": "Revlon Colorstay Micro Brow Pencil Dark Brown 0.09g",
    "image_url": "https://cdn1.woolworths.media/content/wowproductimages/large/392356.jpg",
    "source_id": "Woolworths - 392356",
    "barcode": "309970188467",
    "category_id": "1_894D0A8",
    "shop": "Woolworths",
    "weight": "10G",
    "prices": [
      {
        "state": "NSW",
        "price": "1680",
        "price_per_unit": "186667",
        "price_unit": "G"
      },
      {
        "state": "WA",
        "price": "1680",
        "price_per_unit": "186667",
        "price_unit": "G"
      },
      {
        "state": "SA",
        "price": "1680",
        "price_per_unit": "186667",
        "price_unit": "G"
      },
      {
        "state": "ACT",
        "price": "1680",
        "price_per_unit": "186667",
        "price_unit": "G"
      }
    ]
  },
  {
    "source_url": "https://www.woolworths.com.au/shop/productdetails/392139/revlon-colorstay-micro-brow-pencil-soft-brown",
    "name": "Revlon Colorstay Micro Brow Pencil Soft Brown 0.09g",
    "image_url": "https://cdn1.woolworths.media/content/wowproductimages/large/392139.jpg",
    "source_id": "Woolworths - 392139",
    "barcode": "309970188436",
    "category_id": "1_894D0A8",
    "shop": "Woolworths",
    "weight": "10G",
    "prices": [
      {
        "state": "NSW",
        "price": "1680",
        "price_per_unit": "186667",
        "price_unit": "G"
      },
      {
        "state": "WA",
        "price": "1680",
        "price_per_unit": "186667",
        "price_unit": "G"
      },
      {
        "state": "SA",
        "price": "1680",
        "price_per_unit": "186667",
        "price_unit": "G"
      },
      {
        "state": "ACT",
        "price": "1680",
        "price_per_unit": "186667",
        "price_unit": "G"
      }
    ]
  },
  {
    "source_url": "https://www.woolworths.com.au/shop/productdetails/309534/revlon-colorstay-micro-hyper-precision-gel-liner-black",
    "name": "Revlon Colorstay Micro Hyper Precision Gel Liner Black Each",
    "image_url": "https://cdn1.woolworths.media/content/wowproductimages/large/309534.jpg",
    "source_id": "Woolworths - 309534",
    "barcode": "309970086466",
    "category_id": "1_894D0A8",
    "shop": "Woolworths",
    "weight": "1EA",
    "prices": [
      {
        "state": "NSW",
        "price": "1750",
        "price_per_unit": "1750",
        "price_unit": "EA"
      },
      {
        "state": "WA",
        "price": "1750",
        "price_per_unit": "1750",
        "price_unit": "EA"
      },
      {
        "state": "SA",
        "price": "1750",
        "price_per_unit": "1750",
        "price_unit": "EA"
      },
      {
        "state": "ACT",
        "price": "1750",
        "price_per_unit": "1750",
        "price_unit": "EA"
      }
    ]
  },
  {
    "source_url": "https://www.woolworths.com.au/shop/productdetails/354619/revlon-colorstay-xtensionnaire-mascara-black",
    "name": "Revlon Colorstay Xtensionnaire Mascara Black 7ml",
    "image_url": "https://cdn1.woolworths.media/content/wowproductimages/large/354619.jpg",
    "source_id": "Woolworths - 354619",
    "barcode": "309970194079",
    "category_id": "1_894D0A8",
    "shop": "Woolworths",
    "weight": "10ML",
    "prices": [
      {
        "state": "NSW",
        "price": "1750",
        "price_per_unit": "2500",
        "price_unit": "ML"
      },
      {
        "state": "VIC",
        "price": "1750",
        "price_per_unit": "2500",
        "price_unit": "ML"
      },
      {
        "state": "QLD",
        "price": "1750",
        "price_per_unit": "2500",
        "price_unit": "ML"
      },
      {
        "state": "WA",
        "price": "1750",
        "price_per_unit": "2500",
        "price_unit": "ML"
      },
      {
        "state": "SA",
        "price": "1750",
        "price_per_unit": "2500",
        "price_unit": "ML"
      },
      {
        "state": "TAS",
        "price": "1750",
        "price_per_unit": "2500",
        "price_unit": "ML"
      },
      {
        "state": "ACT",
        "price": "1750",
        "price_per_unit": "2500",
        "price_unit": "ML"
      }
    ]
  },
  {
    "source_url": "https://www.woolworths.com.au/shop/productdetails/354633/revlon-colorstay-xtensionnaire-mascara-black-brown",
    "name": "Revlon Colorstay Xtensionnaire Mascara Black Brown Each",
    "image_url": "https://cdn1.woolworths.media/content/wowproductimages/large/354633.jpg",
    "source_id": "Woolworths - 354633",
    "barcode": "309970194093",
    "category_id": "1_894D0A8",
    "shop": "Woolworths",
    "weight": "10ML",
    "prices": [
      {
        "state": "NSW",
        "price": "1750",
        "price_per_unit": "2500",
        "price_unit": "ML"
      },
      {
        "state": "VIC",
        "price": "1750",
        "price_per_unit": "2500",
        "price_unit": "ML"
      },
      {
        "state": "QLD",
        "price": "1750",
        "price_per_unit": "2500",
        "price_unit": "ML"
      },
      {
        "state": "WA",
        "price": "1750",
        "price_per_unit": "2500",
        "price_unit": "ML"
      },
      {
        "state": "SA",
        "price": "1750",
        "price_per_unit": "2500",
        "price_unit": "ML"
      },
      {
        "state": "TAS",
        "price": "1750",
        "price_per_unit": "2500",
        "price_unit": "ML"
      },
      {
        "state": "ACT",
        "price": "1750",
        "price_per_unit": "2500",
        "price_unit": "ML"
      },
      {
        "state": "NT",
        "price": "1750",
        "price_per_unit": "2500",
        "price_unit": "ML"
      }
    ]
  },
  {
    "source_url": "https://www.woolworths.com.au/shop/productdetails/354640/revlon-colorstay-xtensionnaire-waterproof-mascara-black",
    "name": "Revlon Colorstay Xtensionnaire Waterproof Mascara Black 7ml",
    "image_url": "https://cdn1.woolworths.media/content/wowproductimages/large/354640.jpg",
    "source_id": "Woolworths - 354640",
    "barcode": "309970194192",
    "category_id": "1_894D0A8",
    "shop": "Woolworths",
    "weight": "10ML",
    "prices": [
      {
        "state": "NSW",
        "price": "1750",
        "price_per_unit": "2500",
        "price_unit": "ML"
      },
      {
        "state": "VIC",
        "price": "1750",
        "price_per_unit": "2500",
        "price_unit": "ML"
      },
      {
        "state": "QLD",
        "price": "1750",
        "price_per_unit": "2500",
        "price_unit": "ML"
      },
      {
        "state": "WA",
        "price": "1750",
        "price_per_unit": "2500",
        "price_unit": "ML"
      },
      {
        "state": "SA",
        "price": "1750",
        "price_per_unit": "2500",
        "price_unit": "ML"
      },
      {
        "state": "TAS",
        "price": "1750",
        "price_per_unit": "2500",
        "price_unit": "ML"
      },
      {
        "state": "ACT",
        "price": "1750",
        "price_per_unit": "2500",
        "price_unit": "ML"
      },
      {
        "state": "NT",
        "price": "1750",
        "price_per_unit": "2500",
        "price_unit": "ML"
      }
    ]
  },
  {
    "source_url": "https://www.woolworths.com.au/shop/productdetails/64181/revlon-colour-stay-multiplayer-liquid-glide-eyeliner-under-the-radar",
    "name": "Revlon Colour Stay Multiplayer Liquid Glide Eyeliner Under The Radar 0.9g",
    "image_url": "https://cdn1.woolworths.media/content/wowproductimages/large/064181.jpg",
    "source_id": "Woolworths - 64181",
    "barcode": "309970215095",
    "category_id": "1_894D0A8",
    "shop": "Woolworths",
    "weight": "0",
    "prices": [
      {
        "state": "NSW",
        "price": "1750",
        "price_per_unit": null,
        "price_unit": ""
      },
      {
        "state": "VIC",
        "price": "1750",
        "price_per_unit": null,
        "price_unit": ""
      },
      {
        "state": "QLD",
        "price": "1750",
        "price_per_unit": null,
        "price_unit": ""
      },
      {
        "state": "WA",
        "price": "1750",
        "price_per_unit": null,
        "price_unit": ""
      },
      {
        "state": "SA",
        "price": "1750",
        "price_per_unit": null,
        "price_unit": ""
      },
      {
        "state": "TAS",
        "price": "1750",
        "price_per_unit": null,
        "price_unit": ""
      },
      {
        "state": "ACT",
        "price": "1750",
        "price_per_unit": null,
        "price_unit": ""
      },
      {
        "state": "NT",
        "price": "1750",
        "price_per_unit": null,
        "price_unit": ""
      }
    ]
  },
  {
    "source_url": "https://www.woolworths.com.au/shop/productdetails/62553/rimmel-london-brow-this-way-2in1-eye-brow-pencil-medium-brown",
    "name": "Rimmel London Brow This Way 2In1 Eye Brow Pencil Medium Brown 0.4G",
    "image_url": "https://cdn1.woolworths.media/content/wowproductimages/large/062553.jpg",
    "source_id": "Woolworths - 62553",
    "barcode": "3616300772317",
    "category_id": "1_894D0A8",
    "shop": "Woolworths",
    "weight": "10G",
    "prices": [
      {
        "state": "NSW",
        "price": "2000",
        "price_per_unit": "50000",
        "price_unit": "G"
      },
      {
        "state": "WA",
        "price": "2000",
        "price_per_unit": "50000",
        "price_unit": "G"
      },
      {
        "state": "SA",
        "price": "2000",
        "price_per_unit": "50000",
        "price_unit": "G"
      },
      {
        "state": "TAS",
        "price": "2000",
        "price_per_unit": "50000",
        "price_unit": "G"
      },
      {
        "state": "ACT",
        "price": "2000",
        "price_per_unit": "50000",
        "price_unit": "G"
      },
      {
        "state": "NT",
        "price": "2000",
        "price_per_unit": "50000",
        "price_unit": "G"
      }
    ]
  },
  {
    "source_url": "https://www.woolworths.com.au/shop/productdetails/815330/rimmel-london-brow-this-way-2in2-eye-brow-dark-brown",
    "name": "Rimmel London Brow This Way 2In2 Eye Brow Dark Brown 0.4G",
    "image_url": "https://cdn1.woolworths.media/content/wowproductimages/large/815330.jpg",
    "source_id": "Woolworths - 815330",
    "barcode": "3614225387692",
    "category_id": "1_894D0A8",
    "shop": "Woolworths",
    "weight": "10G",
    "prices": [
      {
        "state": "NSW",
        "price": "2000",
        "price_per_unit": "50000",
        "price_unit": "G"
      },
      {
        "state": "VIC",
        "price": "2000",
        "price_per_unit": "50000",
        "price_unit": "G"
      },
      {
        "state": "QLD",
        "price": "2000",
        "price_per_unit": "50000",
        "price_unit": "G"
      },
      {
        "state": "WA",
        "price": "2000",
        "price_per_unit": "50000",
        "price_unit": "G"
      },
      {
        "state": "SA",
        "price": "2000",
        "price_per_unit": "50000",
        "price_unit": "G"
      },
      {
        "state": "TAS",
        "price": "2000",
        "price_per_unit": "50000",
        "price_unit": "G"
      },
      {
        "state": "ACT",
        "price": "2000",
        "price_per_unit": "50000",
        "price_unit": "G"
      },
      {
        "state": "NT",
        "price": "2000",
        "price_per_unit": "50000",
        "price_unit": "G"
      }
    ]
  },
  {
    "source_url": "https://www.woolworths.com.au/shop/productdetails/136231/rimmel-london-scandaleyes-eye-definer-black",
    "name": "Rimmel London Scandaleyes Eye Definer Black Each",
    "image_url": "https://cdn1.woolworths.media/content/wowproductimages/large/136231.jpg",
    "source_id": "Woolworths - 136231",
    "barcode": "3616301188056",
    "category_id": "1_894D0A8",
    "shop": "Woolworths",
    "weight": "1EA",
    "prices": [
      {
        "state": "NSW",
        "price": "1400",
        "price_per_unit": "1400",
        "price_unit": "EA"
      },
      {
        "state": "VIC",
        "price": "1400",
        "price_per_unit": "1400",
        "price_unit": "EA"
      },
      {
        "state": "QLD",
        "price": "1400",
        "price_per_unit": "1400",
        "price_unit": "EA"
      },
      {
        "state": "WA",
        "price": "1400",
        "price_per_unit": "1400",
        "price_unit": "EA"
      },
      {
        "state": "SA",
        "price": "1400",
        "price_per_unit": "1400",
        "price_unit": "EA"
      },
      {
        "state": "TAS",
        "price": "1400",
        "price_per_unit": "1400",
        "price_unit": "EA"
      },
      {
        "state": "ACT",
        "price": "1400",
        "price_per_unit": "1400",
        "price_unit": "EA"
      },
      {
        "state": "NT",
        "price": "1400",
        "price_per_unit": "1400",
        "price_unit": "EA"
      }
    ]
  },
  {
    "source_url": "https://www.woolworths.com.au/shop/productdetails/134505/rimmel-london-scandaleyes-eye-definer-brown",
    "name": "Rimmel London Scandaleyes Eye Definer Brown Each",
    "image_url": "https://cdn1.woolworths.media/content/wowproductimages/large/134505.jpg",
    "source_id": "Woolworths - 134505",
    "barcode": "3616301188100",
    "category_id": "1_894D0A8",
    "shop": "Woolworths",
    "weight": "1EA",
    "prices": [
      {
        "state": "NSW",
        "price": "1400",
        "price_per_unit": "1400",
        "price_unit": "EA"
      },
      {
        "state": "VIC",
        "price": "1400",
        "price_per_unit": "1400",
        "price_unit": "EA"
      },
      {
        "state": "QLD",
        "price": "1400",
        "price_per_unit": "1400",
        "price_unit": "EA"
      },
      {
        "state": "WA",
        "price": "1400",
        "price_per_unit": "1400",
        "price_unit": "EA"
      },
      {
        "state": "SA",
        "price": "1400",
        "price_per_unit": "1400",
        "price_unit": "EA"
      },
      {
        "state": "TAS",
        "price": "1400",
        "price_per_unit": "1400",
        "price_unit": "EA"
      },
      {
        "state": "ACT",
        "price": "1400",
        "price_per_unit": "1400",
        "price_unit": "EA"
      },
      {
        "state": "NT",
        "price": "1400",
        "price_per_unit": "1400",
        "price_unit": "EA"
      }
    ]
  },
  {
    "source_url": "https://www.woolworths.com.au/shop/productdetails/164585/rimmel-london-wonder-extension-mascara-very-black",
    "name": "Rimmel London Wonder Extension Mascara Very Black 11ml",
    "image_url": "https://cdn1.woolworths.media/content/wowproductimages/large/164585.jpg",
    "source_id": "Woolworths - 164585",
    "barcode": "3616301188032",
    "category_id": "1_894D0A8",
    "shop": "Woolworths",
    "weight": "10ML",
    "prices": [
      {
        "state": "NSW",
        "price": "2300",
        "price_per_unit": "2091",
        "price_unit": "ML"
      },
      {
        "state": "VIC",
        "price": "2300",
        "price_per_unit": "2091",
        "price_unit": "ML"
      },
      {
        "state": "QLD",
        "price": "2300",
        "price_per_unit": "2091",
        "price_unit": "ML"
      },
      {
        "state": "WA",
        "price": "2300",
        "price_per_unit": "2091",
        "price_unit": "ML"
      },
      {
        "state": "SA",
        "price": "2300",
        "price_per_unit": "2091",
        "price_unit": "ML"
      },
      {
        "state": "TAS",
        "price": "2300",
        "price_per_unit": "2091",
        "price_unit": "ML"
      },
      {
        "state": "ACT",
        "price": "2300",
        "price_per_unit": "2091",
        "price_unit": "ML"
      },
      {
        "state": "NT",
        "price": "2300",
        "price_per_unit": "2091",
        "price_unit": "ML"
      }
    ]
  },
  {
    "source_url": "https://www.woolworths.com.au/shop/productdetails/906710/maybelline-lash-sensational-fireworks-waterproof",
    "name": "Maybelline Lash Sensational Fireworks Waterproof each",
    "image_url": "https://cdn1.woolworths.media/content/wowproductimages/large/906710.jpg",
    "source_id": "Woolworths - 906710",
    "barcode": "9344329261478",
    "category_id": "1_894D0A8",
    "shop": "Woolworths",
    "weight": "10ML",
    "prices": [
      {
        "state": "VIC",
        "price": "2900",
        "price_per_unit": "2900",
        "price_unit": "ML"
      },
      {
        "state": "QLD",
        "price": "2900",
        "price_per_unit": "2900",
        "price_unit": "ML"
      },
      {
        "state": "WA",
        "price": "2900",
        "price_per_unit": "2900",
        "price_unit": "ML"
      },
      {
        "state": "SA",
        "price": "2900",
        "price_per_unit": "2900",
        "price_unit": "ML"
      },
      {
        "state": "TAS",
        "price": "2900",
        "price_per_unit": "2900",
        "price_unit": "ML"
      },
      {
        "state": "ACT",
        "price": "2900",
        "price_per_unit": "2900",
        "price_unit": "ML"
      },
      {
        "state": "NT",
        "price": "2900",
        "price_per_unit": "2900",
        "price_unit": "ML"
      }
    ]
  },
  {
    "source_url": "https://www.woolworths.com.au/shop/productdetails/137686/maybelline-lash-sensational-sky-high-mascara-very-black-waterproof",
    "name": "Maybelline Lash Sensational Sky High Mascara Very Black Waterproof 6ml",
    "image_url": "https://cdn1.woolworths.media/content/wowproductimages/large/137686.jpg",
    "source_id": "Woolworths - 137686",
    "barcode": "41554590913",
    "category_id": "1_894D0A8",
    "shop": "Woolworths",
    "weight": "10ML",
    "prices": [
      {
        "state": "VIC",
        "price": "2600",
        "price_per_unit": "4333",
        "price_unit": "ML"
      },
      {
        "state": "QLD",
        "price": "2600",
        "price_per_unit": "4333",
        "price_unit": "ML"
      },
      {
        "state": "WA",
        "price": "2600",
        "price_per_unit": "4333",
        "price_unit": "ML"
      },
      {
        "state": "SA",
        "price": "2600",
        "price_per_unit": "4333",
        "price_unit": "ML"
      },
      {
        "state": "ACT",
        "price": "2600",
        "price_per_unit": "4333",
        "price_unit": "ML"
      },
      {
        "state": "NT",
        "price": "2730",
        "price_per_unit": "4550",
        "price_unit": "ML"
      }
    ]
  },
  {
    "source_url": "https://www.woolworths.com.au/shop/productdetails/877390/maybelline-lash-sensational-washable-mascara-blackest-black",
    "name": "Maybelline Lash Sensational Washable Mascara - Blackest Black 9.5ml",
    "image_url": "https://cdn1.woolworths.media/content/wowproductimages/large/877390.jpg",
    "source_id": "Woolworths - 877390",
    "barcode": "41554420616",
    "category_id": "1_894D0A8",
    "shop": "Woolworths",
    "weight": "10ML",
    "prices": [
      {
        "state": "VIC",
        "price": "2500",
        "price_per_unit": "2632",
        "price_unit": "ML"
      },
      {
        "state": "QLD",
        "price": "2500",
        "price_per_unit": "2632",
        "price_unit": "ML"
      },
      {
        "state": "WA",
        "price": "2500",
        "price_per_unit": "2632",
        "price_unit": "ML"
      },
      {
        "state": "SA",
        "price": "2500",
        "price_per_unit": "2632",
        "price_unit": "ML"
      },
      {
        "state": "TAS",
        "price": "2500",
        "price_per_unit": "2632",
        "price_unit": "ML"
      },
      {
        "state": "ACT",
        "price": "2500",
        "price_per_unit": "2632",
        "price_unit": "ML"
      },
      {
        "state": "NT",
        "price": "2500",
        "price_per_unit": "2632",
        "price_unit": "ML"
      }
    ]
  },
  {
    "source_url": "https://www.woolworths.com.au/shop/productdetails/762192/mcobeauty-fatlash-voluminising-mascara-black",
    "name": "MCoBeauty Fatlash Voluminising Mascara Black 11mL",
    "image_url": "https://cdn1.woolworths.media/content/wowproductimages/large/762192.jpg",
    "source_id": "Woolworths - 762192",
    "barcode": "9331880005085",
    "category_id": "1_894D0A8",
    "shop": "Woolworths",
    "weight": "10ML",
    "prices": [
      {
        "state": "VIC",
        "price": "2200",
        "price_per_unit": "2000",
        "price_unit": "ML"
      },
      {
        "state": "QLD",
        "price": "2200",
        "price_per_unit": "2000",
        "price_unit": "ML"
      },
      {
        "state": "WA",
        "price": "2200",
        "price_per_unit": "2000",
        "price_unit": "ML"
      },
      {
        "state": "SA",
        "price": "2200",
        "price_per_unit": "2000",
        "price_unit": "ML"
      }
    ]
  },
  {
    "source_url": "https://www.woolworths.com.au/shop/productdetails/225724/mcobeauty-liquid-eyeliner-precision-pen",
    "name": "MCoBeauty Liquid Eyeliner Precision Pen 1.5ml",
    "image_url": "https://cdn1.woolworths.media/content/wowproductimages/large/225724.jpg",
    "source_id": "Woolworths - 225724",
    "barcode": "9331880017699",
    "category_id": "1_894D0A8",
    "shop": "Woolworths",
    "weight": "10ML",
    "prices": [
      {
        "state": "VIC",
        "price": "1400",
        "price_per_unit": "9333",
        "price_unit": "ML"
      },
      {
        "state": "QLD",
        "price": "1400",
        "price_per_unit": "9333",
        "price_unit": "ML"
      },
      {
        "state": "WA",
        "price": "1400",
        "price_per_unit": "9333",
        "price_unit": "ML"
      },
      {
        "state": "SA",
        "price": "1400",
        "price_per_unit": "9333",
        "price_unit": "ML"
      },
      {
        "state": "TAS",
        "price": "1400",
        "price_per_unit": "9333",
        "price_unit": "ML"
      },
      {
        "state": "ACT",
        "price": "1400",
        "price_per_unit": "9333",
        "price_unit": "ML"
      },
      {
        "state": "NT",
        "price": "1470",
        "price_per_unit": "9800",
        "price_unit": "ML"
      }
    ]
  },
  {
    "source_url": "https://www.woolworths.com.au/shop/productdetails/63862/mcobeauty-magic-brows-medium-brown",
    "name": "MCoBeauty Magic Brows Medium Brown 3.5ml",
    "image_url": "https://cdn1.woolworths.media/content/wowproductimages/large/063862.jpg",
    "source_id": "Woolworths - 63862",
    "barcode": "9331880009311",
    "category_id": "1_894D0A8",
    "shop": "Woolworths",
    "weight": "10ML",
    "prices": [
      {
        "state": "VIC",
        "price": "2000",
        "price_per_unit": "5714",
        "price_unit": "ML"
      },
      {
        "state": "QLD",
        "price": "2000",
        "price_per_unit": "5714",
        "price_unit": "ML"
      },
      {
        "state": "WA",
        "price": "2000",
        "price_per_unit": "5714",
        "price_unit": "ML"
      },
      {
        "state": "SA",
        "price": "2000",
        "price_per_unit": "5714",
        "price_unit": "ML"
      },
      {
        "state": "ACT",
        "price": "2000",
        "price_per_unit": "5714",
        "price_unit": "ML"
      },
      {
        "state": "NT",
        "price": "2000",
        "price_per_unit": "5714",
        "price_unit": "ML"
      }
    ]
  },
  {
    "source_url": "https://www.woolworths.com.au/shop/productdetails/953623/revlon-all-in-tubing-mascara-brown-202",
    "name": "Revlon All In Tubing Mascara Brown 202 12.9mL",
    "image_url": "https://cdn1.woolworths.media/content/wowproductimages/large/953623.jpg",
    "source_id": "Woolworths - 953623",
    "barcode": "9370700079561",
    "category_id": "1_894D0A8",
    "shop": "Woolworths",
    "weight": "0",
    "prices": [
      {
        "state": "VIC",
        "price": "1820",
        "price_per_unit": null,
        "price_unit": ""
      },
      {
        "state": "QLD",
        "price": "1820",
        "price_per_unit": null,
        "price_unit": ""
      },
      {
        "state": "WA",
        "price": "1820",
        "price_per_unit": null,
        "price_unit": ""
      },
      {
        "state": "SA",
        "price": "1820",
        "price_per_unit": null,
        "price_unit": ""
      },
      {
        "state": "TAS",
        "price": "1820",
        "price_per_unit": null,
        "price_unit": ""
      },
      {
        "state": "ACT",
        "price": "1820",
        "price_per_unit": null,
        "price_unit": ""
      }
    ]
  },
  {
    "source_url": "https://www.woolworths.com.au/shop/productdetails/76842/revlon-colorstay-eyebrow-liner-soft-blonde",
    "name": "Revlon Colorstay Eyebrow Liner Soft Blonde Each",
    "image_url": "https://cdn1.woolworths.media/content/wowproductimages/large/076842.jpg",
    "source_id": "Woolworths - 76842",
    "barcode": "309977643068",
    "category_id": "1_894D0A8",
    "shop": "Woolworths",
    "weight": "10G",
    "prices": [
      {
        "state": "VIC",
        "price": "1680",
        "price_per_unit": "48000",
        "price_unit": "G"
      },
      {
        "state": "QLD",
        "price": "1680",
        "price_per_unit": "48000",
        "price_unit": "G"
      },
      {
        "state": "WA",
        "price": "1680",
        "price_per_unit": "48000",
        "price_unit": "G"
      },
      {
        "state": "SA",
        "price": "1680",
        "price_per_unit": "48000",
        "price_unit": "G"
      },
      {
        "state": "TAS",
        "price": "1680",
        "price_per_unit": "48000",
        "price_unit": "G"
      },
      {
        "state": "ACT",
        "price": "1680",
        "price_per_unit": "48000",
        "price_unit": "G"
      },
      {
        "state": "NT",
        "price": "1680",
        "price_per_unit": "48000",
        "price_unit": "G"
      }
    ]
  },
  {
    "source_url": "https://www.woolworths.com.au/shop/productdetails/61468/revlon-colorstay-full-time-mascara-waterproof-blackest-black",
    "name": "Revlon Colorstay Full Time Mascara Waterproof Blackest Black 7.5mL",
    "image_url": "https://cdn1.woolworths.media/content/wowproductimages/large/061468.jpg",
    "source_id": "Woolworths - 61468",
    "barcode": "309970211738",
    "category_id": "1_894D0A8",
    "shop": "Woolworths",
    "weight": "10ML",
    "prices": [
      {
        "state": "VIC",
        "price": "1750",
        "price_per_unit": "2333",
        "price_unit": "ML"
      },
      {
        "state": "QLD",
        "price": "1750",
        "price_per_unit": "2333",
        "price_unit": "ML"
      },
      {
        "state": "WA",
        "price": "1750",
        "price_per_unit": "2333",
        "price_unit": "ML"
      },
      {
        "state": "SA",
        "price": "1750",
        "price_per_unit": "2333",
        "price_unit": "ML"
      },
      {
        "state": "TAS",
        "price": "1750",
        "price_per_unit": "2333",
        "price_unit": "ML"
      },
      {
        "state": "ACT",
        "price": "1750",
        "price_per_unit": "2333",
        "price_unit": "ML"
      },
      {
        "state": "NT",
        "price": "1750",
        "price_per_unit": "2333",
        "price_unit": "ML"
      }
    ]
  },
  {
    "source_url": "https://www.woolworths.com.au/shop/productdetails/65795/revlon-colorstay-multiplayer-liquid-glide-eyeliner-checkmate",
    "name": "Revlon Colorstay Multiplayer Liquid Glide Eyeliner Checkmate 0.9g",
    "image_url": "https://cdn1.woolworths.media/content/wowproductimages/large/065795.jpg",
    "source_id": "Woolworths - 65795",
    "barcode": "309970215064",
    "category_id": "1_894D0A8",
    "shop": "Woolworths",
    "weight": "0",
    "prices": [
      {
        "state": "VIC",
        "price": "1750",
        "price_per_unit": null,
        "price_unit": ""
      },
      {
        "state": "QLD",
        "price": "1750",
        "price_per_unit": null,
        "price_unit": ""
      },
      {
        "state": "WA",
        "price": "1750",
        "price_per_unit": null,
        "price_unit": ""
      },
      {
        "state": "SA",
        "price": "1750",
        "price_per_unit": null,
        "price_unit": ""
      },
      {
        "state": "TAS",
        "price": "1750",
        "price_per_unit": null,
        "price_unit": ""
      },
      {
        "state": "ACT",
        "price": "1750",
        "price_per_unit": null,
        "price_unit": ""
      },
      {
        "state": "NT",
        "price": "1750",
        "price_per_unit": null,
        "price_unit": ""
      }
    ]
  },
  {
    "source_url": "https://www.woolworths.com.au/shop/productdetails/134169/mcobeauty-brow-fill-set-medium-dark",
    "name": "MCoBeauty Brow Fill & Set Medium/Dark Each",
    "image_url": "https://cdn1.woolworths.media/content/wowproductimages/large/134169.jpg",
    "source_id": "Woolworths - 134169",
    "barcode": "9331880013189",
    "category_id": "1_894D0A8",
    "shop": "Woolworths",
    "weight": "10ML",
    "prices": [
      {
        "state": "QLD",
        "price": "2000",
        "price_per_unit": "3333",
        "price_unit": "ML"
      },
      {
        "state": "SA",
        "price": "2000",
        "price_per_unit": "3333",
        "price_unit": "ML"
      },
      {
        "state": "ACT",
        "price": "2000",
        "price_per_unit": "3333",
        "price_unit": "ML"
      },
      {
        "state": "NT",
        "price": "2000",
        "price_per_unit": "3333",
        "price_unit": "ML"
      }
    ]
  },
  {
    "source_url": "https://www.woolworths.com.au/shop/productdetails/365873/rimmel-london-extra-super-lash-mascara-black",
    "name": "Rimmel London Extra Super Lash Mascara Black 8mL",
    "image_url": "https://cdn1.woolworths.media/content/wowproductimages/large/365873.jpg",
    "source_id": "Woolworths - 365873",
    "barcode": "9317408006512",
    "category_id": "1_894D0A8",
    "shop": "Woolworths",
    "weight": "10ML",
    "prices": [
      {
        "state": "QLD",
        "price": "1400",
        "price_per_unit": "1750",
        "price_unit": "ML"
      },
      {
        "state": "WA",
        "price": "1400",
        "price_per_unit": "1750",
        "price_unit": "ML"
      },
      {
        "state": "SA",
        "price": "1400",
        "price_per_unit": "1750",
        "price_unit": "ML"
      },
      {
        "state": "ACT",
        "price": "1400",
        "price_per_unit": "1750",
        "price_unit": "ML"
      },
      {
        "state": "NT",
        "price": "1400",
        "price_per_unit": "1750",
        "price_unit": "ML"
      }
    ]
  },
  {
    "source_url": "https://www.woolworths.com.au/shop/productdetails/399724/maybelline-color-tattoo-eye-stix-shimmer-i-am-shinning",
    "name": "Maybelline Color Tattoo Eye Stix Shimmer i Am Shinning 1.4g",
    "image_url": "https://cdn1.woolworths.media/content/wowproductimages/large/399724.jpg",
    "source_id": "Woolworths - 399724",
    "barcode": "9344329253510",
    "category_id": "1_894D0A8",
    "shop": "Woolworths",
    "weight": "10G",
    "prices": [
      {
        "state": "WA",
        "price": "2300",
        "price_per_unit": "16429",
        "price_unit": "G"
      }
    ]
  },
  {
    "source_url": "https://www.woolworths.com.au/shop/productdetails/258807/maybelline-express-brown-pencil",
    "name": "Maybelline Express Brown Pencil Each",
    "image_url": "https://cdn1.woolworths.media/content/wowproductimages/large/258807.jpg",
    "source_id": "Woolworths - 258807",
    "barcode": "9344329247311",
    "category_id": "1_894D0A8",
    "shop": "Woolworths",
    "weight": "1EA",
    "prices": [
      {
        "state": "WA",
        "price": "1400",
        "price_per_unit": "1400",
        "price_unit": "EA"
      },
      {
        "state": "SA",
        "price": "1400",
        "price_per_unit": "1400",
        "price_unit": "EA"
      },
      {
        "state": "ACT",
        "price": "1400",
        "price_per_unit": "1400",
        "price_unit": "EA"
      }
    ]
  },
  {
    "source_url": "https://www.woolworths.com.au/shop/productdetails/258805/maybelline-tattoo-studio-ink-pen",
    "name": "Maybelline Tattoo Studio Ink Pen Each",
    "image_url": "https://cdn1.woolworths.media/content/wowproductimages/large/258805.jpg",
    "source_id": "Woolworths - 258805",
    "barcode": "9344329249179",
    "category_id": "1_894D0A8",
    "shop": "Woolworths",
    "weight": "1EA",
    "prices": [
      {
        "state": "WA",
        "price": "2300",
        "price_per_unit": "2300",
        "price_unit": "EA"
      },
      {
        "state": "SA",
        "price": "2300",
        "price_per_unit": "2300",
        "price_unit": "EA"
      },
      {
        "state": "ACT",
        "price": "2300",
        "price_per_unit": "2300",
        "price_unit": "EA"
      }
    ]
  },
  {
    "source_url": "https://www.woolworths.com.au/shop/productdetails/198652/mcobeauty-everyday-perfect-brow-pencil-medium-dark",
    "name": "MCoBeauty Everyday Perfect Brow Pencil Medium/Dark 0.8g",
    "image_url": "https://cdn1.woolworths.media/content/wowproductimages/large/198652.jpg",
    "source_id": "Woolworths - 198652",
    "barcode": "9331880016425",
    "category_id": "1_894D0A8",
    "shop": "Woolworths",
    "weight": "1EA",
    "prices": [
      {
        "state": "WA",
        "price": "1600",
        "price_per_unit": "1600",
        "price_unit": "EA"
      },
      {
        "state": "SA",
        "price": "1600",
        "price_per_unit": "1600",
        "price_unit": "EA"
      },
      {
        "state": "TAS",
        "price": "1600",
        "price_per_unit": "1600",
        "price_unit": "EA"
      },
      {
        "state": "ACT",
        "price": "1600",
        "price_per_unit": "1600",
        "price_unit": "EA"
      }
    ]
  },
  {
    "source_url": "https://www.woolworths.com.au/shop/productdetails/304220/revlon-colorstay-micro-liquid-liner-blackout-carded",
    "name": "Revlon Colorstay Micro Liquid Liner Blackout Carded Each",
    "image_url": "https://cdn1.woolworths.media/content/wowproductimages/large/304220.jpg",
    "source_id": "Woolworths - 304220",
    "barcode": "309970206116",
    "category_id": "1_894D0A8",
    "shop": "Woolworths",
    "weight": "1EA",
    "prices": [
      {
        "state": "SA",
        "price": "1890",
        "price_per_unit": "1890",
        "price_unit": "EA"
      },
      {
        "state": "ACT",
        "price": "1890",
        "price_per_unit": "1890",
        "price_unit": "EA"
      }
    ]
  },
  {
    "source_url": "https://www.woolworths.com.au/shop/productdetails/104745/1000hour-instant-brows-brush-on-eyebrow-mascara-black-dark-brown",
    "name": "1000Hour Instant Brows Brush-On Eyebrow Mascara Black/Dark Brown 14g",
    "image_url": "https://cdn1.woolworths.media/content/wowproductimages/large/104745.jpg",
    "source_id": "Woolworths - 104745",
    "barcode": "9313312071523",
    "category_id": "1_894D0A8",
    "shop": "Woolworths",
    "weight": "1EA",
    "prices": [
      {
        "state": "ACT",
        "price": "1200",
        "price_per_unit": "1200",
        "price_unit": "EA"
      }
    ]
  },
  {
    "source_url": "https://www.woolworths.com.au/shop/productdetails/113990/mcobeauty-double-ended-eyebrow-razor",
    "name": "MCoBeauty Double Ended Eyebrow Razor Each",
    "image_url": "https://cdn1.woolworths.media/content/wowproductimages/large/113990.jpg",
    "source_id": "Woolworths - 113990",
    "barcode": "9331880011543",
    "category_id": "1_894D0A8",
    "shop": "Woolworths",
    "weight": "1EA",
    "prices": [
      {
        "state": "ACT",
        "price": "1400",
        "price_per_unit": "1400",
        "price_unit": "EA"
      }
    ]
  },
  {
    "source_url": "https://www.woolworths.com.au/shop/productdetails/393604/mcobeauty-longwear-false-half-lashes-natural-monaco-single-set",
    "name": "MCoBeauty Longwear False Half Lashes Natural Monaco Single Set Each",
    "image_url": "https://cdn1.woolworths.media/content/wowproductimages/large/393604.jpg",
    "source_id": "Woolworths - 393604",
    "barcode": "9331880024772",
    "category_id": "1_894D0A8",
    "shop": "Woolworths",
    "weight": "1EA",
    "prices": [
      {
        "state": "ACT",
        "price": "1200",
        "price_per_unit": "1200",
        "price_unit": "EA"
      }
    ]
  },
  {
    "source_url": "https://www.woolworths.com.au/shop/productdetails/393701/mcobeauty-longwear-false-lashes-luxe-rome-duo-value-set",
    "name": "MCoBeauty Longwear False Lashes Luxe Rome Duo Value Set Each",
    "image_url": "https://cdn1.woolworths.media/content/wowproductimages/large/393701.jpg",
    "source_id": "Woolworths - 393701",
    "barcode": "9331880024765",
    "category_id": "1_894D0A8",
    "shop": "Woolworths",
    "weight": "1EA",
    "prices": [
      {
        "state": "ACT",
        "price": "2200",
        "price_per_unit": "2200",
        "price_unit": "EA"
      }
    ]
  },
  {
    "source_url": "https://www.woolworths.com.au/shop/productdetails/394734/mcobeauty-longwear-false-lashes-natural-ibiza-duo-value-set",
    "name": "MCoBeauty Longwear False Lashes Natural Ibiza Duo Value Set Each",
    "image_url": "https://cdn1.woolworths.media/content/wowproductimages/large/394734.jpg",
    "source_id": "Woolworths - 394734",
    "barcode": "9331880024758",
    "category_id": "1_894D0A8",
    "shop": "Woolworths",
    "weight": "1EA",
    "prices": [
      {
        "state": "ACT",
        "price": "2200",
        "price_per_unit": "1100",
        "price_unit": "EA"
      }
    ]
  },
  {
    "source_url": "https://www.woolworths.com.au/shop/productdetails/394705/mcobeauty-longwear-false-lashes-natural-mykonos-duo-value-set",
    "name": "MCoBeauty Longwear False Lashes Natural Mykonos Duo Value Set Each",
    "image_url": "https://cdn1.woolworths.media/content/wowproductimages/large/394705.jpg",
    "source_id": "Woolworths - 394705",
    "barcode": "9331880024741",
    "category_id": "1_894D0A8",
    "shop": "Woolworths",
    "weight": "1EA",
    "prices": [
      {
        "state": "ACT",
        "price": "2200",
        "price_per_unit": "1100",
        "price_unit": "EA"
      }
    ]
  },
  {
    "source_url": "https://www.woolworths.com.au/shop/productdetails/396282/mcobeauty-longwear-false-lashes-natural-mykonos-single-set",
    "name": "MCoBeauty Longwear False Lashes Natural Mykonos Single Set Each",
    "image_url": "https://cdn1.woolworths.media/content/wowproductimages/large/396282.jpg",
    "source_id": "Woolworths - 396282",
    "barcode": "9331880024734",
    "category_id": "1_894D0A8",
    "shop": "Woolworths",
    "weight": "1EA",
    "prices": [
      {
        "state": "ACT",
        "price": "1400",
        "price_per_unit": "1400",
        "price_unit": "EA"
      }
    ]
  },
  {
    "source_url": "https://www.woolworths.com.au/shop/productdetails/502367/mcobeauty-magic-brows-auburn",
    "name": "MCoBeauty Magic Brows Auburn 3.5mL",
    "image_url": "https://cdn1.woolworths.media/content/wowproductimages/large/502367.jpg",
    "source_id": "Woolworths - 502367",
    "barcode": "9331880028107",
    "category_id": "1_894D0A8",
    "shop": "Woolworths",
    "weight": "10ML",
    "prices": [
      {
        "state": "ACT",
        "price": "2000",
        "price_per_unit": "5714",
        "price_unit": "ML"
      }
    ]
  }
]