[
  {
    "source_url": "https://www.woolworths.com.au/shop/productdetails/688099/aveeno-daily-moisturising-body-lotion-fragrance-free-sensitive-skin",
    "name": "Aveeno Daily Moisturising Body Lotion Fragrance Free Sensitive Skin 1l",
    "image_url": "https://cdn1.woolworths.media/content/wowproductimages/large/688099.jpg",
    "source_id": "Woolworths - 688099",
    "barcode": "9300607761306",
    "category_id": "1_894D0A8",
    "shop": "Woolworths",
    "weight": "100ML",
    "prices": [
      {
        "state": "NSW",
        "price": "3000",
        "price_per_unit": "300",
        "price_unit": "ML"
      },
      {
        "state": "VIC",
        "price": "3000",
        "price_per_unit": "300",
        "price_unit": "ML"
      },
      {
        "state": "QLD",
        "price": "3000",
        "price_per_unit": "300",
        "price_unit": "ML"
      },
      {
        "state": "WA",
        "price": "3000",
        "price_per_unit": "300",
        "price_unit": "ML"
      },
      {
        "state": "SA",
        "price": "3000",
        "price_per_unit": "300",
        "price_unit": "ML"
      },
      {
        "state": "TAS",
        "price": "3000",
        "price_per_unit": "300",
        "price_unit": "ML"
      },
      {
        "state": "ACT",
        "price": "3000",
        "price_per_unit": "300",
        "price_unit": "ML"
      },
      {
        "state": "NT",
        "price": "3000",
        "price_per_unit": "300",
        "price_unit": "ML"
      }
    ]
  },
  {
    "source_url": "https://www.woolworths.com.au/shop/productdetails/276040/aveeno-daily-moisturising-body-lotion-fragrance-free-sensitive-skin",
    "name": "Aveeno Daily Moisturising Body Lotion Fragrance Free Sensitive Skin 354ml",
    "image_url": "https://cdn1.woolworths.media/content/wowproductimages/large/276040.jpg",
    "source_id": "Woolworths - 276040",
    "barcode": "3574660200775",
    "category_id": "1_894D0A8",
    "shop": "Woolworths",
    "weight": "100ML",
    "prices": [
      {
        "state": "NSW",
        "price": "1550",
        "price_per_unit": "438",
        "price_unit": "ML"
      },
      {
        "state": "VIC",
        "price": "1550",
        "price_per_unit": "438",
        "price_unit": "ML"
      },
      {
        "state": "QLD",
        "price": "1550",
        "price_per_unit": "438",
        "price_unit": "ML"
      },
      {
        "state": "WA",
        "price": "1550",
        "price_per_unit": "438",
        "price_unit": "ML"
      },
      {
        "state": "SA",
        "price": "1550",
        "price_per_unit": "438",
        "price_unit": "ML"
      },
      {
        "state": "TAS",
        "price": "1550",
        "price_per_unit": "438",
        "price_unit": "ML"
      },
      {
        "state": "ACT",
        "price": "1550",
        "price_per_unit": "438",
        "price_unit": "ML"
      },
      {
        "state": "NT",
        "price": "1550",
        "price_per_unit": "438",
        "price_unit": "ML"
      }
    ]
  },
  {
    "source_url": "https://www.woolworths.com.au/shop/productdetails/932580/aveeno-daily-moisturising-body-lotion-fragrance-free-sensitive-skin",
    "name": "Aveeno Daily Moisturising Body Lotion Fragrance Free Sensitive Skin 532ml",
    "image_url": "https://cdn1.woolworths.media/content/wowproductimages/large/932580.jpg",
    "source_id": "Woolworths - 932580",
    "barcode": "9300607761146",
    "category_id": "1_894D0A8",
    "shop": "Woolworths",
    "weight": "100ML",
    "prices": [
      {
        "state": "NSW",
        "price": "1950",
        "price_per_unit": "367",
        "price_unit": "ML"
      },
      {
        "state": "VIC",
        "price": "1950",
        "price_per_unit": "367",
        "price_unit": "ML"
      },
      {
        "state": "QLD",
        "price": "1950",
        "price_per_unit": "367",
        "price_unit": "ML"
      },
      {
        "state": "WA",
        "price": "1950",
        "price_per_unit": "367",
        "price_unit": "ML"
      },
      {
        "state": "SA",
        "price": "1950",
        "price_per_unit": "367",
        "price_unit": "ML"
      },
      {
        "state": "TAS",
        "price": "1950",
        "price_per_unit": "367",
        "price_unit": "ML"
      },
      {
        "state": "ACT",
        "price": "1950",
        "price_per_unit": "367",
        "price_unit": "ML"
      },
      {
        "state": "NT",
        "price": "1950",
        "price_per_unit": "367",
        "price_unit": "ML"
      }
    ]
  },
  {
    "source_url": "https://www.woolworths.com.au/shop/productdetails/168997/aveeno-daily-moisturising-body-oil-mist-dry-rough-sensitive-skin",
    "name": "Aveeno Daily Moisturising Body Oil Mist Dry Rough Sensitive Skin 200ml",
    "image_url": "https://cdn1.woolworths.media/content/wowproductimages/large/168997.jpg",
    "source_id": "Woolworths - 168997",
    "barcode": "381371192731",
    "category_id": "1_894D0A8",
    "shop": "Woolworths",
    "weight": "100ML",
    "prices": [
      {
        "state": "NSW",
        "price": "1950",
        "price_per_unit": "975",
        "price_unit": "ML"
      },
      {
        "state": "WA",
        "price": "1950",
        "price_per_unit": "975",
        "price_unit": "ML"
      },
      {
        "state": "SA",
        "price": "1950",
        "price_per_unit": "975",
        "price_unit": "ML"
      },
      {
        "state": "ACT",
        "price": "1950",
        "price_per_unit": "975",
        "price_unit": "ML"
      }
    ]
  },
  {
    "source_url": "https://www.woolworths.com.au/shop/productdetails/688220/aveeno-skin-relief-fragrance-free-body-lotion-dry-sensitive-skin",
    "name": "Aveeno Skin Relief Fragrance Free Body Lotion Dry Sensitive Skin 1l",
    "image_url": "https://cdn1.woolworths.media/content/wowproductimages/large/688220.jpg",
    "source_id": "Woolworths - 688220",
    "barcode": "9300607761436",
    "category_id": "1_894D0A8",
    "shop": "Woolworths",
    "weight": "100ML",
    "prices": [
      {
        "state": "NSW",
        "price": "3600",
        "price_per_unit": "360",
        "price_unit": "ML"
      },
      {
        "state": "VIC",
        "price": "3600",
        "price_per_unit": "360",
        "price_unit": "ML"
      },
      {
        "state": "WA",
        "price": "3600",
        "price_per_unit": "360",
        "price_unit": "ML"
      },
      {
        "state": "SA",
        "price": "3600",
        "price_per_unit": "360",
        "price_unit": "ML"
      },
      {
        "state": "TAS",
        "price": "3600",
        "price_per_unit": "360",
        "price_unit": "ML"
      },
      {
        "state": "ACT",
        "price": "3600",
        "price_per_unit": "360",
        "price_unit": "ML"
      }
    ]
  },
  {
    "source_url": "https://www.woolworths.com.au/shop/productdetails/376108/aveeno-skin-relief-fragrance-free-body-lotion-dry-sensitive-skin",
    "name": "Aveeno Skin Relief Fragrance Free Body Lotion Dry Sensitive Skin 354ml",
    "image_url": "https://cdn1.woolworths.media/content/wowproductimages/large/376108.jpg",
    "source_id": "Woolworths - 376108",
    "barcode": "381370015796",
    "category_id": "1_894D0A8",
    "shop": "Woolworths",
    "weight": "100ML",
    "prices": [
      {
        "state": "NSW",
        "price": "1900",
        "price_per_unit": "537",
        "price_unit": "ML"
      },
      {
        "state": "WA",
        "price": "1900",
        "price_per_unit": "537",
        "price_unit": "ML"
      },
      {
        "state": "SA",
        "price": "1900",
        "price_per_unit": "537",
        "price_unit": "ML"
      },
      {
        "state": "ACT",
        "price": "1900",
        "price_per_unit": "537",
        "price_unit": "ML"
      }
    ]
  },
  {
    "source_url": "https://www.woolworths.com.au/shop/productdetails/239469/aveeno-skin-relief-fragrance-free-body-lotion-dry-sensitive-skin",
    "name": "Aveeno Skin Relief Fragrance Free Body Lotion Dry Sensitive Skin 532ml",
    "image_url": "https://cdn1.woolworths.media/content/wowproductimages/large/239469.jpg",
    "source_id": "Woolworths - 239469",
    "barcode": "9300607762075",
    "category_id": "1_894D0A8",
    "shop": "Woolworths",
    "weight": "100ML",
    "prices": [
      {
        "state": "NSW",
        "price": "2400",
        "price_per_unit": "451",
        "price_unit": "ML"
      },
      {
        "state": "WA",
        "price": "2400",
        "price_per_unit": "451",
        "price_unit": "ML"
      },
      {
        "state": "SA",
        "price": "2400",
        "price_per_unit": "451",
        "price_unit": "ML"
      }
    ]
  },
  {
    "source_url": "https://www.woolworths.com.au/shop/productdetails/272701/bio-oil-bio-oil",
    "name": "Bio-Oil Bio Oil 125ml",
    "image_url": "https://cdn1.woolworths.media/content/wowproductimages/large/272701.jpg",
    "source_id": "Woolworths - 272701",
    "barcode": "6001159111351",
    "category_id": "1_894D0A8",
    "shop": "Woolworths",
    "weight": "100ML",
    "prices": [
      {
        "state": "NSW",
        "price": "2600",
        "price_per_unit": "2080",
        "price_unit": "ML"
      },
      {
        "state": "VIC",
        "price": "2600",
        "price_per_unit": "2080",
        "price_unit": "ML"
      },
      {
        "state": "WA",
        "price": "2600",
        "price_per_unit": "2080",
        "price_unit": "ML"
      },
      {
        "state": "SA",
        "price": "2600",
        "price_per_unit": "2080",
        "price_unit": "ML"
      },
      {
        "state": "TAS",
        "price": "2600",
        "price_per_unit": "2080",
        "price_unit": "ML"
      },
      {
        "state": "ACT",
        "price": "2600",
        "price_per_unit": "2080",
        "price_unit": "ML"
      },
      {
        "state": "NT",
        "price": "2730",
        "price_per_unit": "2184",
        "price_unit": "ML"
      }
    ]
  },
  {
    "source_url": "https://www.woolworths.com.au/shop/productdetails/272700/bio-oil-body-oil",
    "name": "Bio-Oil Body Oil 60ml",
    "image_url": "https://cdn1.woolworths.media/content/wowproductimages/large/272700.jpg",
    "source_id": "Woolworths - 272700",
    "barcode": "6001159111344",
    "category_id": "1_894D0A8",
    "shop": "Woolworths",
    "weight": "100ML",
    "prices": [
      {
        "state": "NSW",
        "price": "1500",
        "price_per_unit": "2500",
        "price_unit": "ML"
      },
      {
        "state": "VIC",
        "price": "1500",
        "price_per_unit": "2500",
        "price_unit": "ML"
      },
      {
        "state": "QLD",
        "price": "1500",
        "price_per_unit": "2500",
        "price_unit": "ML"
      },
      {
        "state": "WA",
        "price": "1500",
        "price_per_unit": "2500",
        "price_unit": "ML"
      },
      {
        "state": "TAS",
        "price": "1500",
        "price_per_unit": "2500",
        "price_unit": "ML"
      },
      {
        "state": "ACT",
        "price": "1500",
        "price_per_unit": "2500",
        "price_unit": "ML"
      },
      {
        "state": "NT",
        "price": "1500",
        "price_per_unit": "2500",
        "price_unit": "ML"
      }
    ]
  },
  {
    "source_url": "https://www.woolworths.com.au/shop/productdetails/770207/cetaphil-body-moisturising-lotion-daily-face-body",
    "name": "Cetaphil Body Moisturising Lotion Daily Face & Body 500ml",
    "image_url": "https://cdn1.woolworths.media/content/wowproductimages/large/770207.jpg",
    "source_id": "Woolworths - 770207",
    "barcode": "9318637042241",
    "category_id": "1_894D0A8",
    "shop": "Woolworths",
    "weight": "100ML",
    "prices": [
      {
        "state": "NSW",
        "price": "2300",
        "price_per_unit": "460",
        "price_unit": "ML"
      },
      {
        "state": "VIC",
        "price": "2300",
        "price_per_unit": "460",
        "price_unit": "ML"
      },
      {
        "state": "QLD",
        "price": "2300",
        "price_per_unit": "460",
        "price_unit": "ML"
      },
      {
        "state": "WA",
        "price": "2300",
        "price_per_unit": "460",
        "price_unit": "ML"
      },
      {
        "state": "SA",
        "price": "2300",
        "price_per_unit": "460",
        "price_unit": "ML"
      },
      {
        "state": "TAS",
        "price": "2300",
        "price_per_unit": "460",
        "price_unit": "ML"
      },
      {
        "state": "ACT",
        "price": "2300",
        "price_per_unit": "460",
        "price_unit": "ML"
      },
      {
        "state": "NT",
        "price": "2300",
        "price_per_unit": "460",
        "price_unit": "ML"
      }
    ]
  },
  {
    "source_url": "https://www.woolworths.com.au/shop/productdetails/793109/cetaphil-daily-advance-lotion",
    "name": "Cetaphil Daily Advance Lotion 226g",
    "image_url": "https://cdn1.woolworths.media/content/wowproductimages/large/793109.jpg",
    "source_id": "Woolworths - 793109",
    "barcode": "9318637042401",
    "category_id": "1_894D0A8",
    "shop": "Woolworths",
    "weight": "100G",
    "prices": [
      {
        "state": "NSW",
        "price": "1900",
        "price_per_unit": "841",
        "price_unit": "G"
      },
      {
        "state": "VIC",
        "price": "1900",
        "price_per_unit": "841",
        "price_unit": "G"
      },
      {
        "state": "WA",
        "price": "1900",
        "price_per_unit": "841",
        "price_unit": "G"
      },
      {
        "state": "SA",
        "price": "1900",
        "price_per_unit": "841",
        "price_unit": "G"
      },
      {
        "state": "TAS",
        "price": "1900",
        "price_per_unit": "841",
        "price_unit": "G"
      },
      {
        "state": "ACT",
        "price": "1900",
        "price_per_unit": "841",
        "price_unit": "G"
      }
    ]
  },
  {
    "source_url": "https://www.woolworths.com.au/shop/productdetails/770190/cetaphil-daily-advance-ultra-hydrating-lotion",
    "name": "Cetaphil Daily Advance Ultra Hydrating Lotion 473g",
    "image_url": "https://cdn1.woolworths.media/content/wowproductimages/large/770190.jpg",
    "source_id": "Woolworths - 770190",
    "barcode": "9318637042449",
    "category_id": "1_894D0A8",
    "shop": "Woolworths",
    "weight": "100ML",
    "prices": [
      {
        "state": "NSW",
        "price": "2550",
        "price_per_unit": "539",
        "price_unit": "ML"
      },
      {
        "state": "VIC",
        "price": "2550",
        "price_per_unit": "539",
        "price_unit": "ML"
      },
      {
        "state": "WA",
        "price": "2550",
        "price_per_unit": "539",
        "price_unit": "ML"
      },
      {
        "state": "SA",
        "price": "2550",
        "price_per_unit": "539",
        "price_unit": "ML"
      },
      {
        "state": "TAS",
        "price": "2550",
        "price_per_unit": "539",
        "price_unit": "ML"
      },
      {
        "state": "ACT",
        "price": "2550",
        "price_per_unit": "539",
        "price_unit": "ML"
      }
    ]
  },
  {
    "source_url": "https://www.woolworths.com.au/shop/productdetails/546044/cetaphil-daily-defence-cream-spf50-facial-moisturiser",
    "name": "Cetaphil Daily Defence Cream SPF50 Facial Moisturiser 50g",
    "image_url": "https://cdn1.woolworths.media/content/wowproductimages/large/546044.jpg",
    "source_id": "Woolworths - 546044",
    "barcode": "9318637044382",
    "category_id": "1_894D0A8",
    "shop": "Woolworths",
    "weight": "100G",
    "prices": [
      {
        "state": "NSW",
        "price": "2500",
        "price_per_unit": "5000",
        "price_unit": "G"
      },
      {
        "state": "VIC",
        "price": "2500",
        "price_per_unit": "5000",
        "price_unit": "G"
      },
      {
        "state": "WA",
        "price": "2500",
        "price_per_unit": "5000",
        "price_unit": "G"
      },
      {
        "state": "SA",
        "price": "2500",
        "price_per_unit": "5000",
        "price_unit": "G"
      },
      {
        "state": "TAS",
        "price": "2500",
        "price_per_unit": "5000",
        "price_unit": "G"
      },
      {
        "state": "ACT",
        "price": "2500",
        "price_per_unit": "5000",
        "price_unit": "G"
      }
    ]
  },
  {
    "source_url": "https://www.woolworths.com.au/shop/productdetails/140856/cetaphil-daily-exfoliating-cleanser-all-skin-types",
    "name": "Cetaphil Daily Exfoliating Cleanser All Skin Types 178ml",
    "image_url": "https://cdn1.woolworths.media/content/wowproductimages/large/140856.jpg",
    "source_id": "Woolworths - 140856",
    "barcode": "9318637044030",
    "category_id": "1_894D0A8",
    "shop": "Woolworths",
    "weight": "100ML",
    "prices": [
      {
        "state": "NSW",
        "price": "1950",
        "price_per_unit": "1096",
        "price_unit": "ML"
      },
      {
        "state": "VIC",
        "price": "1950",
        "price_per_unit": "1096",
        "price_unit": "ML"
      },
      {
        "state": "QLD",
        "price": "1950",
        "price_per_unit": "1096",
        "price_unit": "ML"
      },
      {
        "state": "WA",
        "price": "1950",
        "price_per_unit": "1096",
        "price_unit": "ML"
      },
      {
        "state": "SA",
        "price": "1950",
        "price_per_unit": "1096",
        "price_unit": "ML"
      },
      {
        "state": "TAS",
        "price": "1950",
        "price_per_unit": "1096",
        "price_unit": "ML"
      },
      {
        "state": "ACT",
        "price": "1950",
        "price_per_unit": "1096",
        "price_unit": "ML"
      },
      {
        "state": "NT",
        "price": "1950",
        "price_per_unit": "1096",
        "price_unit": "ML"
      }
    ]
  },
  {
    "source_url": "https://www.woolworths.com.au/shop/productdetails/771735/cetaphil-daily-facial-moisturiser-all-skin-types",
    "name": "Cetaphil Daily Facial Moisturiser All Skin Types 118ml",
    "image_url": "https://cdn1.woolworths.media/content/wowproductimages/large/771735.jpg",
    "source_id": "Woolworths - 771735",
    "barcode": "9318637042562",
    "category_id": "1_894D0A8",
    "shop": "Woolworths",
    "weight": "100ML",
    "prices": [
      {
        "state": "NSW",
        "price": "2300",
        "price_per_unit": "1949",
        "price_unit": "ML"
      },
      {
        "state": "VIC",
        "price": "2300",
        "price_per_unit": "1949",
        "price_unit": "ML"
      },
      {
        "state": "QLD",
        "price": "2300",
        "price_per_unit": "1949",
        "price_unit": "ML"
      },
      {
        "state": "WA",
        "price": "2300",
        "price_per_unit": "1949",
        "price_unit": "ML"
      },
      {
        "state": "SA",
        "price": "2300",
        "price_per_unit": "1949",
        "price_unit": "ML"
      },
      {
        "state": "TAS",
        "price": "2300",
        "price_per_unit": "1949",
        "price_unit": "ML"
      },
      {
        "state": "ACT",
        "price": "2300",
        "price_per_unit": "1949",
        "price_unit": "ML"
      },
      {
        "state": "NT",
        "price": "2300",
        "price_per_unit": "1949",
        "price_unit": "ML"
      }
    ]
  },
  {
    "source_url": "https://www.woolworths.com.au/shop/productdetails/151287/cetaphil-daily-hydrating-lotion-normal-to-very-dry-skin",
    "name": "Cetaphil Daily Hydrating Lotion Normal To Very Dry Skin 88ml",
    "image_url": "https://cdn1.woolworths.media/content/wowproductimages/large/151287.jpg",
    "source_id": "Woolworths - 151287",
    "barcode": "9318637044016",
    "category_id": "1_894D0A8",
    "shop": "Woolworths",
    "weight": "100ML",
    "prices": [
      {
        "state": "NSW",
        "price": "2300",
        "price_per_unit": "2614",
        "price_unit": "ML"
      },
      {
        "state": "VIC",
        "price": "2300",
        "price_per_unit": "2614",
        "price_unit": "ML"
      },
      {
        "state": "WA",
        "price": "2300",
        "price_per_unit": "2614",
        "price_unit": "ML"
      },
      {
        "state": "SA",
        "price": "2300",
        "price_per_unit": "2614",
        "price_unit": "ML"
      },
      {
        "state": "TAS",
        "price": "2300",
        "price_per_unit": "2614",
        "price_unit": "ML"
      },
      {
        "state": "ACT",
        "price": "2300",
        "price_per_unit": "2614",
        "price_unit": "ML"
      },
      {
        "state": "NT",
        "price": "2300",
        "price_per_unit": "2614",
        "price_unit": "ML"
      }
    ]
  },
  {
    "source_url": "https://www.woolworths.com.au/shop/productdetails/771751/cetaphil-gentle-cleansing-bar-all-skin-types",
    "name": "Cetaphil Gentle Cleansing Bar All Skin Types 127g",
    "image_url": "https://cdn1.woolworths.media/content/wowproductimages/large/771751.jpg",
    "source_id": "Woolworths - 771751",
    "barcode": "3029939230460",
    "category_id": "1_894D0A8",
    "shop": "Woolworths",
    "weight": "100G",
    "prices": [
      {
        "state": "NSW",
        "price": "1100",
        "price_per_unit": "866",
        "price_unit": "G"
      },
      {
        "state": "WA",
        "price": "1100",
        "price_per_unit": "866",
        "price_unit": "G"
      },
      {
        "state": "SA",
        "price": "1100",
        "price_per_unit": "866",
        "price_unit": "G"
      },
      {
        "state": "ACT",
        "price": "1100",
        "price_per_unit": "866",
        "price_unit": "G"
      }
    ]
  },
  {
    "source_url": "https://www.woolworths.com.au/shop/productdetails/136635/cetaphil-gentle-foaming-cleanser",
    "name": "Cetaphil Gentle Foaming Cleanser 236ml",
    "image_url": "https://cdn1.woolworths.media/content/wowproductimages/large/136635.jpg",
    "source_id": "Woolworths - 136635",
    "barcode": "3499320009881",
    "category_id": "1_894D0A8",
    "shop": "Woolworths",
    "weight": "100ML",
    "prices": [
      {
        "state": "NSW",
        "price": "1950",
        "price_per_unit": "826",
        "price_unit": "ML"
      },
      {
        "state": "VIC",
        "price": "1950",
        "price_per_unit": "826",
        "price_unit": "ML"
      },
      {
        "state": "QLD",
        "price": "1950",
        "price_per_unit": "826",
        "price_unit": "ML"
      },
      {
        "state": "WA",
        "price": "1950",
        "price_per_unit": "826",
        "price_unit": "ML"
      },
      {
        "state": "SA",
        "price": "1950",
        "price_per_unit": "826",
        "price_unit": "ML"
      },
      {
        "state": "TAS",
        "price": "1950",
        "price_per_unit": "826",
        "price_unit": "ML"
      },
      {
        "state": "ACT",
        "price": "1950",
        "price_per_unit": "826",
        "price_unit": "ML"
      },
      {
        "state": "NT",
        "price": "1950",
        "price_per_unit": "826",
        "price_unit": "ML"
      }
    ]
  },
  {
    "source_url": "https://www.woolworths.com.au/shop/productdetails/385292/cetaphil-gentle-skin-cleanser",
    "name": "Cetaphil Gentle Skin Cleanser 236ml",
    "image_url": "https://cdn1.woolworths.media/content/wowproductimages/large/385292.jpg",
    "source_id": "Woolworths - 385292",
    "barcode": "3499320015431",
    "category_id": "1_894D0A8",
    "shop": "Woolworths",
    "weight": "100ML",
    "prices": [
      {
        "state": "NSW",
        "price": "1500",
        "price_per_unit": "636",
        "price_unit": "ML"
      },
      {
        "state": "VIC",
        "price": "1500",
        "price_per_unit": "636",
        "price_unit": "ML"
      },
      {
        "state": "QLD",
        "price": "1500",
        "price_per_unit": "636",
        "price_unit": "ML"
      },
      {
        "state": "WA",
        "price": "1500",
        "price_per_unit": "636",
        "price_unit": "ML"
      },
      {
        "state": "SA",
        "price": "1500",
        "price_per_unit": "636",
        "price_unit": "ML"
      },
      {
        "state": "TAS",
        "price": "1500",
        "price_per_unit": "636",
        "price_unit": "ML"
      },
      {
        "state": "ACT",
        "price": "1500",
        "price_per_unit": "636",
        "price_unit": "ML"
      },
      {
        "state": "NT",
        "price": "1500",
        "price_per_unit": "636",
        "price_unit": "ML"
      }
    ]
  },
  {
    "source_url": "https://www.woolworths.com.au/shop/productdetails/801238/cetaphil-gentle-skin-cleanser-all-skin-types",
    "name": "Cetaphil Gentle Skin Cleanser All Skin Types 1l",
    "image_url": "https://cdn1.woolworths.media/content/wowproductimages/large/801238.jpg",
    "source_id": "Woolworths - 801238",
    "barcode": "9318637043002",
    "category_id": "1_894D0A8",
    "shop": "Woolworths",
    "weight": "100ML",
    "prices": [
      {
        "state": "NSW",
        "price": "3200",
        "price_per_unit": "320",
        "price_unit": "ML"
      },
      {
        "state": "VIC",
        "price": "3200",
        "price_per_unit": "320",
        "price_unit": "ML"
      },
      {
        "state": "WA",
        "price": "3200",
        "price_per_unit": "320",
        "price_unit": "ML"
      },
      {
        "state": "TAS",
        "price": "3200",
        "price_per_unit": "320",
        "price_unit": "ML"
      },
      {
        "state": "ACT",
        "price": "3200",
        "price_per_unit": "320",
        "price_unit": "ML"
      },
      {
        "state": "NT",
        "price": "3200",
        "price_per_unit": "320",
        "price_unit": "ML"
      }
    ]
  },
  {
    "source_url": "https://www.woolworths.com.au/shop/productdetails/383489/cetaphil-gentle-skin-cleanser-for-face-body-care",
    "name": "Cetaphil Gentle Skin Cleanser, For Face & Body Care 500ml",
    "image_url": "https://cdn1.woolworths.media/content/wowproductimages/large/383489.jpg",
    "source_id": "Woolworths - 383489",
    "barcode": "9318637069637",
    "category_id": "1_894D0A8",
    "shop": "Woolworths",
    "weight": "100ML",
    "prices": [
      {
        "state": "NSW",
        "price": "2200",
        "price_per_unit": "440",
        "price_unit": "ML"
      },
      {
        "state": "VIC",
        "price": "2200",
        "price_per_unit": "440",
        "price_unit": "ML"
      },
      {
        "state": "QLD",
        "price": "2200",
        "price_per_unit": "440",
        "price_unit": "ML"
      },
      {
        "state": "WA",
        "price": "2200",
        "price_per_unit": "440",
        "price_unit": "ML"
      },
      {
        "state": "SA",
        "price": "2200",
        "price_per_unit": "440",
        "price_unit": "ML"
      },
      {
        "state": "TAS",
        "price": "2200",
        "price_per_unit": "440",
        "price_unit": "ML"
      },
      {
        "state": "ACT",
        "price": "2200",
        "price_per_unit": "440",
        "price_unit": "ML"
      },
      {
        "state": "NT",
        "price": "2200",
        "price_per_unit": "440",
        "price_unit": "ML"
      }
    ]
  },
  {
    "source_url": "https://www.woolworths.com.au/shop/productdetails/793113/cetaphil-gentle-skin-cleansing-cloths",
    "name": "Cetaphil Gentle Skin Cleansing Cloths 25 Pack",
    "image_url": "https://cdn1.woolworths.media/content/wowproductimages/large/793113.jpg",
    "source_id": "Woolworths - 793113",
    "barcode": "302993934059",
    "category_id": "1_894D0A8",
    "shop": "Woolworths",
    "weight": "1EA",
    "prices": [
      {
        "state": "NSW",
        "price": "1000",
        "price_per_unit": "40",
        "price_unit": "EA"
      },
      {
        "state": "WA",
        "price": "1000",
        "price_per_unit": "40",
        "price_unit": "EA"
      },
      {
        "state": "SA",
        "price": "1000",
        "price_per_unit": "40",
        "price_unit": "EA"
      },
      {
        "state": "ACT",
        "price": "1000",
        "price_per_unit": "40",
        "price_unit": "EA"
      }
    ]
  },
  {
    "source_url": "https://www.woolworths.com.au/shop/productdetails/309786/cetaphil-intensive-moisturising-cream-for-dry-to-very-dry-skin",
    "name": "Cetaphil Intensive Moisturising Cream For Dry To Very Dry Skin 85g",
    "image_url": "https://cdn1.woolworths.media/content/wowproductimages/large/309786.jpg",
    "source_id": "Woolworths - 309786",
    "barcode": "9318637043675",
    "category_id": "1_894D0A8",
    "shop": "Woolworths",
    "weight": "100G",
    "prices": [
      {
        "state": "NSW",
        "price": "1150",
        "price_per_unit": "1353",
        "price_unit": "G"
      },
      {
        "state": "WA",
        "price": "1150",
        "price_per_unit": "1353",
        "price_unit": "G"
      },
      {
        "state": "SA",
        "price": "1150",
        "price_per_unit": "1353",
        "price_unit": "G"
      },
      {
        "state": "TAS",
        "price": "1150",
        "price_per_unit": "1353",
        "price_unit": "G"
      },
      {
        "state": "ACT",
        "price": "1150",
        "price_per_unit": "1353",
        "price_unit": "G"
      }
    ]
  },
  {
    "source_url": "https://www.woolworths.com.au/shop/productdetails/309792/cetaphil-moisturising-cream-face-body",
    "name": "Cetaphil Moisturising Cream Face & Body 250g",
    "image_url": "https://cdn1.woolworths.media/content/wowproductimages/large/309792.jpg",
    "source_id": "Woolworths - 309792",
    "barcode": "9318637391707",
    "category_id": "1_894D0A8",
    "shop": "Woolworths",
    "weight": "1EA",
    "prices": [
      {
        "state": "NSW",
        "price": "1800",
        "price_per_unit": "1800",
        "price_unit": "EA"
      },
      {
        "state": "VIC",
        "price": "1800",
        "price_per_unit": "1800",
        "price_unit": "EA"
      },
      {
        "state": "WA",
        "price": "1800",
        "price_per_unit": "1800",
        "price_unit": "EA"
      },
      {
        "state": "SA",
        "price": "1800",
        "price_per_unit": "1800",
        "price_unit": "EA"
      },
      {
        "state": "TAS",
        "price": "1800",
        "price_per_unit": "1800",
        "price_unit": "EA"
      },
      {
        "state": "ACT",
        "price": "1800",
        "price_per_unit": "1800",
        "price_unit": "EA"
      }
    ]
  },
  {
    "source_url": "https://www.woolworths.com.au/shop/productdetails/477585/cetaphil-moisturising-cream-for-face-body",
    "name": "Cetaphil Moisturising Cream For Face & Body 100g",
    "image_url": "https://cdn1.woolworths.media/content/wowproductimages/large/477585.jpg",
    "source_id": "Woolworths - 477585",
    "barcode": "9318637072453",
    "category_id": "1_894D0A8",
    "shop": "Woolworths",
    "weight": "100ML",
    "prices": [
      {
        "state": "NSW",
        "price": "1150",
        "price_per_unit": "1150",
        "price_unit": "ML"
      },
      {
        "state": "VIC",
        "price": "1150",
        "price_per_unit": "1150",
        "price_unit": "ML"
      },
      {
        "state": "WA",
        "price": "1150",
        "price_per_unit": "1150",
        "price_unit": "ML"
      },
      {
        "state": "SA",
        "price": "1150",
        "price_per_unit": "1150",
        "price_unit": "ML"
      },
      {
        "state": "TAS",
        "price": "1150",
        "price_per_unit": "1150",
        "price_unit": "ML"
      },
      {
        "state": "ACT",
        "price": "1150",
        "price_per_unit": "1150",
        "price_unit": "ML"
      }
    ]
  },
  {
    "source_url": "https://www.woolworths.com.au/shop/productdetails/110783/cetaphil-moisturising-cream-for-face-body",
    "name": "Cetaphil Moisturising Cream For Face & Body 550g",
    "image_url": "https://cdn1.woolworths.media/content/wowproductimages/large/110783.jpg",
    "source_id": "Woolworths - 110783",
    "barcode": "9318637391714",
    "category_id": "1_894D0A8",
    "shop": "Woolworths",
    "weight": "100G",
    "prices": [
      {
        "state": "NSW",
        "price": "2800",
        "price_per_unit": "509",
        "price_unit": "G"
      },
      {
        "state": "VIC",
        "price": "2800",
        "price_per_unit": "509",
        "price_unit": "G"
      },
      {
        "state": "QLD",
        "price": "2800",
        "price_per_unit": "509",
        "price_unit": "G"
      },
      {
        "state": "WA",
        "price": "2800",
        "price_per_unit": "509",
        "price_unit": "G"
      },
      {
        "state": "TAS",
        "price": "2800",
        "price_per_unit": "509",
        "price_unit": "G"
      },
      {
        "state": "ACT",
        "price": "2800",
        "price_per_unit": "509",
        "price_unit": "G"
      },
      {
        "state": "NT",
        "price": "2800",
        "price_per_unit": "509",
        "price_unit": "G"
      }
    ]
  },
  {
    "source_url": "https://www.woolworths.com.au/shop/productdetails/385113/cetaphil-moisturising-lotion",
    "name": "Cetaphil Moisturising Lotion 237ml",
    "image_url": "https://cdn1.woolworths.media/content/wowproductimages/large/385113.jpg",
    "source_id": "Woolworths - 385113",
    "barcode": "9318637044306",
    "category_id": "1_894D0A8",
    "shop": "Woolworths",
    "weight": "100ML",
    "prices": [
      {
        "state": "NSW",
        "price": "1700",
        "price_per_unit": "717",
        "price_unit": "ML"
      },
      {
        "state": "VIC",
        "price": "1700",
        "price_per_unit": "717",
        "price_unit": "ML"
      },
      {
        "state": "QLD",
        "price": "1700",
        "price_per_unit": "717",
        "price_unit": "ML"
      },
      {
        "state": "WA",
        "price": "1700",
        "price_per_unit": "717",
        "price_unit": "ML"
      },
      {
        "state": "SA",
        "price": "1700",
        "price_per_unit": "717",
        "price_unit": "ML"
      },
      {
        "state": "TAS",
        "price": "1700",
        "price_per_unit": "717",
        "price_unit": "ML"
      },
      {
        "state": "ACT",
        "price": "1700",
        "price_per_unit": "717",
        "price_unit": "ML"
      },
      {
        "state": "NT",
        "price": "1700",
        "price_per_unit": "717",
        "price_unit": "ML"
      }
    ]
  },
  {
    "source_url": "https://www.woolworths.com.au/shop/productdetails/801239/cetaphil-moisturising-lotion-dry-to-normal-sensitive-skin",
    "name": "Cetaphil Moisturising Lotion Dry To Normal Sensitive Skin 1l",
    "image_url": "https://cdn1.woolworths.media/content/wowproductimages/large/801239.jpg",
    "source_id": "Woolworths - 801239",
    "barcode": "9318637042289",
    "category_id": "1_894D0A8",
    "shop": "Woolworths",
    "weight": "100ML",
    "prices": [
      {
        "state": "NSW",
        "price": "3300",
        "price_per_unit": "330",
        "price_unit": "ML"
      },
      {
        "state": "VIC",
        "price": "3300",
        "price_per_unit": "330",
        "price_unit": "ML"
      },
      {
        "state": "QLD",
        "price": "3300",
        "price_per_unit": "330",
        "price_unit": "ML"
      },
      {
        "state": "WA",
        "price": "3300",
        "price_per_unit": "330",
        "price_unit": "ML"
      },
      {
        "state": "SA",
        "price": "3300",
        "price_per_unit": "330",
        "price_unit": "ML"
      },
      {
        "state": "TAS",
        "price": "3300",
        "price_per_unit": "330",
        "price_unit": "ML"
      },
      {
        "state": "ACT",
        "price": "3300",
        "price_per_unit": "330",
        "price_unit": "ML"
      },
      {
        "state": "NT",
        "price": "3300",
        "price_per_unit": "330",
        "price_unit": "ML"
      }
    ]
  },
  {
    "source_url": "https://www.woolworths.com.au/shop/productdetails/782593/cetaphil-oily-skin-cleanser-oily-combination-skin",
    "name": "Cetaphil Oily Skin Cleanser, Oily & Combination Skin 500ml",
    "image_url": "https://cdn1.woolworths.media/content/wowproductimages/large/782593.jpg",
    "source_id": "Woolworths - 782593",
    "barcode": "9318637042326",
    "category_id": "1_894D0A8",
    "shop": "Woolworths",
    "weight": "100ML",
    "prices": [
      {
        "state": "NSW",
        "price": "2300",
        "price_per_unit": "460",
        "price_unit": "ML"
      },
      {
        "state": "VIC",
        "price": "2300",
        "price_per_unit": "460",
        "price_unit": "ML"
      },
      {
        "state": "QLD",
        "price": "2300",
        "price_per_unit": "460",
        "price_unit": "ML"
      },
      {
        "state": "WA",
        "price": "2300",
        "price_per_unit": "460",
        "price_unit": "ML"
      },
      {
        "state": "SA",
        "price": "2300",
        "price_per_unit": "460",
        "price_unit": "ML"
      },
      {
        "state": "TAS",
        "price": "2300",
        "price_per_unit": "460",
        "price_unit": "ML"
      },
      {
        "state": "ACT",
        "price": "2300",
        "price_per_unit": "460",
        "price_unit": "ML"
      },
      {
        "state": "NT",
        "price": "2300",
        "price_per_unit": "460",
        "price_unit": "ML"
      }
    ]
  },
  {
    "source_url": "https://www.woolworths.com.au/shop/productdetails/140534/cetaphil-rich-night-cream-normal-to-very-dry-skin",
    "name": "Cetaphil Rich Night Cream Normal To Very Dry Skin 48g",
    "image_url": "https://cdn1.woolworths.media/content/wowproductimages/large/140534.jpg",
    "source_id": "Woolworths - 140534",
    "barcode": "9318637044023",
    "category_id": "1_894D0A8",
    "shop": "Woolworths",
    "weight": "100G",
    "prices": [
      {
        "state": "NSW",
        "price": "2300",
        "price_per_unit": "4792",
        "price_unit": "G"
      },
      {
        "state": "WA",
        "price": "2300",
        "price_per_unit": "4792",
        "price_unit": "G"
      },
      {
        "state": "SA",
        "price": "2300",
        "price_per_unit": "4792",
        "price_unit": "G"
      }
    ]
  },
  {
    "source_url": "https://www.woolworths.com.au/shop/productdetails/140555/cetaphil-ultra-gentle-refreshing-body-wash",
    "name": "Cetaphil Ultra Gentle Refreshing Body Wash 1l",
    "image_url": "https://cdn1.woolworths.media/content/wowproductimages/large/140555.jpg",
    "source_id": "Woolworths - 140555",
    "barcode": "9318637044054",
    "category_id": "1_894D0A8",
    "shop": "Woolworths",
    "weight": "100ML",
    "prices": [
      {
        "state": "NSW",
        "price": "2600",
        "price_per_unit": "260",
        "price_unit": "ML"
      },
      {
        "state": "VIC",
        "price": "2600",
        "price_per_unit": "260",
        "price_unit": "ML"
      },
      {
        "state": "QLD",
        "price": "2600",
        "price_per_unit": "260",
        "price_unit": "ML"
      },
      {
        "state": "WA",
        "price": "2600",
        "price_per_unit": "260",
        "price_unit": "ML"
      },
      {
        "state": "SA",
        "price": "2600",
        "price_per_unit": "260",
        "price_unit": "ML"
      },
      {
        "state": "TAS",
        "price": "2600",
        "price_per_unit": "260",
        "price_unit": "ML"
      },
      {
        "state": "ACT",
        "price": "2600",
        "price_per_unit": "260",
        "price_unit": "ML"
      },
      {
        "state": "NT",
        "price": "2600",
        "price_per_unit": "260",
        "price_unit": "ML"
      }
    ]
  },
  {
    "source_url": "https://www.woolworths.com.au/shop/productdetails/136634/dermal-therapy-anti-itch-soothing-cream",
    "name": "Dermal Therapy Anti Itch Soothing Cream 85g",
    "image_url": "https://cdn1.woolworths.media/content/wowproductimages/large/136634.jpg",
    "source_id": "Woolworths - 136634",
    "barcode": "9329224001695",
    "category_id": "1_894D0A8",
    "shop": "Woolworths",
    "weight": "100G",
    "prices": [
      {
        "state": "NSW",
        "price": "1400",
        "price_per_unit": "1647",
        "price_unit": "G"
      },
      {
        "state": "VIC",
        "price": "1400",
        "price_per_unit": "1647",
        "price_unit": "G"
      },
      {
        "state": "QLD",
        "price": "1400",
        "price_per_unit": "1647",
        "price_unit": "G"
      },
      {
        "state": "WA",
        "price": "1400",
        "price_per_unit": "1647",
        "price_unit": "G"
      },
      {
        "state": "SA",
        "price": "1400",
        "price_per_unit": "1647",
        "price_unit": "G"
      },
      {
        "state": "TAS",
        "price": "1400",
        "price_per_unit": "1647",
        "price_unit": "G"
      },
      {
        "state": "ACT",
        "price": "1400",
        "price_per_unit": "1647",
        "price_unit": "G"
      },
      {
        "state": "NT",
        "price": "1400",
        "price_per_unit": "1647",
        "price_unit": "G"
      }
    ]
  },
  {
    "source_url": "https://www.woolworths.com.au/shop/productdetails/134511/dermal-therapy-sensitive-skin-wash",
    "name": "Dermal Therapy Sensitive Skin Wash 1l",
    "image_url": "https://cdn1.woolworths.media/content/wowproductimages/large/134511.jpg",
    "source_id": "Woolworths - 134511",
    "barcode": "9329224000919",
    "category_id": "1_894D0A8",
    "shop": "Woolworths",
    "weight": "100ML",
    "prices": [
      {
        "state": "NSW",
        "price": "2500",
        "price_per_unit": "250",
        "price_unit": "ML"
      },
      {
        "state": "VIC",
        "price": "2500",
        "price_per_unit": "250",
        "price_unit": "ML"
      },
      {
        "state": "WA",
        "price": "2500",
        "price_per_unit": "250",
        "price_unit": "ML"
      },
      {
        "state": "SA",
        "price": "2500",
        "price_per_unit": "250",
        "price_unit": "ML"
      },
      {
        "state": "TAS",
        "price": "2500",
        "price_per_unit": "250",
        "price_unit": "ML"
      },
      {
        "state": "ACT",
        "price": "2500",
        "price_per_unit": "250",
        "price_unit": "ML"
      }
    ]
  },
  {
    "source_url": "https://www.woolworths.com.au/shop/productdetails/136620/dermal-therapy-very-dry-skin-cream",
    "name": "Dermal Therapy Very Dry Skin Cream 125g",
    "image_url": "https://cdn1.woolworths.media/content/wowproductimages/large/136620.jpg",
    "source_id": "Woolworths - 136620",
    "barcode": "9329224001343",
    "category_id": "1_894D0A8",
    "shop": "Woolworths",
    "weight": "100G",
    "prices": [
      {
        "state": "NSW",
        "price": "1200",
        "price_per_unit": "960",
        "price_unit": "G"
      },
      {
        "state": "VIC",
        "price": "1200",
        "price_per_unit": "960",
        "price_unit": "G"
      },
      {
        "state": "QLD",
        "price": "1200",
        "price_per_unit": "960",
        "price_unit": "G"
      },
      {
        "state": "WA",
        "price": "1200",
        "price_per_unit": "960",
        "price_unit": "G"
      },
      {
        "state": "SA",
        "price": "1200",
        "price_per_unit": "960",
        "price_unit": "G"
      },
      {
        "state": "TAS",
        "price": "1200",
        "price_per_unit": "960",
        "price_unit": "G"
      },
      {
        "state": "ACT",
        "price": "1200",
        "price_per_unit": "960",
        "price_unit": "G"
      },
      {
        "state": "NT",
        "price": "1200",
        "price_per_unit": "960",
        "price_unit": "G"
      }
    ]
  },
  {
    "source_url": "https://www.woolworths.com.au/shop/productdetails/140416/dermal-therapy-very-dry-skin-lotion",
    "name": "Dermal Therapy Very Dry Skin Lotion 500ml",
    "image_url": "https://cdn1.woolworths.media/content/wowproductimages/large/140416.jpg",
    "source_id": "Woolworths - 140416",
    "barcode": "9329224001831",
    "category_id": "1_894D0A8",
    "shop": "Woolworths",
    "weight": "100ML",
    "prices": [
      {
        "state": "NSW",
        "price": "2200",
        "price_per_unit": "440",
        "price_unit": "ML"
      },
      {
        "state": "WA",
        "price": "2200",
        "price_per_unit": "440",
        "price_unit": "ML"
      },
      {
        "state": "SA",
        "price": "2200",
        "price_per_unit": "440",
        "price_unit": "ML"
      },
      {
        "state": "ACT",
        "price": "2200",
        "price_per_unit": "440",
        "price_unit": "ML"
      }
    ]
  },
  {
    "source_url": "https://www.woolworths.com.au/shop/productdetails/771317/dermaveen-body-moisturiser-lotion",
    "name": "Dermaveen Body Moisturiser Lotion 500ml",
    "image_url": "https://cdn1.woolworths.media/content/wowproductimages/large/771317.jpg",
    "source_id": "Woolworths - 771317",
    "barcode": "9330130010176",
    "category_id": "1_894D0A8",
    "shop": "Woolworths",
    "weight": "100ML",
    "prices": [
      {
        "state": "NSW",
        "price": "1700",
        "price_per_unit": "340",
        "price_unit": "ML"
      },
      {
        "state": "VIC",
        "price": "1700",
        "price_per_unit": "340",
        "price_unit": "ML"
      },
      {
        "state": "WA",
        "price": "1700",
        "price_per_unit": "340",
        "price_unit": "ML"
      },
      {
        "state": "SA",
        "price": "1700",
        "price_per_unit": "340",
        "price_unit": "ML"
      },
      {
        "state": "TAS",
        "price": "1700",
        "price_per_unit": "340",
        "price_unit": "ML"
      },
      {
        "state": "ACT",
        "price": "1700",
        "price_per_unit": "340",
        "price_unit": "ML"
      }
    ]
  },
  {
    "source_url": "https://www.woolworths.com.au/shop/productdetails/771393/dermaveen-body-wash-shower-and-bath-oil",
    "name": "Dermaveen Body Wash Shower And Bath Oil 500ml",
    "image_url": "https://cdn1.woolworths.media/content/wowproductimages/large/771393.jpg",
    "source_id": "Woolworths - 771393",
    "barcode": "9314057010334",
    "category_id": "1_894D0A8",
    "shop": "Woolworths",
    "weight": "100ML",
    "prices": [
      {
        "state": "NSW",
        "price": "2000",
        "price_per_unit": "400",
        "price_unit": "ML"
      },
      {
        "state": "VIC",
        "price": "2000",
        "price_per_unit": "400",
        "price_unit": "ML"
      },
      {
        "state": "WA",
        "price": "2000",
        "price_per_unit": "400",
        "price_unit": "ML"
      },
      {
        "state": "SA",
        "price": "2000",
        "price_per_unit": "400",
        "price_unit": "ML"
      },
      {
        "state": "TAS",
        "price": "2000",
        "price_per_unit": "400",
        "price_unit": "ML"
      },
      {
        "state": "ACT",
        "price": "2000",
        "price_per_unit": "400",
        "price_unit": "ML"
      }
    ]
  },
  {
    "source_url": "https://www.woolworths.com.au/shop/productdetails/771315/dermaveen-body-wash-soap-free",
    "name": "Dermaveen Body Wash Soap Free 500ml",
    "image_url": "https://cdn1.woolworths.media/content/wowproductimages/large/771315.jpg",
    "source_id": "Woolworths - 771315",
    "barcode": "9330130010060",
    "category_id": "1_894D0A8",
    "shop": "Woolworths",
    "weight": "100ML",
    "prices": [
      {
        "state": "NSW",
        "price": "1700",
        "price_per_unit": "340",
        "price_unit": "ML"
      },
      {
        "state": "VIC",
        "price": "1700",
        "price_per_unit": "340",
        "price_unit": "ML"
      },
      {
        "state": "QLD",
        "price": "1700",
        "price_per_unit": "340",
        "price_unit": "ML"
      },
      {
        "state": "WA",
        "price": "1700",
        "price_per_unit": "340",
        "price_unit": "ML"
      },
      {
        "state": "TAS",
        "price": "1700",
        "price_per_unit": "340",
        "price_unit": "ML"
      },
      {
        "state": "ACT",
        "price": "1700",
        "price_per_unit": "340",
        "price_unit": "ML"
      },
      {
        "state": "NT",
        "price": "1700",
        "price_per_unit": "340",
        "price_unit": "ML"
      }
    ]
  },
  {
    "source_url": "https://www.woolworths.com.au/shop/productdetails/141385/dermaveen-extra-hydration-gentle-soap-free-wash",
    "name": "Dermaveen Extra Hydration Gentle Soap Free Wash 1l",
    "image_url": "https://cdn1.woolworths.media/content/wowproductimages/large/141385.jpg",
    "source_id": "Woolworths - 141385",
    "barcode": "9330130012095",
    "category_id": "1_894D0A8",
    "shop": "Woolworths",
    "weight": "100ML",
    "prices": [
      {
        "state": "NSW",
        "price": "3000",
        "price_per_unit": "300",
        "price_unit": "ML"
      },
      {
        "state": "VIC",
        "price": "3000",
        "price_per_unit": "300",
        "price_unit": "ML"
      },
      {
        "state": "QLD",
        "price": "3000",
        "price_per_unit": "300",
        "price_unit": "ML"
      },
      {
        "state": "WA",
        "price": "3000",
        "price_per_unit": "300",
        "price_unit": "ML"
      },
      {
        "state": "SA",
        "price": "3000",
        "price_per_unit": "300",
        "price_unit": "ML"
      },
      {
        "state": "TAS",
        "price": "3000",
        "price_per_unit": "300",
        "price_unit": "ML"
      },
      {
        "state": "ACT",
        "price": "3000",
        "price_per_unit": "300",
        "price_unit": "ML"
      },
      {
        "state": "NT",
        "price": "3000",
        "price_per_unit": "300",
        "price_unit": "ML"
      }
    ]
  },
  {
    "source_url": "https://www.woolworths.com.au/shop/productdetails/141155/dermaveen-extra-hydration-intensive-moisturising-cream",
    "name": "Dermaveen Extra Hydration Intensive Moisturising Cream 450g",
    "image_url": "https://cdn1.woolworths.media/content/wowproductimages/large/141155.jpg",
    "source_id": "Woolworths - 141155",
    "barcode": "9314057012116",
    "category_id": "1_894D0A8",
    "shop": "Woolworths",
    "weight": "100G",
    "prices": [
      {
        "state": "NSW",
        "price": "2300",
        "price_per_unit": "511",
        "price_unit": "G"
      },
      {
        "state": "WA",
        "price": "2300",
        "price_per_unit": "511",
        "price_unit": "G"
      },
      {
        "state": "SA",
        "price": "2300",
        "price_per_unit": "511",
        "price_unit": "G"
      },
      {
        "state": "ACT",
        "price": "2300",
        "price_per_unit": "511",
        "price_unit": "G"
      }
    ]
  },
  {
    "source_url": "https://www.woolworths.com.au/shop/productdetails/141892/dermaveen-extra-hydration-intensive-moisturising-lotion",
    "name": "Dermaveen Extra Hydration Intensive Moisturising Lotion 500ml",
    "image_url": "https://cdn1.woolworths.media/content/wowproductimages/large/141892.jpg",
    "source_id": "Woolworths - 141892",
    "barcode": "9314057013243",
    "category_id": "1_894D0A8",
    "shop": "Woolworths",
    "weight": "100ML",
    "prices": [
      {
        "state": "NSW",
        "price": "2000",
        "price_per_unit": "400",
        "price_unit": "ML"
      },
      {
        "state": "WA",
        "price": "2000",
        "price_per_unit": "400",
        "price_unit": "ML"
      },
      {
        "state": "SA",
        "price": "2000",
        "price_per_unit": "400",
        "price_unit": "ML"
      },
      {
        "state": "ACT",
        "price": "2000",
        "price_per_unit": "400",
        "price_unit": "ML"
      }
    ]
  },
  {
    "source_url": "https://www.woolworths.com.au/shop/productdetails/547224/dermaveen-foaming-facial-cleanser-for-sensitive-dry-skin",
    "name": "Dermaveen Foaming Facial Cleanser For Sensitive & Dry Skin 125mL",
    "image_url": "https://cdn1.woolworths.media/content/wowproductimages/large/547224.jpg",
    "source_id": "Woolworths - 547224",
    "barcode": "9314057012345",
    "category_id": "1_894D0A8",
    "shop": "Woolworths",
    "weight": "100ML",
    "prices": [
      {
        "state": "NSW",
        "price": "1600",
        "price_per_unit": "1280",
        "price_unit": "ML"
      },
      {
        "state": "VIC",
        "price": "1600",
        "price_per_unit": "1280",
        "price_unit": "ML"
      },
      {
        "state": "WA",
        "price": "1600",
        "price_per_unit": "1280",
        "price_unit": "ML"
      },
      {
        "state": "SA",
        "price": "1600",
        "price_per_unit": "1280",
        "price_unit": "ML"
      },
      {
        "state": "TAS",
        "price": "1600",
        "price_per_unit": "1280",
        "price_unit": "ML"
      },
      {
        "state": "ACT",
        "price": "1600",
        "price_per_unit": "1280",
        "price_unit": "ML"
      },
      {
        "state": "NT",
        "price": "1600",
        "price_per_unit": "1280",
        "price_unit": "ML"
      }
    ]
  },
  {
    "source_url": "https://www.woolworths.com.au/shop/productdetails/546007/dermaveen-hydrating-facial-moisturiser",
    "name": "Dermaveen Hydrating Facial Moisturiser 75mL",
    "image_url": "https://cdn1.woolworths.media/content/wowproductimages/large/546007.jpg",
    "source_id": "Woolworths - 546007",
    "barcode": "9314057009321",
    "category_id": "1_894D0A8",
    "shop": "Woolworths",
    "weight": "100ML",
    "prices": [
      {
        "state": "NSW",
        "price": "1600",
        "price_per_unit": "2133",
        "price_unit": "ML"
      },
      {
        "state": "VIC",
        "price": "1600",
        "price_per_unit": "2133",
        "price_unit": "ML"
      },
      {
        "state": "WA",
        "price": "1600",
        "price_per_unit": "2133",
        "price_unit": "ML"
      },
      {
        "state": "SA",
        "price": "1600",
        "price_per_unit": "2133",
        "price_unit": "ML"
      },
      {
        "state": "TAS",
        "price": "1600",
        "price_per_unit": "2133",
        "price_unit": "ML"
      },
      {
        "state": "ACT",
        "price": "1600",
        "price_per_unit": "2133",
        "price_unit": "ML"
      },
      {
        "state": "NT",
        "price": "1600",
        "price_per_unit": "2133",
        "price_unit": "ML"
      }
    ]
  },
  {
    "source_url": "https://www.woolworths.com.au/shop/productdetails/141357/dermaveen-intensive-moisturising-lotion",
    "name": "Dermaveen Intensive Moisturising Lotion 1l",
    "image_url": "https://cdn1.woolworths.media/content/wowproductimages/large/141357.jpg",
    "source_id": "Woolworths - 141357",
    "barcode": "9314057013250",
    "category_id": "1_894D0A8",
    "shop": "Woolworths",
    "weight": "100ML",
    "prices": [
      {
        "state": "NSW",
        "price": "3000",
        "price_per_unit": "300",
        "price_unit": "ML"
      },
      {
        "state": "VIC",
        "price": "3000",
        "price_per_unit": "300",
        "price_unit": "ML"
      },
      {
        "state": "QLD",
        "price": "3000",
        "price_per_unit": "300",
        "price_unit": "ML"
      },
      {
        "state": "WA",
        "price": "3000",
        "price_per_unit": "300",
        "price_unit": "ML"
      },
      {
        "state": "SA",
        "price": "3000",
        "price_per_unit": "300",
        "price_unit": "ML"
      },
      {
        "state": "TAS",
        "price": "3000",
        "price_per_unit": "300",
        "price_unit": "ML"
      },
      {
        "state": "ACT",
        "price": "3000",
        "price_per_unit": "300",
        "price_unit": "ML"
      },
      {
        "state": "NT",
        "price": "3000",
        "price_per_unit": "300",
        "price_unit": "ML"
      }
    ]
  },
  {
    "source_url": "https://www.woolworths.com.au/shop/productdetails/141070/dermaveen-moisturising-lotion",
    "name": "Dermaveen Moisturising Lotion 1l",
    "image_url": "https://cdn1.woolworths.media/content/wowproductimages/large/141070.jpg",
    "source_id": "Woolworths - 141070",
    "barcode": "9330130010152",
    "category_id": "1_894D0A8",
    "shop": "Woolworths",
    "weight": "100ML",
    "prices": [
      {
        "state": "NSW",
        "price": "2800",
        "price_per_unit": "280",
        "price_unit": "ML"
      },
      {
        "state": "WA",
        "price": "2800",
        "price_per_unit": "280",
        "price_unit": "ML"
      },
      {
        "state": "SA",
        "price": "2800",
        "price_per_unit": "280",
        "price_unit": "ML"
      },
      {
        "state": "ACT",
        "price": "2800",
        "price_per_unit": "280",
        "price_unit": "ML"
      }
    ]
  },
  {
    "source_url": "https://www.woolworths.com.au/shop/productdetails/141159/dermaveen-soap-free-wash",
    "name": "Dermaveen Soap Free Wash 1l",
    "image_url": "https://cdn1.woolworths.media/content/wowproductimages/large/141159.jpg",
    "source_id": "Woolworths - 141159",
    "barcode": "9330130010046",
    "category_id": "1_894D0A8",
    "shop": "Woolworths",
    "weight": "100ML",
    "prices": [
      {
        "state": "NSW",
        "price": "2800",
        "price_per_unit": "280",
        "price_unit": "ML"
      },
      {
        "state": "VIC",
        "price": "2800",
        "price_per_unit": "280",
        "price_unit": "ML"
      },
      {
        "state": "QLD",
        "price": "2800",
        "price_per_unit": "280",
        "price_unit": "ML"
      },
      {
        "state": "WA",
        "price": "2800",
        "price_per_unit": "280",
        "price_unit": "ML"
      },
      {
        "state": "SA",
        "price": "2800",
        "price_per_unit": "280",
        "price_unit": "ML"
      },
      {
        "state": "TAS",
        "price": "2800",
        "price_per_unit": "280",
        "price_unit": "ML"
      },
      {
        "state": "ACT",
        "price": "2800",
        "price_per_unit": "280",
        "price_unit": "ML"
      },
      {
        "state": "NT",
        "price": "2800",
        "price_per_unit": "280",
        "price_unit": "ML"
      }
    ]
  },
  {
    "source_url": "https://www.woolworths.com.au/shop/productdetails/771752/dermaveen-soap-free-wash-soap-free",
    "name": "Dermaveen Soap Free Wash Soap Free 250ml",
    "image_url": "https://cdn1.woolworths.media/content/wowproductimages/large/771752.jpg",
    "source_id": "Woolworths - 771752",
    "barcode": "9330130010091",
    "category_id": "1_894D0A8",
    "shop": "Woolworths",
    "weight": "100ML",
    "prices": [
      {
        "state": "NSW",
        "price": "1200",
        "price_per_unit": "480",
        "price_unit": "ML"
      },
      {
        "state": "WA",
        "price": "1200",
        "price_per_unit": "480",
        "price_unit": "ML"
      },
      {
        "state": "ACT",
        "price": "1200",
        "price_per_unit": "480",
        "price_unit": "ML"
      }
    ]
  },
  {
    "source_url": "https://www.woolworths.com.au/shop/productdetails/601365/dermaveen-soap-free-body-wash-oatmeal",
    "name": "Dermaveen Soap-Free Body Wash Oatmeal 500ml",
    "image_url": "https://cdn1.woolworths.media/content/wowproductimages/large/601365.jpg",
    "source_id": "Woolworths - 601365",
    "barcode": "9314057011195",
    "category_id": "1_894D0A8",
    "shop": "Woolworths",
    "weight": "100ML",
    "prices": [
      {
        "state": "NSW",
        "price": "2000",
        "price_per_unit": "400",
        "price_unit": "ML"
      },
      {
        "state": "VIC",
        "price": "2000",
        "price_per_unit": "400",
        "price_unit": "ML"
      },
      {
        "state": "QLD",
        "price": "2000",
        "price_per_unit": "400",
        "price_unit": "ML"
      },
      {
        "state": "WA",
        "price": "2000",
        "price_per_unit": "400",
        "price_unit": "ML"
      },
      {
        "state": "SA",
        "price": "2000",
        "price_per_unit": "400",
        "price_unit": "ML"
      },
      {
        "state": "TAS",
        "price": "2000",
        "price_per_unit": "400",
        "price_unit": "ML"
      },
      {
        "state": "ACT",
        "price": "2000",
        "price_per_unit": "400",
        "price_unit": "ML"
      },
      {
        "state": "NT",
        "price": "2000",
        "price_per_unit": "400",
        "price_unit": "ML"
      }
    ]
  },
  {
    "source_url": "https://www.woolworths.com.au/shop/productdetails/238706/dermeze-treatment-ointment-body",
    "name": "Dermeze Treatment Ointment Body 500g",
    "image_url": "https://cdn1.woolworths.media/content/wowproductimages/large/238706.jpg",
    "source_id": "Woolworths - 238706",
    "barcode": "9331134929754",
    "category_id": "1_894D0A8",
    "shop": "Woolworths",
    "weight": "100G",
    "prices": [
      {
        "state": "NSW",
        "price": "2150",
        "price_per_unit": "430",
        "price_unit": "G"
      },
      {
        "state": "WA",
        "price": "2150",
        "price_per_unit": "430",
        "price_unit": "G"
      }
    ]
  },
  {
    "source_url": "https://www.woolworths.com.au/shop/productdetails/1073918462/dope-skin-co-hydrating-antioxidant-body-lotion-w-hemp-and-vitamin-e-200ml",
    "name": "Dope Skin Co Hydrating Antioxidant Body Lotion w/ Hemp and Vitamin E 200ml",
    "image_url": "https://cdn1.woolworths.media/content/wowproductimages/large/1073918462.jpg",
    "source_id": "Woolworths - 1073918462",
    "barcode": null,
    "category_id": "1_894D0A8",
    "shop": "Woolworths",
    "weight": "100ML",
    "prices": [
      {
        "state": "NSW",
        "price": "3495",
        "price_per_unit": "1748",
        "price_unit": "ML"
      },
      {
        "state": "VIC",
        "price": "3495",
        "price_per_unit": "1748",
        "price_unit": "ML"
      },
      {
        "state": "QLD",
        "price": "3495",
        "price_per_unit": "1748",
        "price_unit": "ML"
      },
      {
        "state": "WA",
        "price": "3495",
        "price_per_unit": "1748",
        "price_unit": "ML"
      },
      {
        "state": "SA",
        "price": "3495",
        "price_per_unit": "1748",
        "price_unit": "ML"
      },
      {
        "state": "TAS",
        "price": "3495",
        "price_per_unit": "1748",
        "price_unit": "ML"
      },
      {
        "state": "ACT",
        "price": "3495",
        "price_per_unit": "1748",
        "price_unit": "ML"
      },
      {
        "state": "NT",
        "price": "3495",
        "price_per_unit": "1748",
        "price_unit": "ML"
      }
    ]
  },
  {
    "source_url": "https://www.woolworths.com.au/shop/productdetails/385380/dove-body-love-rich-nourishing-face-body-cream",
    "name": "Dove Body Love Rich Nourishing Face & Body Cream 150ml",
    "image_url": "https://cdn1.woolworths.media/content/wowproductimages/large/385380.jpg",
    "source_id": "Woolworths - 385380",
    "barcode": "859581006754",
    "category_id": "1_894D0A8",
    "shop": "Woolworths",
    "weight": "100ML",
    "prices": [
      {
        "state": "NSW",
        "price": "800",
        "price_per_unit": "533",
        "price_unit": "ML"
      },
      {
        "state": "WA",
        "price": "800",
        "price_per_unit": "533",
        "price_unit": "ML"
      },
      {
        "state": "SA",
        "price": "800",
        "price_per_unit": "533",
        "price_unit": "ML"
      },
      {
        "state": "ACT",
        "price": "800",
        "price_per_unit": "533",
        "price_unit": "ML"
      }
    ]
  },
  {
    "source_url": "https://www.woolworths.com.au/shop/productdetails/278323/dove-body-love-supple-bounce-body-lotion",
    "name": "Dove Body Love Supple Bounce Body Lotion 400ml",
    "image_url": "https://cdn1.woolworths.media/content/wowproductimages/large/278323.jpg",
    "source_id": "Woolworths - 278323",
    "barcode": "8901030952944",
    "category_id": "1_894D0A8",
    "shop": "Woolworths",
    "weight": "100ML",
    "prices": [
      {
        "state": "NSW",
        "price": "1100",
        "price_per_unit": "275",
        "price_unit": "ML"
      },
      {
        "state": "VIC",
        "price": "1100",
        "price_per_unit": "275",
        "price_unit": "ML"
      },
      {
        "state": "WA",
        "price": "1100",
        "price_per_unit": "275",
        "price_unit": "ML"
      },
      {
        "state": "SA",
        "price": "1100",
        "price_per_unit": "275",
        "price_unit": "ML"
      },
      {
        "state": "TAS",
        "price": "1100",
        "price_per_unit": "275",
        "price_unit": "ML"
      },
      {
        "state": "ACT",
        "price": "1100",
        "price_per_unit": "275",
        "price_unit": "ML"
      },
      {
        "state": "NT",
        "price": "1100",
        "price_per_unit": "275",
        "price_unit": "ML"
      }
    ]
  },
  {
    "source_url": "https://www.woolworths.com.au/shop/productdetails/278321/dove-nourished-radiance-rich-body-lotion",
    "name": "Dove Nourished Radiance Rich Body Lotion 400ml",
    "image_url": "https://cdn1.woolworths.media/content/wowproductimages/large/278321.jpg",
    "source_id": "Woolworths - 278321",
    "barcode": "8901030952951",
    "category_id": "1_894D0A8",
    "shop": "Woolworths",
    "weight": "100ML",
    "prices": [
      {
        "state": "NSW",
        "price": "1100",
        "price_per_unit": "275",
        "price_unit": "ML"
      },
      {
        "state": "VIC",
        "price": "1100",
        "price_per_unit": "275",
        "price_unit": "ML"
      },
      {
        "state": "WA",
        "price": "1100",
        "price_per_unit": "275",
        "price_unit": "ML"
      },
      {
        "state": "SA",
        "price": "1100",
        "price_per_unit": "275",
        "price_unit": "ML"
      },
      {
        "state": "TAS",
        "price": "1100",
        "price_per_unit": "275",
        "price_unit": "ML"
      },
      {
        "state": "ACT",
        "price": "1100",
        "price_per_unit": "275",
        "price_unit": "ML"
      }
    ]
  },
  {
    "source_url": "https://www.woolworths.com.au/shop/productdetails/105001/dr-pickles-antibacterial-foam-wash-with-hemp-oil",
    "name": "Dr Pickles Antibacterial Foam Wash With Hemp Oil 50ml",
    "image_url": "https://cdn1.woolworths.media/content/wowproductimages/large/105001.jpg",
    "source_id": "Woolworths - 105001",
    "barcode": "9350235000032",
    "category_id": "1_894D0A8",
    "shop": "Woolworths",
    "weight": "100ML",
    "prices": [
      {
        "state": "NSW",
        "price": "1550",
        "price_per_unit": "3100",
        "price_unit": "ML"
      },
      {
        "state": "WA",
        "price": "1550",
        "price_per_unit": "3100",
        "price_unit": "ML"
      },
      {
        "state": "SA",
        "price": "1550",
        "price_per_unit": "3100",
        "price_unit": "ML"
      },
      {
        "state": "ACT",
        "price": "1550",
        "price_per_unit": "3100",
        "price_unit": "ML"
      }
    ]
  },
  {
    "source_url": "https://www.woolworths.com.au/shop/productdetails/440479/dr-pickles-tattoo-balm-tube",
    "name": "Dr Pickles Tattoo Balm Tube 75g",
    "image_url": "https://cdn1.woolworths.media/content/wowproductimages/large/440479.jpg",
    "source_id": "Woolworths - 440479",
    "barcode": "9350235000025",
    "category_id": "1_894D0A8",
    "shop": "Woolworths",
    "weight": "100G",
    "prices": [
      {
        "state": "NSW",
        "price": "1550",
        "price_per_unit": "2067",
        "price_unit": "G"
      },
      {
        "state": "VIC",
        "price": "1550",
        "price_per_unit": "2067",
        "price_unit": "G"
      },
      {
        "state": "QLD",
        "price": "1550",
        "price_per_unit": "2067",
        "price_unit": "G"
      },
      {
        "state": "WA",
        "price": "1550",
        "price_per_unit": "2067",
        "price_unit": "G"
      },
      {
        "state": "SA",
        "price": "1550",
        "price_per_unit": "2067",
        "price_unit": "G"
      },
      {
        "state": "TAS",
        "price": "1550",
        "price_per_unit": "2067",
        "price_unit": "G"
      },
      {
        "state": "ACT",
        "price": "1550",
        "price_per_unit": "2067",
        "price_unit": "G"
      },
      {
        "state": "NT",
        "price": "1550",
        "price_per_unit": "2067",
        "price_unit": "G"
      }
    ]
  },
  {
    "source_url": "https://www.woolworths.com.au/shop/productdetails/968353/essano-collagen-boost-night-cream",
    "name": "Essano Collagen Boost Night Cream 50g",
    "image_url": "https://cdn1.woolworths.media/content/wowproductimages/large/968353.jpg",
    "source_id": "Woolworths - 968353",
    "barcode": "9421008702368",
    "category_id": "1_894D0A8",
    "shop": "Woolworths",
    "weight": "100G",
    "prices": [
      {
        "state": "NSW",
        "price": "2700",
        "price_per_unit": "5400",
        "price_unit": "G"
      },
      {
        "state": "VIC",
        "price": "2700",
        "price_per_unit": "5400",
        "price_unit": "G"
      },
      {
        "state": "QLD",
        "price": "2700",
        "price_per_unit": "5400",
        "price_unit": "G"
      },
      {
        "state": "WA",
        "price": "2700",
        "price_per_unit": "5400",
        "price_unit": "G"
      },
      {
        "state": "SA",
        "price": "2700",
        "price_per_unit": "5400",
        "price_unit": "G"
      },
      {
        "state": "TAS",
        "price": "2700",
        "price_per_unit": "5400",
        "price_unit": "G"
      },
      {
        "state": "ACT",
        "price": "2700",
        "price_per_unit": "5400",
        "price_unit": "G"
      },
      {
        "state": "NT",
        "price": "2700",
        "price_per_unit": "5400",
        "price_unit": "G"
      }
    ]
  },
  {
    "source_url": "https://www.woolworths.com.au/shop/productdetails/966792/essano-collagen-boost-serum",
    "name": "Essano Collagen Boost Serum 30ml",
    "image_url": "https://cdn1.woolworths.media/content/wowproductimages/large/966792.jpg",
    "source_id": "Woolworths - 966792",
    "barcode": "9421008702276",
    "category_id": "1_894D0A8",
    "shop": "Woolworths",
    "weight": "100ML",
    "prices": [
      {
        "state": "NSW",
        "price": "3400",
        "price_per_unit": "11333",
        "price_unit": "ML"
      },
      {
        "state": "VIC",
        "price": "3400",
        "price_per_unit": "11333",
        "price_unit": "ML"
      },
      {
        "state": "QLD",
        "price": "3400",
        "price_per_unit": "11333",
        "price_unit": "ML"
      },
      {
        "state": "WA",
        "price": "3400",
        "price_per_unit": "11333",
        "price_unit": "ML"
      },
      {
        "state": "SA",
        "price": "3400",
        "price_per_unit": "11333",
        "price_unit": "ML"
      },
      {
        "state": "TAS",
        "price": "3400",
        "price_per_unit": "11333",
        "price_unit": "ML"
      },
      {
        "state": "ACT",
        "price": "3400",
        "price_per_unit": "11333",
        "price_unit": "ML"
      },
      {
        "state": "NT",
        "price": "3400",
        "price_per_unit": "11333",
        "price_unit": "ML"
      }
    ]
  },
  {
    "source_url": "https://www.woolworths.com.au/shop/productdetails/772384/essano-rosehip-oil-certified-organic",
    "name": "Essano Rosehip Oil Certified Organic 20ml",
    "image_url": "https://cdn1.woolworths.media/content/wowproductimages/large/772384.jpg",
    "source_id": "Woolworths - 772384",
    "barcode": "9421008702016",
    "category_id": "1_894D0A8",
    "shop": "Woolworths",
    "weight": "100ML",
    "prices": [
      {
        "state": "NSW",
        "price": "2400",
        "price_per_unit": "12000",
        "price_unit": "ML"
      },
      {
        "state": "VIC",
        "price": "2400",
        "price_per_unit": "12000",
        "price_unit": "ML"
      },
      {
        "state": "QLD",
        "price": "2400",
        "price_per_unit": "12000",
        "price_unit": "ML"
      },
      {
        "state": "WA",
        "price": "2400",
        "price_per_unit": "12000",
        "price_unit": "ML"
      },
      {
        "state": "SA",
        "price": "2400",
        "price_per_unit": "12000",
        "price_unit": "ML"
      },
      {
        "state": "TAS",
        "price": "2400",
        "price_per_unit": "12000",
        "price_unit": "ML"
      },
      {
        "state": "NT",
        "price": "2400",
        "price_per_unit": "12000",
        "price_unit": "ML"
      }
    ]
  },
  {
    "source_url": "https://www.woolworths.com.au/shop/productdetails/662677/glow-lab-moisturiser",
    "name": "Glow Lab Moisturiser 100ml",
    "image_url": "https://cdn1.woolworths.media/content/wowproductimages/large/662677.jpg",
    "source_id": "Woolworths - 662677",
    "barcode": "9421027311909",
    "category_id": "1_894D0A8",
    "shop": "Woolworths",
    "weight": "100ML",
    "prices": [
      {
        "state": "NSW",
        "price": "1600",
        "price_per_unit": "1600",
        "price_unit": "ML"
      },
      {
        "state": "VIC",
        "price": "1600",
        "price_per_unit": "1600",
        "price_unit": "ML"
      },
      {
        "state": "QLD",
        "price": "1600",
        "price_per_unit": "1600",
        "price_unit": "ML"
      },
      {
        "state": "WA",
        "price": "1600",
        "price_per_unit": "1600",
        "price_unit": "ML"
      },
      {
        "state": "SA",
        "price": "1600",
        "price_per_unit": "1600",
        "price_unit": "ML"
      },
      {
        "state": "TAS",
        "price": "1600",
        "price_per_unit": "1600",
        "price_unit": "ML"
      },
      {
        "state": "ACT",
        "price": "1600",
        "price_per_unit": "1600",
        "price_unit": "ML"
      },
      {
        "state": "NT",
        "price": "1600",
        "price_per_unit": "1600",
        "price_unit": "ML"
      }
    ]
  },
  {
    "source_url": "https://www.woolworths.com.au/shop/productdetails/764395/l-oreal-paris-age-perfect-cell-renewal-day-cream-spf15",
    "name": "L'Oreal Paris Age Perfect Cell Renewal Day Cream SPF15 50ml",
    "image_url": "https://cdn1.woolworths.media/content/wowproductimages/large/764395.jpg",
    "source_id": "Woolworths - 764395",
    "barcode": "3600522323372",
    "category_id": "1_894D0A8",
    "shop": "Woolworths",
    "weight": "100ML",
    "prices": [
      {
        "state": "NSW",
        "price": "5500",
        "price_per_unit": "11000",
        "price_unit": "ML"
      },
      {
        "state": "VIC",
        "price": "5500",
        "price_per_unit": "11000",
        "price_unit": "ML"
      },
      {
        "state": "QLD",
        "price": "5500",
        "price_per_unit": "11000",
        "price_unit": "ML"
      },
      {
        "state": "WA",
        "price": "5500",
        "price_per_unit": "11000",
        "price_unit": "ML"
      },
      {
        "state": "SA",
        "price": "5500",
        "price_per_unit": "11000",
        "price_unit": "ML"
      },
      {
        "state": "TAS",
        "price": "5500",
        "price_per_unit": "11000",
        "price_unit": "ML"
      },
      {
        "state": "ACT",
        "price": "5500",
        "price_per_unit": "11000",
        "price_unit": "ML"
      },
      {
        "state": "NT",
        "price": "5500",
        "price_per_unit": "11000",
        "price_unit": "ML"
      }
    ]
  },
  {
    "source_url": "https://www.woolworths.com.au/shop/productdetails/764348/l-oreal-paris-age-perfect-cell-renewal-night-cream",
    "name": "L'Oreal Paris Age Perfect Cell Renewal Night Cream 50mL",
    "image_url": "https://cdn1.woolworths.media/content/wowproductimages/large/764348.jpg",
    "source_id": "Woolworths - 764348",
    "barcode": "3600522323389",
    "category_id": "1_894D0A8",
    "shop": "Woolworths",
    "weight": "100ML",
    "prices": [
      {
        "state": "NSW",
        "price": "5500",
        "price_per_unit": "11000",
        "price_unit": "ML"
      },
      {
        "state": "VIC",
        "price": "5500",
        "price_per_unit": "11000",
        "price_unit": "ML"
      },
      {
        "state": "QLD",
        "price": "5500",
        "price_per_unit": "11000",
        "price_unit": "ML"
      },
      {
        "state": "WA",
        "price": "5500",
        "price_per_unit": "11000",
        "price_unit": "ML"
      },
      {
        "state": "SA",
        "price": "5500",
        "price_per_unit": "11000",
        "price_unit": "ML"
      },
      {
        "state": "TAS",
        "price": "5500",
        "price_per_unit": "11000",
        "price_unit": "ML"
      },
      {
        "state": "ACT",
        "price": "5500",
        "price_per_unit": "11000",
        "price_unit": "ML"
      },
      {
        "state": "NT",
        "price": "5500",
        "price_per_unit": "11000",
        "price_unit": "ML"
      }
    ]
  },
  {
    "source_url": "https://www.woolworths.com.au/shop/productdetails/188343/l-oreal-paris-age-perfect-day-cream",
    "name": "L'Oreal Paris Age Perfect Day Cream 50mL",
    "image_url": "https://cdn1.woolworths.media/content/wowproductimages/large/188343.jpg",
    "source_id": "Woolworths - 188343",
    "barcode": "9312825697220",
    "category_id": "1_894D0A8",
    "shop": "Woolworths",
    "weight": "100ML",
    "prices": [
      {
        "state": "NSW",
        "price": "4000",
        "price_per_unit": "8000",
        "price_unit": "ML"
      },
      {
        "state": "VIC",
        "price": "4000",
        "price_per_unit": "8000",
        "price_unit": "ML"
      },
      {
        "state": "QLD",
        "price": "4000",
        "price_per_unit": "8000",
        "price_unit": "ML"
      },
      {
        "state": "WA",
        "price": "4000",
        "price_per_unit": "8000",
        "price_unit": "ML"
      },
      {
        "state": "SA",
        "price": "4000",
        "price_per_unit": "8000",
        "price_unit": "ML"
      },
      {
        "state": "TAS",
        "price": "4000",
        "price_per_unit": "8000",
        "price_unit": "ML"
      },
      {
        "state": "ACT",
        "price": "4000",
        "price_per_unit": "8000",
        "price_unit": "ML"
      },
      {
        "state": "NT",
        "price": "4000",
        "price_per_unit": "8000",
        "price_unit": "ML"
      }
    ]
  },
  {
    "source_url": "https://www.woolworths.com.au/shop/productdetails/506517/l-oreal-paris-age-perfect-golden-age-rosy-day-cream",
    "name": "L'Oreal Paris Age Perfect Golden Age Rosy Day Cream 50mL",
    "image_url": "https://cdn1.woolworths.media/content/wowproductimages/large/506517.jpg",
    "source_id": "Woolworths - 506517",
    "barcode": "3600523216475",
    "category_id": "1_894D0A8",
    "shop": "Woolworths",
    "weight": "100ML",
    "prices": [
      {
        "state": "NSW",
        "price": "4000",
        "price_per_unit": "8000",
        "price_unit": "ML"
      },
      {
        "state": "VIC",
        "price": "4000",
        "price_per_unit": "8000",
        "price_unit": "ML"
      },
      {
        "state": "QLD",
        "price": "4000",
        "price_per_unit": "8000",
        "price_unit": "ML"
      },
      {
        "state": "WA",
        "price": "4000",
        "price_per_unit": "8000",
        "price_unit": "ML"
      },
      {
        "state": "SA",
        "price": "4000",
        "price_per_unit": "8000",
        "price_unit": "ML"
      },
      {
        "state": "TAS",
        "price": "4000",
        "price_per_unit": "8000",
        "price_unit": "ML"
      },
      {
        "state": "ACT",
        "price": "4000",
        "price_per_unit": "8000",
        "price_unit": "ML"
      },
      {
        "state": "NT",
        "price": "4000",
        "price_per_unit": "8000",
        "price_unit": "ML"
      }
    ]
  },
  {
    "source_url": "https://www.woolworths.com.au/shop/productdetails/506519/l-oreal-paris-age-perfect-golden-age-rosy-night-cream",
    "name": "L'Oreal Paris Age Perfect Golden Age Rosy Night Cream 50mL",
    "image_url": "https://cdn1.woolworths.media/content/wowproductimages/large/506519.jpg",
    "source_id": "Woolworths - 506519",
    "barcode": "3600523242610",
    "category_id": "1_894D0A8",
    "shop": "Woolworths",
    "weight": "100ML",
    "prices": [
      {
        "state": "NSW",
        "price": "4000",
        "price_per_unit": "8000",
        "price_unit": "ML"
      },
      {
        "state": "VIC",
        "price": "4000",
        "price_per_unit": "8000",
        "price_unit": "ML"
      },
      {
        "state": "QLD",
        "price": "4000",
        "price_per_unit": "8000",
        "price_unit": "ML"
      },
      {
        "state": "WA",
        "price": "4000",
        "price_per_unit": "8000",
        "price_unit": "ML"
      },
      {
        "state": "SA",
        "price": "4000",
        "price_per_unit": "8000",
        "price_unit": "ML"
      },
      {
        "state": "TAS",
        "price": "4000",
        "price_per_unit": "8000",
        "price_unit": "ML"
      },
      {
        "state": "ACT",
        "price": "4000",
        "price_per_unit": "8000",
        "price_unit": "ML"
      },
      {
        "state": "NT",
        "price": "4200",
        "price_per_unit": "8400",
        "price_unit": "ML"
      }
    ]
  },
  {
    "source_url": "https://www.woolworths.com.au/shop/productdetails/187658/l-oreal-paris-age-perfect-night-cream",
    "name": "L'Oreal Paris Age Perfect Night Cream 50mL",
    "image_url": "https://cdn1.woolworths.media/content/wowproductimages/large/187658.jpg",
    "source_id": "Woolworths - 187658",
    "barcode": "9312825697251",
    "category_id": "1_894D0A8",
    "shop": "Woolworths",
    "weight": "100ML",
    "prices": [
      {
        "state": "NSW",
        "price": "4000",
        "price_per_unit": "8000",
        "price_unit": "ML"
      },
      {
        "state": "VIC",
        "price": "4000",
        "price_per_unit": "8000",
        "price_unit": "ML"
      },
      {
        "state": "QLD",
        "price": "4000",
        "price_per_unit": "8000",
        "price_unit": "ML"
      },
      {
        "state": "WA",
        "price": "4000",
        "price_per_unit": "8000",
        "price_unit": "ML"
      },
      {
        "state": "SA",
        "price": "4000",
        "price_per_unit": "8000",
        "price_unit": "ML"
      },
      {
        "state": "TAS",
        "price": "4000",
        "price_per_unit": "8000",
        "price_unit": "ML"
      },
      {
        "state": "ACT",
        "price": "4000",
        "price_per_unit": "8000",
        "price_unit": "ML"
      },
      {
        "state": "NT",
        "price": "4000",
        "price_per_unit": "8000",
        "price_unit": "ML"
      }
    ]
  },
  {
    "source_url": "https://www.woolworths.com.au/shop/productdetails/892592/l-oreal-paris-revitalift-filler-day-cream",
    "name": "L'Oreal Paris Revitalift Filler Day Cream 50mL",
    "image_url": "https://cdn1.woolworths.media/content/wowproductimages/large/892592.jpg",
    "source_id": "Woolworths - 892592",
    "barcode": "3600522892359",
    "category_id": "1_894D0A8",
    "shop": "Woolworths",
    "weight": "100ML",
    "prices": [
      {
        "state": "NSW",
        "price": "5500",
        "price_per_unit": "11000",
        "price_unit": "ML"
      },
      {
        "state": "VIC",
        "price": "5500",
        "price_per_unit": "11000",
        "price_unit": "ML"
      },
      {
        "state": "QLD",
        "price": "5500",
        "price_per_unit": "11000",
        "price_unit": "ML"
      },
      {
        "state": "WA",
        "price": "5500",
        "price_per_unit": "11000",
        "price_unit": "ML"
      },
      {
        "state": "SA",
        "price": "5500",
        "price_per_unit": "11000",
        "price_unit": "ML"
      },
      {
        "state": "TAS",
        "price": "5500",
        "price_per_unit": "11000",
        "price_unit": "ML"
      },
      {
        "state": "ACT",
        "price": "5500",
        "price_per_unit": "11000",
        "price_unit": "ML"
      },
      {
        "state": "NT",
        "price": "5500",
        "price_per_unit": "11000",
        "price_unit": "ML"
      }
    ]
  },
  {
    "source_url": "https://www.woolworths.com.au/shop/productdetails/481538/l-oreal-paris-revitalift-filler-night-cream",
    "name": "L'Oreal Paris Revitalift Filler Night Cream 50mL",
    "image_url": "https://cdn1.woolworths.media/content/wowproductimages/large/481538.jpg",
    "source_id": "Woolworths - 481538",
    "barcode": "3600523201396",
    "category_id": "1_894D0A8",
    "shop": "Woolworths",
    "weight": "100ML",
    "prices": [
      {
        "state": "NSW",
        "price": "5500",
        "price_per_unit": "11000",
        "price_unit": "ML"
      },
      {
        "state": "VIC",
        "price": "5500",
        "price_per_unit": "11000",
        "price_unit": "ML"
      },
      {
        "state": "QLD",
        "price": "5500",
        "price_per_unit": "11000",
        "price_unit": "ML"
      },
      {
        "state": "WA",
        "price": "5500",
        "price_per_unit": "11000",
        "price_unit": "ML"
      },
      {
        "state": "SA",
        "price": "5500",
        "price_per_unit": "11000",
        "price_unit": "ML"
      },
      {
        "state": "TAS",
        "price": "5500",
        "price_per_unit": "11000",
        "price_unit": "ML"
      },
      {
        "state": "ACT",
        "price": "5500",
        "price_per_unit": "11000",
        "price_unit": "ML"
      },
      {
        "state": "NT",
        "price": "5500",
        "price_per_unit": "11000",
        "price_unit": "ML"
      }
    ]
  },
  {
    "source_url": "https://www.woolworths.com.au/shop/productdetails/794274/l-oreal-paris-revitalift-hydrating-cream-spf15",
    "name": "L'Oreal Paris Revitalift Hydrating Cream SPF15 50mL",
    "image_url": "https://cdn1.woolworths.media/content/wowproductimages/large/794274.jpg",
    "source_id": "Woolworths - 794274",
    "barcode": "3600522416982",
    "category_id": "1_894D0A8",
    "shop": "Woolworths",
    "weight": "100ML",
    "prices": [
      {
        "state": "NSW",
        "price": "4000",
        "price_per_unit": "8000",
        "price_unit": "ML"
      },
      {
        "state": "VIC",
        "price": "4000",
        "price_per_unit": "8000",
        "price_unit": "ML"
      },
      {
        "state": "QLD",
        "price": "4000",
        "price_per_unit": "8000",
        "price_unit": "ML"
      },
      {
        "state": "WA",
        "price": "4000",
        "price_per_unit": "8000",
        "price_unit": "ML"
      },
      {
        "state": "SA",
        "price": "4000",
        "price_per_unit": "8000",
        "price_unit": "ML"
      },
      {
        "state": "TAS",
        "price": "4000",
        "price_per_unit": "8000",
        "price_unit": "ML"
      },
      {
        "state": "ACT",
        "price": "4000",
        "price_per_unit": "8000",
        "price_unit": "ML"
      },
      {
        "state": "NT",
        "price": "4000",
        "price_per_unit": "8000",
        "price_unit": "ML"
      }
    ]
  },
  {
    "source_url": "https://www.woolworths.com.au/shop/productdetails/188389/l-oreal-paris-revitalift-hydrating-day-cream",
    "name": "L'Oreal Paris Revitalift Hydrating Day Cream 50mL",
    "image_url": "https://cdn1.woolworths.media/content/wowproductimages/large/188389.jpg",
    "source_id": "Woolworths - 188389",
    "barcode": "9312825697466",
    "category_id": "1_894D0A8",
    "shop": "Woolworths",
    "weight": "100ML",
    "prices": [
      {
        "state": "NSW",
        "price": "4000",
        "price_per_unit": "8000",
        "price_unit": "ML"
      },
      {
        "state": "VIC",
        "price": "4000",
        "price_per_unit": "8000",
        "price_unit": "ML"
      },
      {
        "state": "QLD",
        "price": "4000",
        "price_per_unit": "8000",
        "price_unit": "ML"
      },
      {
        "state": "WA",
        "price": "4000",
        "price_per_unit": "8000",
        "price_unit": "ML"
      },
      {
        "state": "SA",
        "price": "4000",
        "price_per_unit": "8000",
        "price_unit": "ML"
      },
      {
        "state": "TAS",
        "price": "4000",
        "price_per_unit": "8000",
        "price_unit": "ML"
      },
      {
        "state": "ACT",
        "price": "4000",
        "price_per_unit": "8000",
        "price_unit": "ML"
      },
      {
        "state": "NT",
        "price": "4000",
        "price_per_unit": "8000",
        "price_unit": "ML"
      }
    ]
  },
  {
    "source_url": "https://www.woolworths.com.au/shop/productdetails/188347/l-oreal-paris-revitalift-hydrating-night-cream",
    "name": "L'Oreal Paris Revitalift Hydrating Night Cream 50mL",
    "image_url": "https://cdn1.woolworths.media/content/wowproductimages/large/188347.jpg",
    "source_id": "Woolworths - 188347",
    "barcode": "9312825697497",
    "category_id": "1_894D0A8",
    "shop": "Woolworths",
    "weight": "100ML",
    "prices": [
      {
        "state": "NSW",
        "price": "4000",
        "price_per_unit": "8000",
        "price_unit": "ML"
      },
      {
        "state": "VIC",
        "price": "4000",
        "price_per_unit": "8000",
        "price_unit": "ML"
      },
      {
        "state": "QLD",
        "price": "4000",
        "price_per_unit": "8000",
        "price_unit": "ML"
      },
      {
        "state": "WA",
        "price": "4000",
        "price_per_unit": "8000",
        "price_unit": "ML"
      },
      {
        "state": "SA",
        "price": "4000",
        "price_per_unit": "8000",
        "price_unit": "ML"
      },
      {
        "state": "TAS",
        "price": "4000",
        "price_per_unit": "8000",
        "price_unit": "ML"
      },
      {
        "state": "ACT",
        "price": "4000",
        "price_per_unit": "8000",
        "price_unit": "ML"
      },
      {
        "state": "NT",
        "price": "4000",
        "price_per_unit": "8000",
        "price_unit": "ML"
      }
    ]
  },
  {
    "source_url": "https://www.woolworths.com.au/shop/productdetails/749763/l-oreal-paris-revitalift-laser-x3-day-cream",
    "name": "L'Oreal Paris Revitalift Laser X3 Day Cream 50mL",
    "image_url": "https://cdn1.woolworths.media/content/wowproductimages/large/749763.jpg",
    "source_id": "Woolworths - 749763",
    "barcode": "3600522248873",
    "category_id": "1_894D0A8",
    "shop": "Woolworths",
    "weight": "100ML",
    "prices": [
      {
        "state": "NSW",
        "price": "5500",
        "price_per_unit": "11000",
        "price_unit": "ML"
      },
      {
        "state": "VIC",
        "price": "5500",
        "price_per_unit": "11000",
        "price_unit": "ML"
      },
      {
        "state": "QLD",
        "price": "5500",
        "price_per_unit": "11000",
        "price_unit": "ML"
      },
      {
        "state": "WA",
        "price": "5500",
        "price_per_unit": "11000",
        "price_unit": "ML"
      },
      {
        "state": "SA",
        "price": "5500",
        "price_per_unit": "11000",
        "price_unit": "ML"
      },
      {
        "state": "TAS",
        "price": "5500",
        "price_per_unit": "11000",
        "price_unit": "ML"
      },
      {
        "state": "ACT",
        "price": "5500",
        "price_per_unit": "11000",
        "price_unit": "ML"
      },
      {
        "state": "NT",
        "price": "5500",
        "price_per_unit": "11000",
        "price_unit": "ML"
      }
    ]
  },
  {
    "source_url": "https://www.woolworths.com.au/shop/productdetails/779446/l-oreal-paris-revitalift-laser-x3-night-cream",
    "name": "L'Oreal Paris Revitalift Laser X3 Night Cream 50mL",
    "image_url": "https://cdn1.woolworths.media/content/wowproductimages/large/779446.jpg",
    "source_id": "Woolworths - 779446",
    "barcode": "3600522480150",
    "category_id": "1_894D0A8",
    "shop": "Woolworths",
    "weight": "100ML",
    "prices": [
      {
        "state": "NSW",
        "price": "5500",
        "price_per_unit": "11000",
        "price_unit": "ML"
      },
      {
        "state": "VIC",
        "price": "5500",
        "price_per_unit": "11000",
        "price_unit": "ML"
      },
      {
        "state": "QLD",
        "price": "5500",
        "price_per_unit": "11000",
        "price_unit": "ML"
      },
      {
        "state": "WA",
        "price": "5500",
        "price_per_unit": "11000",
        "price_unit": "ML"
      },
      {
        "state": "SA",
        "price": "5500",
        "price_per_unit": "11000",
        "price_unit": "ML"
      },
      {
        "state": "TAS",
        "price": "5500",
        "price_per_unit": "11000",
        "price_unit": "ML"
      },
      {
        "state": "ACT",
        "price": "5500",
        "price_per_unit": "11000",
        "price_unit": "ML"
      },
      {
        "state": "NT",
        "price": "5500",
        "price_per_unit": "11000",
        "price_unit": "ML"
      }
    ]
  },
  {
    "source_url": "https://www.woolworths.com.au/shop/productdetails/676751/l-oreal-paris-revitalift-laser-x3-spf15-cream",
    "name": "L'Oreal Paris Revitalift Laser X3 SPF15 Cream 50ml",
    "image_url": "https://cdn1.woolworths.media/content/wowproductimages/large/676751.jpg",
    "source_id": "Woolworths - 676751",
    "barcode": "3600523456246",
    "category_id": "1_894D0A8",
    "shop": "Woolworths",
    "weight": "100ML",
    "prices": [
      {
        "state": "NSW",
        "price": "5500",
        "price_per_unit": "11000",
        "price_unit": "ML"
      },
      {
        "state": "VIC",
        "price": "5500",
        "price_per_unit": "11000",
        "price_unit": "ML"
      },
      {
        "state": "QLD",
        "price": "5500",
        "price_per_unit": "11000",
        "price_unit": "ML"
      },
      {
        "state": "WA",
        "price": "5500",
        "price_per_unit": "11000",
        "price_unit": "ML"
      },
      {
        "state": "SA",
        "price": "5500",
        "price_per_unit": "11000",
        "price_unit": "ML"
      },
      {
        "state": "TAS",
        "price": "5500",
        "price_per_unit": "11000",
        "price_unit": "ML"
      },
      {
        "state": "ACT",
        "price": "5500",
        "price_per_unit": "11000",
        "price_unit": "ML"
      },
      {
        "state": "NT",
        "price": "5500",
        "price_per_unit": "11000",
        "price_unit": "ML"
      }
    ]
  },
  {
    "source_url": "https://www.woolworths.com.au/shop/productdetails/503238/l-oreal-paris-revitalift-serum",
    "name": "L'Oreal Paris Revitalift Serum 30mL",
    "image_url": "https://cdn1.woolworths.media/content/wowproductimages/large/503238.jpg",
    "source_id": "Woolworths - 503238",
    "barcode": "3600523279302",
    "category_id": "1_894D0A8",
    "shop": "Woolworths",
    "weight": "100ML",
    "prices": [
      {
        "state": "NSW",
        "price": "4500",
        "price_per_unit": "15000",
        "price_unit": "ML"
      },
      {
        "state": "VIC",
        "price": "4500",
        "price_per_unit": "15000",
        "price_unit": "ML"
      },
      {
        "state": "QLD",
        "price": "4500",
        "price_per_unit": "15000",
        "price_unit": "ML"
      },
      {
        "state": "WA",
        "price": "4500",
        "price_per_unit": "15000",
        "price_unit": "ML"
      },
      {
        "state": "SA",
        "price": "4500",
        "price_per_unit": "15000",
        "price_unit": "ML"
      },
      {
        "state": "TAS",
        "price": "4500",
        "price_per_unit": "15000",
        "price_unit": "ML"
      },
      {
        "state": "ACT",
        "price": "4500",
        "price_per_unit": "15000",
        "price_unit": "ML"
      },
      {
        "state": "NT",
        "price": "4500",
        "price_per_unit": "15000",
        "price_unit": "ML"
      }
    ]
  },
  {
    "source_url": "https://www.woolworths.com.au/shop/productdetails/659791/l-oreal-paris-wrinkle-expert-day-cream-35-",
    "name": "L'Oreal Paris Wrinkle Expert Day Cream 35+ 50mL",
    "image_url": "https://cdn1.woolworths.media/content/wowproductimages/large/659791.jpg",
    "source_id": "Woolworths - 659791",
    "barcode": "3600523183623",
    "category_id": "1_894D0A8",
    "shop": "Woolworths",
    "weight": "100ML",
    "prices": [
      {
        "state": "NSW",
        "price": "1800",
        "price_per_unit": "3600",
        "price_unit": "ML"
      },
      {
        "state": "WA",
        "price": "1800",
        "price_per_unit": "3600",
        "price_unit": "ML"
      },
      {
        "state": "ACT",
        "price": "1800",
        "price_per_unit": "3600",
        "price_unit": "ML"
      }
    ]
  },
  {
    "source_url": "https://www.woolworths.com.au/shop/productdetails/659792/l-oreal-paris-wrinkle-expert-day-cream-45-",
    "name": "L'Oreal Paris Wrinkle Expert Day Cream 45+ 50mL",
    "image_url": "https://cdn1.woolworths.media/content/wowproductimages/large/659792.jpg",
    "source_id": "Woolworths - 659792",
    "barcode": "3600523183647",
    "category_id": "1_894D0A8",
    "shop": "Woolworths",
    "weight": "100ML",
    "prices": [
      {
        "state": "NSW",
        "price": "1800",
        "price_per_unit": "3600",
        "price_unit": "ML"
      },
      {
        "state": "VIC",
        "price": "1800",
        "price_per_unit": "3600",
        "price_unit": "ML"
      },
      {
        "state": "QLD",
        "price": "1800",
        "price_per_unit": "3600",
        "price_unit": "ML"
      },
      {
        "state": "WA",
        "price": "1800",
        "price_per_unit": "3600",
        "price_unit": "ML"
      },
      {
        "state": "SA",
        "price": "1800",
        "price_per_unit": "3600",
        "price_unit": "ML"
      },
      {
        "state": "TAS",
        "price": "1800",
        "price_per_unit": "3600",
        "price_unit": "ML"
      },
      {
        "state": "ACT",
        "price": "1800",
        "price_per_unit": "3600",
        "price_unit": "ML"
      },
      {
        "state": "NT",
        "price": "1800",
        "price_per_unit": "3600",
        "price_unit": "ML"
      }
    ]
  },
  {
    "source_url": "https://www.woolworths.com.au/shop/productdetails/659793/l-oreal-paris-wrinkle-expert-day-cream-55-",
    "name": "L'Oreal Paris Wrinkle Expert Day Cream 55+ 50mL",
    "image_url": "https://cdn1.woolworths.media/content/wowproductimages/large/659793.jpg",
    "source_id": "Woolworths - 659793",
    "barcode": "3600523183661",
    "category_id": "1_894D0A8",
    "shop": "Woolworths",
    "weight": "100ML",
    "prices": [
      {
        "state": "NSW",
        "price": "1800",
        "price_per_unit": "3600",
        "price_unit": "ML"
      },
      {
        "state": "VIC",
        "price": "1800",
        "price_per_unit": "3600",
        "price_unit": "ML"
      },
      {
        "state": "QLD",
        "price": "1800",
        "price_per_unit": "3600",
        "price_unit": "ML"
      },
      {
        "state": "WA",
        "price": "1800",
        "price_per_unit": "3600",
        "price_unit": "ML"
      },
      {
        "state": "SA",
        "price": "1800",
        "price_per_unit": "3600",
        "price_unit": "ML"
      },
      {
        "state": "TAS",
        "price": "1800",
        "price_per_unit": "3600",
        "price_unit": "ML"
      },
      {
        "state": "ACT",
        "price": "1800",
        "price_per_unit": "3600",
        "price_unit": "ML"
      },
      {
        "state": "NT",
        "price": "1800",
        "price_per_unit": "3600",
        "price_unit": "ML"
      }
    ]
  },
  {
    "source_url": "https://www.woolworths.com.au/shop/productdetails/820320/l-oreal-paris-wrinkle-expert-night-cream-55-",
    "name": "L'Oreal Paris Wrinkle Expert Night Cream 55+ 50mL",
    "image_url": "https://cdn1.woolworths.media/content/wowproductimages/large/820320.jpg",
    "source_id": "Woolworths - 820320",
    "barcode": "3600523350315",
    "category_id": "1_894D0A8",
    "shop": "Woolworths",
    "weight": "100ML",
    "prices": [
      {
        "state": "NSW",
        "price": "1800",
        "price_per_unit": "3600",
        "price_unit": "ML"
      },
      {
        "state": "VIC",
        "price": "1800",
        "price_per_unit": "3600",
        "price_unit": "ML"
      },
      {
        "state": "QLD",
        "price": "1800",
        "price_per_unit": "3600",
        "price_unit": "ML"
      },
      {
        "state": "WA",
        "price": "1800",
        "price_per_unit": "3600",
        "price_unit": "ML"
      },
      {
        "state": "SA",
        "price": "1800",
        "price_per_unit": "3600",
        "price_unit": "ML"
      },
      {
        "state": "TAS",
        "price": "1800",
        "price_per_unit": "3600",
        "price_unit": "ML"
      },
      {
        "state": "ACT",
        "price": "1800",
        "price_per_unit": "3600",
        "price_unit": "ML"
      },
      {
        "state": "NT",
        "price": "1800",
        "price_per_unit": "3600",
        "price_unit": "ML"
      }
    ]
  },
  {
    "source_url": "https://www.woolworths.com.au/shop/productdetails/663402/mcobeauty-brightening-body-cream",
    "name": "MCoBeauty Brightening Body Cream 240mL",
    "image_url": "https://cdn1.woolworths.media/content/wowproductimages/large/663402.jpg",
    "source_id": "Woolworths - 663402",
    "barcode": "9331880029197",
    "category_id": "1_894D0A8",
    "shop": "Woolworths",
    "weight": "100ML",
    "prices": [
      {
        "state": "NSW",
        "price": "3400",
        "price_per_unit": "1417",
        "price_unit": "ML"
      },
      {
        "state": "VIC",
        "price": "3400",
        "price_per_unit": "1417",
        "price_unit": "ML"
      },
      {
        "state": "QLD",
        "price": "3400",
        "price_per_unit": "1417",
        "price_unit": "ML"
      },
      {
        "state": "WA",
        "price": "3400",
        "price_per_unit": "1417",
        "price_unit": "ML"
      },
      {
        "state": "SA",
        "price": "3400",
        "price_per_unit": "1417",
        "price_unit": "ML"
      },
      {
        "state": "TAS",
        "price": "3400",
        "price_per_unit": "1417",
        "price_unit": "ML"
      },
      {
        "state": "ACT",
        "price": "3400",
        "price_per_unit": "1417",
        "price_unit": "ML"
      },
      {
        "state": "NT",
        "price": "3400",
        "price_per_unit": "1417",
        "price_unit": "ML"
      }
    ]
  },
  {
    "source_url": "https://www.woolworths.com.au/shop/productdetails/917936/mcobeauty-hydrating-body-butter",
    "name": "MCoBeauty Hydrating Body Butter 240g",
    "image_url": "https://cdn1.woolworths.media/content/wowproductimages/large/917936.jpg",
    "source_id": "Woolworths - 917936",
    "barcode": "9331880033941",
    "category_id": "1_894D0A8",
    "shop": "Woolworths",
    "weight": "100ML",
    "prices": [
      {
        "state": "NSW",
        "price": "3400",
        "price_per_unit": "1417",
        "price_unit": "ML"
      },
      {
        "state": "VIC",
        "price": "3400",
        "price_per_unit": "1417",
        "price_unit": "ML"
      },
      {
        "state": "QLD",
        "price": "3400",
        "price_per_unit": "1417",
        "price_unit": "ML"
      },
      {
        "state": "WA",
        "price": "3400",
        "price_per_unit": "1417",
        "price_unit": "ML"
      },
      {
        "state": "SA",
        "price": "3400",
        "price_per_unit": "1417",
        "price_unit": "ML"
      },
      {
        "state": "TAS",
        "price": "3400",
        "price_per_unit": "1417",
        "price_unit": "ML"
      },
      {
        "state": "ACT",
        "price": "3400",
        "price_per_unit": "1417",
        "price_unit": "ML"
      },
      {
        "state": "NT",
        "price": "3400",
        "price_per_unit": "1417",
        "price_unit": "ML"
      }
    ]
  },
  {
    "source_url": "https://www.woolworths.com.au/shop/productdetails/613639/mcobeauty-smoothing-body-cream-all-skin-types",
    "name": "MCoBeauty Smoothing Body Cream All Skin Types 240mL",
    "image_url": "https://cdn1.woolworths.media/content/wowproductimages/large/613639.jpg",
    "source_id": "Woolworths - 613639",
    "barcode": "9331880024062",
    "category_id": "1_894D0A8",
    "shop": "Woolworths",
    "weight": "100ML",
    "prices": [
      {
        "state": "NSW",
        "price": "3400",
        "price_per_unit": "1417",
        "price_unit": "ML"
      },
      {
        "state": "VIC",
        "price": "3400",
        "price_per_unit": "1417",
        "price_unit": "ML"
      },
      {
        "state": "QLD",
        "price": "3400",
        "price_per_unit": "1417",
        "price_unit": "ML"
      },
      {
        "state": "WA",
        "price": "3400",
        "price_per_unit": "1417",
        "price_unit": "ML"
      },
      {
        "state": "SA",
        "price": "3400",
        "price_per_unit": "1417",
        "price_unit": "ML"
      },
      {
        "state": "TAS",
        "price": "3400",
        "price_per_unit": "1417",
        "price_unit": "ML"
      },
      {
        "state": "ACT",
        "price": "3400",
        "price_per_unit": "1417",
        "price_unit": "ML"
      },
      {
        "state": "NT",
        "price": "3400",
        "price_per_unit": "1417",
        "price_unit": "ML"
      }
    ]
  },
  {
    "source_url": "https://www.woolworths.com.au/shop/productdetails/662365/mcobeauty-tightening-body-cream",
    "name": "MCoBeauty Tightening Body Cream 240mL",
    "image_url": "https://cdn1.woolworths.media/content/wowproductimages/large/662365.jpg",
    "source_id": "Woolworths - 662365",
    "barcode": "9331880024079",
    "category_id": "1_894D0A8",
    "shop": "Woolworths",
    "weight": "100ML",
    "prices": [
      {
        "state": "NSW",
        "price": "3400",
        "price_per_unit": "1417",
        "price_unit": "ML"
      },
      {
        "state": "VIC",
        "price": "3400",
        "price_per_unit": "1417",
        "price_unit": "ML"
      },
      {
        "state": "QLD",
        "price": "3400",
        "price_per_unit": "1417",
        "price_unit": "ML"
      },
      {
        "state": "WA",
        "price": "3400",
        "price_per_unit": "1417",
        "price_unit": "ML"
      },
      {
        "state": "SA",
        "price": "3400",
        "price_per_unit": "1417",
        "price_unit": "ML"
      },
      {
        "state": "TAS",
        "price": "3400",
        "price_per_unit": "1417",
        "price_unit": "ML"
      },
      {
        "state": "ACT",
        "price": "3400",
        "price_per_unit": "1417",
        "price_unit": "ML"
      },
      {
        "state": "NT",
        "price": "3400",
        "price_per_unit": "1417",
        "price_unit": "ML"
      }
    ]
  },
  {
    "source_url": "https://www.woolworths.com.au/shop/productdetails/798188/neutrogena-hydro-boost-hyaluronic-acid-night-cream-face-moisturiser",
    "name": "Neutrogena Hydro Boost Hyaluronic Acid Night Cream Face Moisturiser 50g",
    "image_url": "https://cdn1.woolworths.media/content/wowproductimages/large/798188.jpg",
    "source_id": "Woolworths - 798188",
    "barcode": "9300607563252",
    "category_id": "1_894D0A8",
    "shop": "Woolworths",
    "weight": "100G",
    "prices": [
      {
        "state": "NSW",
        "price": "2100",
        "price_per_unit": "4200",
        "price_unit": "G"
      },
      {
        "state": "VIC",
        "price": "2100",
        "price_per_unit": "4200",
        "price_unit": "G"
      },
      {
        "state": "QLD",
        "price": "2100",
        "price_per_unit": "4200",
        "price_unit": "G"
      },
      {
        "state": "WA",
        "price": "2100",
        "price_per_unit": "4200",
        "price_unit": "G"
      },
      {
        "state": "SA",
        "price": "2100",
        "price_per_unit": "4200",
        "price_unit": "G"
      },
      {
        "state": "TAS",
        "price": "2100",
        "price_per_unit": "4200",
        "price_unit": "G"
      },
      {
        "state": "ACT",
        "price": "2100",
        "price_per_unit": "4200",
        "price_unit": "G"
      },
      {
        "state": "NT",
        "price": "2100",
        "price_per_unit": "4200",
        "price_unit": "G"
      }
    ]
  },
  {
    "source_url": "https://www.woolworths.com.au/shop/productdetails/503708/neutrogena-hydro-boost-hyaluronic-acid-nourishing-cream-moisturiser",
    "name": "Neutrogena Hydro Boost Hyaluronic Acid Nourishing Cream Moisturiser 50g",
    "image_url": "https://cdn1.woolworths.media/content/wowproductimages/large/503708.jpg",
    "source_id": "Woolworths - 503708",
    "barcode": "9300607563269",
    "category_id": "1_894D0A8",
    "shop": "Woolworths",
    "weight": "100G",
    "prices": [
      {
        "state": "NSW",
        "price": "2280",
        "price_per_unit": "4560",
        "price_unit": "G"
      },
      {
        "state": "VIC",
        "price": "2280",
        "price_per_unit": "4560",
        "price_unit": "G"
      },
      {
        "state": "QLD",
        "price": "2280",
        "price_per_unit": "4560",
        "price_unit": "G"
      },
      {
        "state": "WA",
        "price": "2280",
        "price_per_unit": "4560",
        "price_unit": "G"
      },
      {
        "state": "SA",
        "price": "2280",
        "price_per_unit": "4560",
        "price_unit": "G"
      },
      {
        "state": "TAS",
        "price": "2280",
        "price_per_unit": "4560",
        "price_unit": "G"
      },
      {
        "state": "ACT",
        "price": "2280",
        "price_per_unit": "4560",
        "price_unit": "G"
      },
      {
        "state": "NT",
        "price": "2280",
        "price_per_unit": "4560",
        "price_unit": "G"
      }
    ]
  },
  {
    "source_url": "https://www.woolworths.com.au/shop/productdetails/72569/nivea-aloe-soothing-hydrating-body-lotion",
    "name": "Nivea Aloe & Soothing Hydrating Body Lotion 400ml",
    "image_url": "https://cdn1.woolworths.media/content/wowproductimages/large/072569.jpg",
    "source_id": "Woolworths - 72569",
    "barcode": "4005900717931",
    "category_id": "1_894D0A8",
    "shop": "Woolworths",
    "weight": "100ML",
    "prices": [
      {
        "state": "NSW",
        "price": "950",
        "price_per_unit": "238",
        "price_unit": "ML"
      },
      {
        "state": "VIC",
        "price": "950",
        "price_per_unit": "238",
        "price_unit": "ML"
      },
      {
        "state": "QLD",
        "price": "950",
        "price_per_unit": "238",
        "price_unit": "ML"
      },
      {
        "state": "WA",
        "price": "950",
        "price_per_unit": "238",
        "price_unit": "ML"
      },
      {
        "state": "SA",
        "price": "950",
        "price_per_unit": "238",
        "price_unit": "ML"
      },
      {
        "state": "TAS",
        "price": "950",
        "price_per_unit": "238",
        "price_unit": "ML"
      },
      {
        "state": "ACT",
        "price": "950",
        "price_per_unit": "238",
        "price_unit": "ML"
      },
      {
        "state": "NT",
        "price": "950",
        "price_per_unit": "238",
        "price_unit": "ML"
      }
    ]
  },
  {
    "source_url": "https://www.woolworths.com.au/shop/productdetails/819947/nivea-cherry-blossom-jojoba-oil-infused-body-lotion",
    "name": "Nivea Cherry Blossom & Jojoba Oil Infused Body Lotion 400ml",
    "image_url": "https://cdn1.woolworths.media/content/wowproductimages/large/819947.jpg",
    "source_id": "Woolworths - 819947",
    "barcode": "4005900534651",
    "category_id": "1_894D0A8",
    "shop": "Woolworths",
    "weight": "100ML",
    "prices": [
      {
        "state": "NSW",
        "price": "1100",
        "price_per_unit": "275",
        "price_unit": "ML"
      },
      {
        "state": "VIC",
        "price": "1100",
        "price_per_unit": "275",
        "price_unit": "ML"
      },
      {
        "state": "WA",
        "price": "1100",
        "price_per_unit": "275",
        "price_unit": "ML"
      },
      {
        "state": "SA",
        "price": "1100",
        "price_per_unit": "275",
        "price_unit": "ML"
      },
      {
        "state": "TAS",
        "price": "1100",
        "price_per_unit": "275",
        "price_unit": "ML"
      },
      {
        "state": "ACT",
        "price": "1100",
        "price_per_unit": "275",
        "price_unit": "ML"
      }
    ]
  },
  {
    "source_url": "https://www.woolworths.com.au/shop/productdetails/674479/nivea-cocoa-butter-body-lotion-48-hour-deep-moisturiser",
    "name": "Nivea Cocoa Butter Body Lotion 48 Hour Deep Moisturiser 400ml",
    "image_url": "https://cdn1.woolworths.media/content/wowproductimages/large/674479.jpg",
    "source_id": "Woolworths - 674479",
    "barcode": "4005900437013",
    "category_id": "1_894D0A8",
    "shop": "Woolworths",
    "weight": "100ML",
    "prices": [
      {
        "state": "NSW",
        "price": "950",
        "price_per_unit": "238",
        "price_unit": "ML"
      },
      {
        "state": "VIC",
        "price": "950",
        "price_per_unit": "238",
        "price_unit": "ML"
      },
      {
        "state": "QLD",
        "price": "950",
        "price_per_unit": "238",
        "price_unit": "ML"
      },
      {
        "state": "WA",
        "price": "950",
        "price_per_unit": "238",
        "price_unit": "ML"
      },
      {
        "state": "SA",
        "price": "950",
        "price_per_unit": "238",
        "price_unit": "ML"
      },
      {
        "state": "TAS",
        "price": "950",
        "price_per_unit": "238",
        "price_unit": "ML"
      },
      {
        "state": "ACT",
        "price": "950",
        "price_per_unit": "238",
        "price_unit": "ML"
      },
      {
        "state": "NT",
        "price": "950",
        "price_per_unit": "238",
        "price_unit": "ML"
      }
    ]
  },
  {
    "source_url": "https://www.woolworths.com.au/shop/productdetails/72570/nivea-coconut-monoi-oil-infused-body-lotion",
    "name": "Nivea Coconut & Monoi Oil Infused Body Lotion 400ml",
    "image_url": "https://cdn1.woolworths.media/content/wowproductimages/large/072570.jpg",
    "source_id": "Woolworths - 72570",
    "barcode": "4005900629890",
    "category_id": "1_894D0A8",
    "shop": "Woolworths",
    "weight": "100ML",
    "prices": [
      {
        "state": "NSW",
        "price": "1100",
        "price_per_unit": "275",
        "price_unit": "ML"
      },
      {
        "state": "VIC",
        "price": "1100",
        "price_per_unit": "275",
        "price_unit": "ML"
      },
      {
        "state": "WA",
        "price": "1100",
        "price_per_unit": "275",
        "price_unit": "ML"
      },
      {
        "state": "SA",
        "price": "1100",
        "price_per_unit": "275",
        "price_unit": "ML"
      },
      {
        "state": "TAS",
        "price": "1100",
        "price_per_unit": "275",
        "price_unit": "ML"
      },
      {
        "state": "ACT",
        "price": "1100",
        "price_per_unit": "275",
        "price_unit": "ML"
      }
    ]
  },
  {
    "source_url": "https://www.woolworths.com.au/shop/productdetails/567622/nivea-creme-tin-moisturiser-for-face-body",
    "name": "Nivea Creme Tin Moisturiser For Face & Body 150mL",
    "image_url": "https://cdn1.woolworths.media/content/wowproductimages/large/567622.jpg",
    "source_id": "Woolworths - 567622",
    "barcode": "4005900360229",
    "category_id": "1_894D0A8",
    "shop": "Woolworths",
    "weight": "100ML",
    "prices": [
      {
        "state": "NSW",
        "price": "1000",
        "price_per_unit": "667",
        "price_unit": "ML"
      },
      {
        "state": "VIC",
        "price": "1000",
        "price_per_unit": "667",
        "price_unit": "ML"
      },
      {
        "state": "QLD",
        "price": "1000",
        "price_per_unit": "667",
        "price_unit": "ML"
      },
      {
        "state": "WA",
        "price": "1000",
        "price_per_unit": "667",
        "price_unit": "ML"
      },
      {
        "state": "SA",
        "price": "1000",
        "price_per_unit": "667",
        "price_unit": "ML"
      },
      {
        "state": "TAS",
        "price": "1000",
        "price_per_unit": "667",
        "price_unit": "ML"
      },
      {
        "state": "ACT",
        "price": "1000",
        "price_per_unit": "667",
        "price_unit": "ML"
      },
      {
        "state": "NT",
        "price": "1000",
        "price_per_unit": "667",
        "price_unit": "ML"
      }
    ]
  },
  {
    "source_url": "https://www.woolworths.com.au/shop/productdetails/370876/nivea-express-hydration-body-lotion-fast-absorbing-moisturiser",
    "name": "Nivea Express Hydration Body Lotion Fast Absorbing Moisturiser 250ml",
    "image_url": "https://cdn1.woolworths.media/content/wowproductimages/large/370876.jpg",
    "source_id": "Woolworths - 370876",
    "barcode": "4005808606795",
    "category_id": "1_894D0A8",
    "shop": "Woolworths",
    "weight": "100ML",
    "prices": [
      {
        "state": "NSW",
        "price": "650",
        "price_per_unit": "260",
        "price_unit": "ML"
      },
      {
        "state": "WA",
        "price": "650",
        "price_per_unit": "260",
        "price_unit": "ML"
      },
      {
        "state": "SA",
        "price": "650",
        "price_per_unit": "260",
        "price_unit": "ML"
      },
      {
        "state": "ACT",
        "price": "650",
        "price_per_unit": "260",
        "price_unit": "ML"
      }
    ]
  },
  {
    "source_url": "https://www.woolworths.com.au/shop/productdetails/370877/nivea-express-hydration-body-lotion-fast-absorbing-moisturiser",
    "name": "Nivea Express Hydration Body Lotion Fast Absorbing Moisturiser 400ml",
    "image_url": "https://cdn1.woolworths.media/content/wowproductimages/large/370877.jpg",
    "source_id": "Woolworths - 370877",
    "barcode": "4005900038005",
    "category_id": "1_894D0A8",
    "shop": "Woolworths",
    "weight": "100ML",
    "prices": [
      {
        "state": "NSW",
        "price": "950",
        "price_per_unit": "238",
        "price_unit": "ML"
      },
      {
        "state": "VIC",
        "price": "950",
        "price_per_unit": "238",
        "price_unit": "ML"
      },
      {
        "state": "QLD",
        "price": "950",
        "price_per_unit": "238",
        "price_unit": "ML"
      },
      {
        "state": "WA",
        "price": "950",
        "price_per_unit": "238",
        "price_unit": "ML"
      },
      {
        "state": "SA",
        "price": "950",
        "price_per_unit": "238",
        "price_unit": "ML"
      },
      {
        "state": "TAS",
        "price": "950",
        "price_per_unit": "238",
        "price_unit": "ML"
      },
      {
        "state": "ACT",
        "price": "950",
        "price_per_unit": "238",
        "price_unit": "ML"
      },
      {
        "state": "NT",
        "price": "950",
        "price_per_unit": "238",
        "price_unit": "ML"
      }
    ]
  },
  {
    "source_url": "https://www.woolworths.com.au/shop/productdetails/730306/nivea-hydrating-day-face-cream-moisturiser-with-spf30",
    "name": "Nivea Hydrating Day Face Cream Moisturiser With Spf30 50ml",
    "image_url": "https://cdn1.woolworths.media/content/wowproductimages/large/730306.jpg",
    "source_id": "Woolworths - 730306",
    "barcode": "4005800096662",
    "category_id": "1_894D0A8",
    "shop": "Woolworths",
    "weight": "100ML",
    "prices": [
      {
        "state": "NSW",
        "price": "1500",
        "price_per_unit": "3000",
        "price_unit": "ML"
      },
      {
        "state": "VIC",
        "price": "1500",
        "price_per_unit": "3000",
        "price_unit": "ML"
      },
      {
        "state": "QLD",
        "price": "1500",
        "price_per_unit": "3000",
        "price_unit": "ML"
      },
      {
        "state": "WA",
        "price": "1500",
        "price_per_unit": "3000",
        "price_unit": "ML"
      },
      {
        "state": "SA",
        "price": "1500",
        "price_per_unit": "3000",
        "price_unit": "ML"
      },
      {
        "state": "TAS",
        "price": "1500",
        "price_per_unit": "3000",
        "price_unit": "ML"
      },
      {
        "state": "ACT",
        "price": "1500",
        "price_per_unit": "3000",
        "price_unit": "ML"
      },
      {
        "state": "NT",
        "price": "1500",
        "price_per_unit": "3000",
        "price_unit": "ML"
      }
    ]
  },
  {
    "source_url": "https://www.woolworths.com.au/shop/productdetails/381551/nivea-hydrating-night-cream-face-moisturiser-with-vitamin-e",
    "name": "Nivea Hydrating Night Cream Face Moisturiser With Vitamin e 50ml",
    "image_url": "https://cdn1.woolworths.media/content/wowproductimages/large/381551.jpg",
    "source_id": "Woolworths - 381551",
    "barcode": "4005800083242",
    "category_id": "1_894D0A8",
    "shop": "Woolworths",
    "weight": "100ML",
    "prices": [
      {
        "state": "NSW",
        "price": "1500",
        "price_per_unit": "3000",
        "price_unit": "ML"
      },
      {
        "state": "VIC",
        "price": "1500",
        "price_per_unit": "3000",
        "price_unit": "ML"
      },
      {
        "state": "QLD",
        "price": "1500",
        "price_per_unit": "3000",
        "price_unit": "ML"
      },
      {
        "state": "WA",
        "price": "1500",
        "price_per_unit": "3000",
        "price_unit": "ML"
      },
      {
        "state": "SA",
        "price": "1500",
        "price_per_unit": "3000",
        "price_unit": "ML"
      },
      {
        "state": "TAS",
        "price": "1500",
        "price_per_unit": "3000",
        "price_unit": "ML"
      },
      {
        "state": "ACT",
        "price": "1500",
        "price_per_unit": "3000",
        "price_unit": "ML"
      },
      {
        "state": "NT",
        "price": "1500",
        "price_per_unit": "3000",
        "price_unit": "ML"
      }
    ]
  },
  {
    "source_url": "https://www.woolworths.com.au/shop/productdetails/715652/nivea-irresistibly-smooth-body-lotion-with-moisturising-serum",
    "name": "Nivea Irresistibly Smooth Body Lotion With Moisturising Serum 400ml",
    "image_url": "https://cdn1.woolworths.media/content/wowproductimages/large/715652.jpg",
    "source_id": "Woolworths - 715652",
    "barcode": "4005808232529",
    "category_id": "1_894D0A8",
    "shop": "Woolworths",
    "weight": "100ML",
    "prices": [
      {
        "state": "NSW",
        "price": "950",
        "price_per_unit": "238",
        "price_unit": "ML"
      },
      {
        "state": "VIC",
        "price": "950",
        "price_per_unit": "238",
        "price_unit": "ML"
      },
      {
        "state": "QLD",
        "price": "950",
        "price_per_unit": "238",
        "price_unit": "ML"
      },
      {
        "state": "WA",
        "price": "950",
        "price_per_unit": "238",
        "price_unit": "ML"
      },
      {
        "state": "SA",
        "price": "950",
        "price_per_unit": "238",
        "price_unit": "ML"
      },
      {
        "state": "TAS",
        "price": "950",
        "price_per_unit": "238",
        "price_unit": "ML"
      },
      {
        "state": "ACT",
        "price": "950",
        "price_per_unit": "238",
        "price_unit": "ML"
      },
      {
        "state": "NT",
        "price": "950",
        "price_per_unit": "238",
        "price_unit": "ML"
      }
    ]
  },
  {
    "source_url": "https://www.woolworths.com.au/shop/productdetails/730320/nivea-nourishing-day-face-cream-moisturiser-with-spf30",
    "name": "Nivea Nourishing Day Face Cream Moisturiser With Spf30 50ml",
    "image_url": "https://cdn1.woolworths.media/content/wowproductimages/large/730320.jpg",
    "source_id": "Woolworths - 730320",
    "barcode": "4005800096693",
    "category_id": "1_894D0A8",
    "shop": "Woolworths",
    "weight": "100ML",
    "prices": [
      {
        "state": "NSW",
        "price": "1500",
        "price_per_unit": "3000",
        "price_unit": "ML"
      },
      {
        "state": "VIC",
        "price": "1500",
        "price_per_unit": "3000",
        "price_unit": "ML"
      },
      {
        "state": "QLD",
        "price": "1500",
        "price_per_unit": "3000",
        "price_unit": "ML"
      },
      {
        "state": "WA",
        "price": "1500",
        "price_per_unit": "3000",
        "price_unit": "ML"
      },
      {
        "state": "SA",
        "price": "1500",
        "price_per_unit": "3000",
        "price_unit": "ML"
      },
      {
        "state": "TAS",
        "price": "1500",
        "price_per_unit": "3000",
        "price_unit": "ML"
      },
      {
        "state": "ACT",
        "price": "1500",
        "price_per_unit": "3000",
        "price_unit": "ML"
      },
      {
        "state": "NT",
        "price": "1500",
        "price_per_unit": "3000",
        "price_unit": "ML"
      }
    ]
  },
  {
    "source_url": "https://www.woolworths.com.au/shop/productdetails/819950/nivea-q10-anti-wrinkle-day-cream-anti-ageing-moisturiser-spf30",
    "name": "Nivea Q10 Anti Wrinkle Day Cream Anti Ageing Moisturiser Spf30 50ml",
    "image_url": "https://cdn1.woolworths.media/content/wowproductimages/large/819950.jpg",
    "source_id": "Woolworths - 819950",
    "barcode": "4005900566768",
    "category_id": "1_894D0A8",
    "shop": "Woolworths",
    "weight": "100ML",
    "prices": [
      {
        "state": "NSW",
        "price": "2800",
        "price_per_unit": "5600",
        "price_unit": "ML"
      },
      {
        "state": "VIC",
        "price": "2800",
        "price_per_unit": "5600",
        "price_unit": "ML"
      },
      {
        "state": "QLD",
        "price": "2800",
        "price_per_unit": "5600",
        "price_unit": "ML"
      },
      {
        "state": "WA",
        "price": "2800",
        "price_per_unit": "5600",
        "price_unit": "ML"
      },
      {
        "state": "SA",
        "price": "2800",
        "price_per_unit": "5600",
        "price_unit": "ML"
      },
      {
        "state": "TAS",
        "price": "2800",
        "price_per_unit": "5600",
        "price_unit": "ML"
      },
      {
        "state": "ACT",
        "price": "2800",
        "price_per_unit": "5600",
        "price_unit": "ML"
      },
      {
        "state": "NT",
        "price": "2800",
        "price_per_unit": "5600",
        "price_unit": "ML"
      }
    ]
  },
  {
    "source_url": "https://www.woolworths.com.au/shop/productdetails/819946/nivea-q10-anti-wrinkle-eye-cream-with-q10-creatine",
    "name": "Nivea Q10 Anti Wrinkle Eye Cream With q10 & Creatine 15ml",
    "image_url": "https://cdn1.woolworths.media/content/wowproductimages/large/819946.jpg",
    "source_id": "Woolworths - 819946",
    "barcode": "4005900566775",
    "category_id": "1_894D0A8",
    "shop": "Woolworths",
    "weight": "10ML",
    "prices": [
      {
        "state": "NSW",
        "price": "2800",
        "price_per_unit": "1867",
        "price_unit": "ML"
      },
      {
        "state": "VIC",
        "price": "2800",
        "price_per_unit": "1867",
        "price_unit": "ML"
      },
      {
        "state": "QLD",
        "price": "2800",
        "price_per_unit": "1867",
        "price_unit": "ML"
      },
      {
        "state": "WA",
        "price": "2800",
        "price_per_unit": "1867",
        "price_unit": "ML"
      },
      {
        "state": "SA",
        "price": "2800",
        "price_per_unit": "1867",
        "price_unit": "ML"
      },
      {
        "state": "TAS",
        "price": "2800",
        "price_per_unit": "1867",
        "price_unit": "ML"
      },
      {
        "state": "ACT",
        "price": "2800",
        "price_per_unit": "1867",
        "price_unit": "ML"
      },
      {
        "state": "NT",
        "price": "2800",
        "price_per_unit": "1867",
        "price_unit": "ML"
      }
    ]
  },
  {
    "source_url": "https://www.woolworths.com.au/shop/productdetails/819945/nivea-q10-anti-wrinkle-night-cream-anti-ageing-moisturiser",
    "name": "Nivea Q10 Anti Wrinkle Night Cream Anti Ageing Moisturiser 50ml",
    "image_url": "https://cdn1.woolworths.media/content/wowproductimages/large/819945.jpg",
    "source_id": "Woolworths - 819945",
    "barcode": "4005900566782",
    "category_id": "1_894D0A8",
    "shop": "Woolworths",
    "weight": "100ML",
    "prices": [
      {
        "state": "NSW",
        "price": "2800",
        "price_per_unit": "5600",
        "price_unit": "ML"
      },
      {
        "state": "QLD",
        "price": "2800",
        "price_per_unit": "5600",
        "price_unit": "ML"
      },
      {
        "state": "WA",
        "price": "2800",
        "price_per_unit": "5600",
        "price_unit": "ML"
      },
      {
        "state": "SA",
        "price": "2800",
        "price_per_unit": "5600",
        "price_unit": "ML"
      },
      {
        "state": "TAS",
        "price": "2800",
        "price_per_unit": "5600",
        "price_unit": "ML"
      },
      {
        "state": "ACT",
        "price": "2800",
        "price_per_unit": "5600",
        "price_unit": "ML"
      },
      {
        "state": "NT",
        "price": "2800",
        "price_per_unit": "5600",
        "price_unit": "ML"
      }
    ]
  },
  {
    "source_url": "https://www.woolworths.com.au/shop/productdetails/89596/nivea-q10-plus-firming-body-lotion-with-vitamin-c",
    "name": "Nivea Q10 Plus Firming Body Lotion With Vitamin c 400ml",
    "image_url": "https://cdn1.woolworths.media/content/wowproductimages/large/089596.jpg",
    "source_id": "Woolworths - 89596",
    "barcode": "4005808237470",
    "category_id": "1_894D0A8",
    "shop": "Woolworths",
    "weight": "100ML",
    "prices": [
      {
        "state": "NSW",
        "price": "1100",
        "price_per_unit": "275",
        "price_unit": "ML"
      },
      {
        "state": "VIC",
        "price": "1100",
        "price_per_unit": "275",
        "price_unit": "ML"
      },
      {
        "state": "QLD",
        "price": "1100",
        "price_per_unit": "275",
        "price_unit": "ML"
      },
      {
        "state": "WA",
        "price": "1100",
        "price_per_unit": "275",
        "price_unit": "ML"
      },
      {
        "state": "SA",
        "price": "1100",
        "price_per_unit": "275",
        "price_unit": "ML"
      },
      {
        "state": "TAS",
        "price": "1100",
        "price_per_unit": "275",
        "price_unit": "ML"
      },
      {
        "state": "ACT",
        "price": "1100",
        "price_per_unit": "275",
        "price_unit": "ML"
      },
      {
        "state": "NT",
        "price": "1100",
        "price_per_unit": "275",
        "price_unit": "ML"
      }
    ]
  },
  {
    "source_url": "https://www.woolworths.com.au/shop/productdetails/274867/nivea-q10-rich-firming-body-lotion",
    "name": "Nivea Q10 Rich Firming Body Lotion 400ml",
    "image_url": "https://cdn1.woolworths.media/content/wowproductimages/large/274867.jpg",
    "source_id": "Woolworths - 274867",
    "barcode": "4005800098833",
    "category_id": "1_894D0A8",
    "shop": "Woolworths",
    "weight": "100ML",
    "prices": [
      {
        "state": "NSW",
        "price": "1100",
        "price_per_unit": "275",
        "price_unit": "ML"
      },
      {
        "state": "VIC",
        "price": "1100",
        "price_per_unit": "275",
        "price_unit": "ML"
      },
      {
        "state": "WA",
        "price": "1100",
        "price_per_unit": "275",
        "price_unit": "ML"
      },
      {
        "state": "SA",
        "price": "1100",
        "price_per_unit": "275",
        "price_unit": "ML"
      },
      {
        "state": "TAS",
        "price": "1100",
        "price_per_unit": "275",
        "price_unit": "ML"
      },
      {
        "state": "ACT",
        "price": "1100",
        "price_per_unit": "275",
        "price_unit": "ML"
      }
    ]
  },
  {
    "source_url": "https://www.woolworths.com.au/shop/productdetails/452610/nivea-repair-care-body-lotion-for-dry-skin",
    "name": "Nivea Repair & Care Body Lotion For Dry Skin 400mL",
    "image_url": "https://cdn1.woolworths.media/content/wowproductimages/large/452610.jpg",
    "source_id": "Woolworths - 452610",
    "barcode": "4005900111531",
    "category_id": "1_894D0A8",
    "shop": "Woolworths",
    "weight": "100ML",
    "prices": [
      {
        "state": "NSW",
        "price": "950",
        "price_per_unit": "238",
        "price_unit": "ML"
      },
      {
        "state": "VIC",
        "price": "950",
        "price_per_unit": "238",
        "price_unit": "ML"
      },
      {
        "state": "WA",
        "price": "950",
        "price_per_unit": "238",
        "price_unit": "ML"
      },
      {
        "state": "SA",
        "price": "950",
        "price_per_unit": "238",
        "price_unit": "ML"
      },
      {
        "state": "TAS",
        "price": "950",
        "price_per_unit": "238",
        "price_unit": "ML"
      },
      {
        "state": "ACT",
        "price": "950",
        "price_per_unit": "238",
        "price_unit": "ML"
      }
    ]
  },
  {
    "source_url": "https://www.woolworths.com.au/shop/productdetails/329373/nivea-rich-nourishing-body-lotion-deep-moisturiser-for-dry-skin",
    "name": "Nivea Rich Nourishing Body Lotion Deep Moisturiser For Dry Skin 250ml",
    "image_url": "https://cdn1.woolworths.media/content/wowproductimages/large/329373.jpg",
    "source_id": "Woolworths - 329373",
    "barcode": "4005808246014",
    "category_id": "1_894D0A8",
    "shop": "Woolworths",
    "weight": "100ML",
    "prices": [
      {
        "state": "NSW",
        "price": "650",
        "price_per_unit": "260",
        "price_unit": "ML"
      },
      {
        "state": "VIC",
        "price": "650",
        "price_per_unit": "260",
        "price_unit": "ML"
      },
      {
        "state": "WA",
        "price": "650",
        "price_per_unit": "260",
        "price_unit": "ML"
      },
      {
        "state": "SA",
        "price": "650",
        "price_per_unit": "260",
        "price_unit": "ML"
      },
      {
        "state": "TAS",
        "price": "650",
        "price_per_unit": "260",
        "price_unit": "ML"
      },
      {
        "state": "ACT",
        "price": "650",
        "price_per_unit": "260",
        "price_unit": "ML"
      }
    ]
  },
  {
    "source_url": "https://www.woolworths.com.au/shop/productdetails/28694/nivea-rich-nourishing-body-lotion-deep-moisturiser-for-dry-skin",
    "name": "Nivea Rich Nourishing Body Lotion Deep Moisturiser For Dry Skin 400ml",
    "image_url": "https://cdn1.woolworths.media/content/wowproductimages/large/028694.jpg",
    "source_id": "Woolworths - 28694",
    "barcode": "4005808236879",
    "category_id": "1_894D0A8",
    "shop": "Woolworths",
    "weight": "100ML",
    "prices": [
      {
        "state": "NSW",
        "price": "950",
        "price_per_unit": "238",
        "price_unit": "ML"
      },
      {
        "state": "VIC",
        "price": "950",
        "price_per_unit": "238",
        "price_unit": "ML"
      },
      {
        "state": "QLD",
        "price": "950",
        "price_per_unit": "238",
        "price_unit": "ML"
      },
      {
        "state": "WA",
        "price": "950",
        "price_per_unit": "238",
        "price_unit": "ML"
      },
      {
        "state": "SA",
        "price": "950",
        "price_per_unit": "238",
        "price_unit": "ML"
      },
      {
        "state": "TAS",
        "price": "950",
        "price_per_unit": "238",
        "price_unit": "ML"
      },
      {
        "state": "ACT",
        "price": "950",
        "price_per_unit": "238",
        "price_unit": "ML"
      },
      {
        "state": "NT",
        "price": "950",
        "price_per_unit": "238",
        "price_unit": "ML"
      }
    ]
  },
  {
    "source_url": "https://www.woolworths.com.au/shop/productdetails/26807/nivea-soft-cr-me-infused-with-jojoba-oil-vitamin-e",
    "name": "Nivea Soft Crème Infused With Jojoba Oil & Vitamin e 200ml",
    "image_url": "https://cdn1.woolworths.media/content/wowproductimages/large/026807.jpg",
    "source_id": "Woolworths - 26807",
    "barcode": "5025970022574",
    "category_id": "1_894D0A8",
    "shop": "Woolworths",
    "weight": "100ML",
    "prices": [
      {
        "state": "NSW",
        "price": "1200",
        "price_per_unit": "600",
        "price_unit": "ML"
      },
      {
        "state": "VIC",
        "price": "1200",
        "price_per_unit": "600",
        "price_unit": "ML"
      },
      {
        "state": "QLD",
        "price": "1200",
        "price_per_unit": "600",
        "price_unit": "ML"
      },
      {
        "state": "WA",
        "price": "1200",
        "price_per_unit": "600",
        "price_unit": "ML"
      },
      {
        "state": "SA",
        "price": "1200",
        "price_per_unit": "600",
        "price_unit": "ML"
      },
      {
        "state": "TAS",
        "price": "1200",
        "price_per_unit": "600",
        "price_unit": "ML"
      },
      {
        "state": "ACT",
        "price": "1200",
        "price_per_unit": "600",
        "price_unit": "ML"
      },
      {
        "state": "NT",
        "price": "1200",
        "price_per_unit": "600",
        "price_unit": "ML"
      }
    ]
  },
  {
    "source_url": "https://www.woolworths.com.au/shop/productdetails/27053/nivea-soft-cr-me-infused-with-jojoba-oil-vitamin-e",
    "name": "Nivea Soft Crème Infused With Jojoba Oil & Vitamin e 75ml",
    "image_url": "https://cdn1.woolworths.media/content/wowproductimages/large/027053.jpg",
    "source_id": "Woolworths - 27053",
    "barcode": "4005808890576",
    "category_id": "1_894D0A8",
    "shop": "Woolworths",
    "weight": "100ML",
    "prices": [
      {
        "state": "NSW",
        "price": "650",
        "price_per_unit": "867",
        "price_unit": "ML"
      },
      {
        "state": "VIC",
        "price": "650",
        "price_per_unit": "867",
        "price_unit": "ML"
      },
      {
        "state": "QLD",
        "price": "650",
        "price_per_unit": "867",
        "price_unit": "ML"
      },
      {
        "state": "WA",
        "price": "650",
        "price_per_unit": "867",
        "price_unit": "ML"
      },
      {
        "state": "SA",
        "price": "650",
        "price_per_unit": "867",
        "price_unit": "ML"
      },
      {
        "state": "TAS",
        "price": "650",
        "price_per_unit": "867",
        "price_unit": "ML"
      },
      {
        "state": "ACT",
        "price": "650",
        "price_per_unit": "867",
        "price_unit": "ML"
      },
      {
        "state": "NT",
        "price": "650",
        "price_per_unit": "867",
        "price_unit": "ML"
      }
    ]
  },
  {
    "source_url": "https://www.woolworths.com.au/shop/productdetails/787572/nivea-soft-moisturiser-for-face-and-body-mini-tub",
    "name": "Nivea Soft Moisturiser For Face And Body Mini Tub 50ml",
    "image_url": "https://cdn1.woolworths.media/content/wowproductimages/large/787572.jpg",
    "source_id": "Woolworths - 787572",
    "barcode": "42207443",
    "category_id": "1_894D0A8",
    "shop": "Woolworths",
    "weight": "100ML",
    "prices": [
      {
        "state": "NSW",
        "price": "430",
        "price_per_unit": "860",
        "price_unit": "ML"
      },
      {
        "state": "VIC",
        "price": "430",
        "price_per_unit": "860",
        "price_unit": "ML"
      },
      {
        "state": "QLD",
        "price": "430",
        "price_per_unit": "860",
        "price_unit": "ML"
      },
      {
        "state": "WA",
        "price": "430",
        "price_per_unit": "860",
        "price_unit": "ML"
      },
      {
        "state": "SA",
        "price": "430",
        "price_per_unit": "860",
        "price_unit": "ML"
      },
      {
        "state": "TAS",
        "price": "430",
        "price_per_unit": "860",
        "price_unit": "ML"
      },
      {
        "state": "ACT",
        "price": "430",
        "price_per_unit": "860",
        "price_unit": "ML"
      },
      {
        "state": "NT",
        "price": "430",
        "price_per_unit": "860",
        "price_unit": "ML"
      }
    ]
  },
  {
    "source_url": "https://www.woolworths.com.au/shop/productdetails/317437/nobody-s-nobody-gold-illuminating-moisturiser",
    "name": "Nobody's Nobody Gold Illuminating Moisturiser 60ml",
    "image_url": "https://cdn1.woolworths.media/content/wowproductimages/large/317437.jpg",
    "source_id": "Woolworths - 317437",
    "barcode": "9357821005013",
    "category_id": "1_894D0A8",
    "shop": "Woolworths",
    "weight": "100ML",
    "prices": [
      {
        "state": "NSW",
        "price": "2200",
        "price_per_unit": "3667",
        "price_unit": "ML"
      },
      {
        "state": "VIC",
        "price": "2200",
        "price_per_unit": "3667",
        "price_unit": "ML"
      },
      {
        "state": "QLD",
        "price": "2200",
        "price_per_unit": "3667",
        "price_unit": "ML"
      },
      {
        "state": "WA",
        "price": "2200",
        "price_per_unit": "3667",
        "price_unit": "ML"
      },
      {
        "state": "SA",
        "price": "2200",
        "price_per_unit": "3667",
        "price_unit": "ML"
      },
      {
        "state": "TAS",
        "price": "2200",
        "price_per_unit": "3667",
        "price_unit": "ML"
      },
      {
        "state": "ACT",
        "price": "2200",
        "price_per_unit": "3667",
        "price_unit": "ML"
      },
      {
        "state": "NT",
        "price": "2200",
        "price_per_unit": "3667",
        "price_unit": "ML"
      }
    ]
  },
  {
    "source_url": "https://www.woolworths.com.au/shop/productdetails/318432/nobody-s-nobody-leave-on-exfoliant",
    "name": "Nobody's Nobody Leave On Exfoliant 100ml",
    "image_url": "https://cdn1.woolworths.media/content/wowproductimages/large/318432.jpg",
    "source_id": "Woolworths - 318432",
    "barcode": "9357821005044",
    "category_id": "1_894D0A8",
    "shop": "Woolworths",
    "weight": "100ML",
    "prices": [
      {
        "state": "NSW",
        "price": "1900",
        "price_per_unit": "1900",
        "price_unit": "ML"
      },
      {
        "state": "WA",
        "price": "1900",
        "price_per_unit": "1900",
        "price_unit": "ML"
      },
      {
        "state": "SA",
        "price": "1900",
        "price_per_unit": "1900",
        "price_unit": "ML"
      },
      {
        "state": "ACT",
        "price": "1900",
        "price_per_unit": "1900",
        "price_unit": "ML"
      }
    ]
  },
  {
    "source_url": "https://www.woolworths.com.au/shop/productdetails/926824/nobody-s-nobody-water-cream-with-5-hyaluronic-acid",
    "name": "Nobody's Nobody Water Cream With 5% Hyaluronic Acid 50mL",
    "image_url": "https://cdn1.woolworths.media/content/wowproductimages/large/926824.jpg",
    "source_id": "Woolworths - 926824",
    "barcode": "9357821005150",
    "category_id": "1_894D0A8",
    "shop": "Woolworths",
    "weight": "100ML",
    "prices": [
      {
        "state": "NSW",
        "price": "2900",
        "price_per_unit": "5800",
        "price_unit": "ML"
      },
      {
        "state": "VIC",
        "price": "2900",
        "price_per_unit": "5800",
        "price_unit": "ML"
      },
      {
        "state": "WA",
        "price": "2900",
        "price_per_unit": "5800",
        "price_unit": "ML"
      },
      {
        "state": "SA",
        "price": "2900",
        "price_per_unit": "5800",
        "price_unit": "ML"
      },
      {
        "state": "TAS",
        "price": "2900",
        "price_per_unit": "5800",
        "price_unit": "ML"
      },
      {
        "state": "ACT",
        "price": "2900",
        "price_per_unit": "5800",
        "price_unit": "ML"
      },
      {
        "state": "NT",
        "price": "2900",
        "price_per_unit": "5800",
        "price_unit": "ML"
      }
    ]
  },
  {
    "source_url": "https://www.woolworths.com.au/shop/productdetails/51649/olay-anti-wrinkle-provital-night-cream-for-mature-skin-care",
    "name": "Olay Anti Wrinkle Provital Night Cream For Mature Skin Care 50g",
    "image_url": "https://cdn1.woolworths.media/content/wowproductimages/large/051649.jpg",
    "source_id": "Woolworths - 51649",
    "barcode": "4902430483322",
    "category_id": "1_894D0A8",
    "shop": "Woolworths",
    "weight": "100G",
    "prices": [
      {
        "state": "NSW",
        "price": "875",
        "price_per_unit": "1750",
        "price_unit": "G"
      },
      {
        "state": "WA",
        "price": "875",
        "price_per_unit": "1750",
        "price_unit": "G"
      },
      {
        "state": "SA",
        "price": "875",
        "price_per_unit": "1750",
        "price_unit": "G"
      },
      {
        "state": "ACT",
        "price": "875",
        "price_per_unit": "1750",
        "price_unit": "G"
      }
    ]
  },
  {
    "source_url": "https://www.woolworths.com.au/shop/productdetails/253583/olay-complete-moisturiser-lotion-uv-protection-sensitive-spf15",
    "name": "Olay Complete Moisturiser Lotion Uv Protection Sensitive Spf15 150ml",
    "image_url": "https://cdn1.woolworths.media/content/wowproductimages/large/253583.jpg",
    "source_id": "Woolworths - 253583",
    "barcode": "4902430951432",
    "category_id": "1_894D0A8",
    "shop": "Woolworths",
    "weight": "100ML",
    "prices": [
      {
        "state": "NSW",
        "price": "800",
        "price_per_unit": "533",
        "price_unit": "ML"
      },
      {
        "state": "VIC",
        "price": "800",
        "price_per_unit": "533",
        "price_unit": "ML"
      },
      {
        "state": "QLD",
        "price": "800",
        "price_per_unit": "533",
        "price_unit": "ML"
      },
      {
        "state": "WA",
        "price": "800",
        "price_per_unit": "533",
        "price_unit": "ML"
      },
      {
        "state": "SA",
        "price": "800",
        "price_per_unit": "533",
        "price_unit": "ML"
      },
      {
        "state": "TAS",
        "price": "800",
        "price_per_unit": "533",
        "price_unit": "ML"
      },
      {
        "state": "ACT",
        "price": "800",
        "price_per_unit": "533",
        "price_unit": "ML"
      },
      {
        "state": "NT",
        "price": "800",
        "price_per_unit": "533",
        "price_unit": "ML"
      }
    ]
  },
  {
    "source_url": "https://www.woolworths.com.au/shop/productdetails/253582/olay-complete-uv-protection-spf15-normal-dry-moisturiser-cream",
    "name": "Olay Complete UV Protection SPF15 Normal/Dry Moisturiser Cream 150mL",
    "image_url": "https://cdn1.woolworths.media/content/wowproductimages/large/253582.jpg",
    "source_id": "Woolworths - 253582",
    "barcode": "4902430986717",
    "category_id": "1_894D0A8",
    "shop": "Woolworths",
    "weight": "100ML",
    "prices": [
      {
        "state": "NSW",
        "price": "800",
        "price_per_unit": "533",
        "price_unit": "ML"
      },
      {
        "state": "VIC",
        "price": "800",
        "price_per_unit": "533",
        "price_unit": "ML"
      },
      {
        "state": "QLD",
        "price": "800",
        "price_per_unit": "533",
        "price_unit": "ML"
      },
      {
        "state": "WA",
        "price": "800",
        "price_per_unit": "533",
        "price_unit": "ML"
      },
      {
        "state": "SA",
        "price": "800",
        "price_per_unit": "533",
        "price_unit": "ML"
      },
      {
        "state": "TAS",
        "price": "800",
        "price_per_unit": "533",
        "price_unit": "ML"
      },
      {
        "state": "ACT",
        "price": "800",
        "price_per_unit": "533",
        "price_unit": "ML"
      },
      {
        "state": "NT",
        "price": "800",
        "price_per_unit": "533",
        "price_unit": "ML"
      }
    ]
  },
  {
    "source_url": "https://www.woolworths.com.au/shop/productdetails/568512/olay-eyes-ultimate-eye-cream",
    "name": "Olay Eyes Ultimate Eye Cream 15ml",
    "image_url": "https://cdn1.woolworths.media/content/wowproductimages/large/568512.jpg",
    "source_id": "Woolworths - 568512",
    "barcode": "4902430719520",
    "category_id": "1_894D0A8",
    "shop": "Woolworths",
    "weight": "100ML",
    "prices": [
      {
        "state": "NSW",
        "price": "3000",
        "price_per_unit": "20000",
        "price_unit": "ML"
      },
      {
        "state": "WA",
        "price": "3000",
        "price_per_unit": "20000",
        "price_unit": "ML"
      },
      {
        "state": "SA",
        "price": "3000",
        "price_per_unit": "20000",
        "price_unit": "ML"
      },
      {
        "state": "ACT",
        "price": "3000",
        "price_per_unit": "20000",
        "price_unit": "ML"
      }
    ]
  },
  {
    "source_url": "https://www.woolworths.com.au/shop/productdetails/36395/olay-moisturising-face-cream",
    "name": "Olay Moisturising Face Cream 100g",
    "image_url": "https://cdn1.woolworths.media/content/wowproductimages/large/036395.jpg",
    "source_id": "Woolworths - 36395",
    "barcode": "9300618553105",
    "category_id": "1_894D0A8",
    "shop": "Woolworths",
    "weight": "100G",
    "prices": [
      {
        "state": "NSW",
        "price": "800",
        "price_per_unit": "800",
        "price_unit": "G"
      },
      {
        "state": "VIC",
        "price": "800",
        "price_per_unit": "800",
        "price_unit": "G"
      },
      {
        "state": "QLD",
        "price": "800",
        "price_per_unit": "800",
        "price_unit": "G"
      },
      {
        "state": "WA",
        "price": "800",
        "price_per_unit": "800",
        "price_unit": "G"
      },
      {
        "state": "SA",
        "price": "800",
        "price_per_unit": "800",
        "price_unit": "G"
      },
      {
        "state": "TAS",
        "price": "800",
        "price_per_unit": "800",
        "price_unit": "G"
      },
      {
        "state": "ACT",
        "price": "800",
        "price_per_unit": "800",
        "price_unit": "G"
      },
      {
        "state": "NT",
        "price": "800",
        "price_per_unit": "800",
        "price_unit": "G"
      }
    ]
  },
  {
    "source_url": "https://www.woolworths.com.au/shop/productdetails/4752/olay-moisturising-face-cream-sensitive-skin",
    "name": "Olay Moisturising Face Cream Sensitive Skin 100g",
    "image_url": "https://cdn1.woolworths.media/content/wowproductimages/large/004752.jpg",
    "source_id": "Woolworths - 4752",
    "barcode": "9300618556519",
    "category_id": "1_894D0A8",
    "shop": "Woolworths",
    "weight": "100G",
    "prices": [
      {
        "state": "NSW",
        "price": "800",
        "price_per_unit": "800",
        "price_unit": "G"
      },
      {
        "state": "VIC",
        "price": "800",
        "price_per_unit": "800",
        "price_unit": "G"
      },
      {
        "state": "QLD",
        "price": "800",
        "price_per_unit": "800",
        "price_unit": "G"
      },
      {
        "state": "WA",
        "price": "800",
        "price_per_unit": "800",
        "price_unit": "G"
      },
      {
        "state": "SA",
        "price": "800",
        "price_per_unit": "800",
        "price_unit": "G"
      },
      {
        "state": "TAS",
        "price": "800",
        "price_per_unit": "800",
        "price_unit": "G"
      },
      {
        "state": "ACT",
        "price": "800",
        "price_per_unit": "800",
        "price_unit": "G"
      },
      {
        "state": "NT",
        "price": "800",
        "price_per_unit": "800",
        "price_unit": "G"
      }
    ]
  },
  {
    "source_url": "https://www.woolworths.com.au/shop/productdetails/31266/olay-moisturising-lotion",
    "name": "Olay Moisturising Lotion 150ml",
    "image_url": "https://cdn1.woolworths.media/content/wowproductimages/large/031266.jpg",
    "source_id": "Woolworths - 31266",
    "barcode": "9300618551774",
    "category_id": "1_894D0A8",
    "shop": "Woolworths",
    "weight": "100ML",
    "prices": [
      {
        "state": "NSW",
        "price": "800",
        "price_per_unit": "533",
        "price_unit": "ML"
      },
      {
        "state": "VIC",
        "price": "800",
        "price_per_unit": "533",
        "price_unit": "ML"
      },
      {
        "state": "QLD",
        "price": "800",
        "price_per_unit": "533",
        "price_unit": "ML"
      },
      {
        "state": "WA",
        "price": "800",
        "price_per_unit": "533",
        "price_unit": "ML"
      },
      {
        "state": "SA",
        "price": "800",
        "price_per_unit": "533",
        "price_unit": "ML"
      },
      {
        "state": "TAS",
        "price": "800",
        "price_per_unit": "533",
        "price_unit": "ML"
      },
      {
        "state": "ACT",
        "price": "800",
        "price_per_unit": "533",
        "price_unit": "ML"
      },
      {
        "state": "NT",
        "price": "800",
        "price_per_unit": "533",
        "price_unit": "ML"
      }
    ]
  },
  {
    "source_url": "https://www.woolworths.com.au/shop/productdetails/258415/olay-moisturising-lotion-complete-defence-sensitive-spf30",
    "name": "Olay Moisturising Lotion Complete Defence Sensitive Spf30 75ml",
    "image_url": "https://cdn1.woolworths.media/content/wowproductimages/large/258415.jpg",
    "source_id": "Woolworths - 258415",
    "barcode": "4902430113557",
    "category_id": "1_894D0A8",
    "shop": "Woolworths",
    "weight": "100ML",
    "prices": [
      {
        "state": "NSW",
        "price": "800",
        "price_per_unit": "1067",
        "price_unit": "ML"
      },
      {
        "state": "VIC",
        "price": "800",
        "price_per_unit": "1067",
        "price_unit": "ML"
      },
      {
        "state": "QLD",
        "price": "800",
        "price_per_unit": "1067",
        "price_unit": "ML"
      },
      {
        "state": "WA",
        "price": "800",
        "price_per_unit": "1067",
        "price_unit": "ML"
      },
      {
        "state": "SA",
        "price": "800",
        "price_per_unit": "1067",
        "price_unit": "ML"
      },
      {
        "state": "TAS",
        "price": "800",
        "price_per_unit": "1067",
        "price_unit": "ML"
      },
      {
        "state": "ACT",
        "price": "800",
        "price_per_unit": "1067",
        "price_unit": "ML"
      },
      {
        "state": "NT",
        "price": "800",
        "price_per_unit": "1067",
        "price_unit": "ML"
      }
    ]
  },
  {
    "source_url": "https://www.woolworths.com.au/shop/productdetails/4722/olay-moisturising-lotion-for-sensitive-skin-care",
    "name": "Olay Moisturising Lotion For Sensitive Skin Care 150ml",
    "image_url": "https://cdn1.woolworths.media/content/wowproductimages/large/004722.jpg",
    "source_id": "Woolworths - 4722",
    "barcode": "9300618556502",
    "category_id": "1_894D0A8",
    "shop": "Woolworths",
    "weight": "100ML",
    "prices": [
      {
        "state": "NSW",
        "price": "800",
        "price_per_unit": "533",
        "price_unit": "ML"
      },
      {
        "state": "VIC",
        "price": "800",
        "price_per_unit": "533",
        "price_unit": "ML"
      },
      {
        "state": "WA",
        "price": "800",
        "price_per_unit": "533",
        "price_unit": "ML"
      },
      {
        "state": "SA",
        "price": "800",
        "price_per_unit": "533",
        "price_unit": "ML"
      },
      {
        "state": "TAS",
        "price": "800",
        "price_per_unit": "533",
        "price_unit": "ML"
      },
      {
        "state": "ACT",
        "price": "800",
        "price_per_unit": "533",
        "price_unit": "ML"
      },
      {
        "state": "NT",
        "price": "800",
        "price_per_unit": "533",
        "price_unit": "ML"
      }
    ]
  },
  {
    "source_url": "https://www.woolworths.com.au/shop/productdetails/752132/olay-regenerist-advanced-moisturiser-cream",
    "name": "Olay Regenerist Advanced Moisturiser Cream 50g",
    "image_url": "https://cdn1.woolworths.media/content/wowproductimages/large/752132.jpg",
    "source_id": "Woolworths - 752132",
    "barcode": "4902430791991",
    "category_id": "1_894D0A8",
    "shop": "Woolworths",
    "weight": "100G",
    "prices": [
      {
        "state": "NSW",
        "price": "2250",
        "price_per_unit": "4500",
        "price_unit": "G"
      },
      {
        "state": "VIC",
        "price": "2250",
        "price_per_unit": "4500",
        "price_unit": "G"
      },
      {
        "state": "WA",
        "price": "2250",
        "price_per_unit": "4500",
        "price_unit": "G"
      },
      {
        "state": "SA",
        "price": "2250",
        "price_per_unit": "4500",
        "price_unit": "G"
      },
      {
        "state": "TAS",
        "price": "2250",
        "price_per_unit": "4500",
        "price_unit": "G"
      },
      {
        "state": "ACT",
        "price": "2250",
        "price_per_unit": "4500",
        "price_unit": "G"
      },
      {
        "state": "NT",
        "price": "2250",
        "price_per_unit": "4500",
        "price_unit": "G"
      }
    ]
  },
  {
    "source_url": "https://www.woolworths.com.au/shop/productdetails/629526/olay-regenerist-face-cream-moisturiser-fragrance-free",
    "name": "Olay Regenerist Face Cream Moisturiser Fragrance Free 48g",
    "image_url": "https://cdn1.woolworths.media/content/wowproductimages/large/629526.jpg",
    "source_id": "Woolworths - 629526",
    "barcode": "4902430734974",
    "category_id": "1_894D0A8",
    "shop": "Woolworths",
    "weight": "100G",
    "prices": [
      {
        "state": "NSW",
        "price": "3000",
        "price_per_unit": "6250",
        "price_unit": "G"
      },
      {
        "state": "VIC",
        "price": "3000",
        "price_per_unit": "6250",
        "price_unit": "G"
      },
      {
        "state": "QLD",
        "price": "3000",
        "price_per_unit": "6250",
        "price_unit": "G"
      },
      {
        "state": "WA",
        "price": "3000",
        "price_per_unit": "6250",
        "price_unit": "G"
      },
      {
        "state": "SA",
        "price": "3000",
        "price_per_unit": "6250",
        "price_unit": "G"
      },
      {
        "state": "TAS",
        "price": "3000",
        "price_per_unit": "6250",
        "price_unit": "G"
      },
      {
        "state": "ACT",
        "price": "3000",
        "price_per_unit": "6250",
        "price_unit": "G"
      }
    ]
  },
  {
    "source_url": "https://www.woolworths.com.au/shop/productdetails/361965/olay-regenerist-face-cream-moisturiser-spf-30",
    "name": "Olay Regenerist Face Cream Moisturiser Spf 30 50g",
    "image_url": "https://cdn1.woolworths.media/content/wowproductimages/large/361965.jpg",
    "source_id": "Woolworths - 361965",
    "barcode": "4902430469852",
    "category_id": "1_894D0A8",
    "shop": "Woolworths",
    "weight": "100G",
    "prices": [
      {
        "state": "VIC",
        "price": "3000",
        "price_per_unit": "6000",
        "price_unit": "G"
      },
      {
        "state": "QLD",
        "price": "3000",
        "price_per_unit": "6000",
        "price_unit": "G"
      },
      {
        "state": "WA",
        "price": "3000",
        "price_per_unit": "6000",
        "price_unit": "G"
      },
      {
        "state": "SA",
        "price": "3000",
        "price_per_unit": "6000",
        "price_unit": "G"
      },
      {
        "state": "TAS",
        "price": "3000",
        "price_per_unit": "6000",
        "price_unit": "G"
      },
      {
        "state": "ACT",
        "price": "3000",
        "price_per_unit": "6000",
        "price_unit": "G"
      },
      {
        "state": "NT",
        "price": "3000",
        "price_per_unit": "6000",
        "price_unit": "G"
      }
    ]
  },
  {
    "source_url": "https://www.woolworths.com.au/shop/productdetails/629525/olay-regenerist-micro-sculpting-face-cream-moisturiser",
    "name": "Olay Regenerist Micro-Sculpting Face Cream Moisturiser 50g",
    "image_url": "https://cdn1.woolworths.media/content/wowproductimages/large/629525.jpg",
    "source_id": "Woolworths - 629525",
    "barcode": "4902430734936",
    "category_id": "1_894D0A8",
    "shop": "Woolworths",
    "weight": "100G",
    "prices": [
      {
        "state": "NSW",
        "price": "3000",
        "price_per_unit": "6000",
        "price_unit": "G"
      },
      {
        "state": "VIC",
        "price": "3000",
        "price_per_unit": "6000",
        "price_unit": "G"
      },
      {
        "state": "QLD",
        "price": "3000",
        "price_per_unit": "6000",
        "price_unit": "G"
      },
      {
        "state": "WA",
        "price": "3000",
        "price_per_unit": "6000",
        "price_unit": "G"
      },
      {
        "state": "SA",
        "price": "3000",
        "price_per_unit": "6000",
        "price_unit": "G"
      },
      {
        "state": "TAS",
        "price": "3000",
        "price_per_unit": "6000",
        "price_unit": "G"
      },
      {
        "state": "ACT",
        "price": "3000",
        "price_per_unit": "6000",
        "price_unit": "G"
      },
      {
        "state": "NT",
        "price": "3000",
        "price_per_unit": "6000",
        "price_unit": "G"
      }
    ]
  },
  {
    "source_url": "https://www.woolworths.com.au/shop/productdetails/355094/olay-regenerist-micro-sculpting-face-serum",
    "name": "Olay Regenerist Micro-Sculpting Face Serum 50ml",
    "image_url": "https://cdn1.woolworths.media/content/wowproductimages/large/355094.jpg",
    "source_id": "Woolworths - 355094",
    "barcode": "4902430293358",
    "category_id": "1_894D0A8",
    "shop": "Woolworths",
    "weight": "100ML",
    "prices": [
      {
        "state": "NSW",
        "price": "3000",
        "price_per_unit": "6000",
        "price_unit": "ML"
      },
      {
        "state": "VIC",
        "price": "3000",
        "price_per_unit": "6000",
        "price_unit": "ML"
      },
      {
        "state": "QLD",
        "price": "3000",
        "price_per_unit": "6000",
        "price_unit": "ML"
      },
      {
        "state": "WA",
        "price": "3000",
        "price_per_unit": "6000",
        "price_unit": "ML"
      },
      {
        "state": "SA",
        "price": "3000",
        "price_per_unit": "6000",
        "price_unit": "ML"
      },
      {
        "state": "TAS",
        "price": "3000",
        "price_per_unit": "6000",
        "price_unit": "ML"
      },
      {
        "state": "ACT",
        "price": "3000",
        "price_per_unit": "6000",
        "price_unit": "ML"
      },
      {
        "state": "NT",
        "price": "3000",
        "price_per_unit": "6000",
        "price_unit": "ML"
      }
    ]
  },
  {
    "source_url": "https://www.woolworths.com.au/shop/productdetails/779653/olay-regenerist-micro-sculpting-night-face-cream-moisturiser",
    "name": "Olay Regenerist Micro-Sculpting Night Face Cream Moisturiser 50g",
    "image_url": "https://cdn1.woolworths.media/content/wowproductimages/large/779653.jpg",
    "source_id": "Woolworths - 779653",
    "barcode": "4902430735087",
    "category_id": "1_894D0A8",
    "shop": "Woolworths",
    "weight": "100G",
    "prices": [
      {
        "state": "NSW",
        "price": "3000",
        "price_per_unit": "6000",
        "price_unit": "G"
      },
      {
        "state": "VIC",
        "price": "3000",
        "price_per_unit": "6000",
        "price_unit": "G"
      },
      {
        "state": "QLD",
        "price": "3000",
        "price_per_unit": "6000",
        "price_unit": "G"
      },
      {
        "state": "WA",
        "price": "3000",
        "price_per_unit": "6000",
        "price_unit": "G"
      },
      {
        "state": "SA",
        "price": "3000",
        "price_per_unit": "6000",
        "price_unit": "G"
      },
      {
        "state": "TAS",
        "price": "3000",
        "price_per_unit": "6000",
        "price_unit": "G"
      },
      {
        "state": "ACT",
        "price": "3000",
        "price_per_unit": "6000",
        "price_unit": "G"
      },
      {
        "state": "NT",
        "price": "3000",
        "price_per_unit": "6000",
        "price_unit": "G"
      }
    ]
  },
  {
    "source_url": "https://www.woolworths.com.au/shop/productdetails/629583/olay-regenerist-night-face-moisturiser-cream",
    "name": "Olay Regenerist Night Face Moisturiser Cream 50g",
    "image_url": "https://cdn1.woolworths.media/content/wowproductimages/large/629583.jpg",
    "source_id": "Woolworths - 629583",
    "barcode": "4902430735001",
    "category_id": "1_894D0A8",
    "shop": "Woolworths",
    "weight": "100G",
    "prices": [
      {
        "state": "NSW",
        "price": "2250",
        "price_per_unit": "4500",
        "price_unit": "G"
      },
      {
        "state": "VIC",
        "price": "2250",
        "price_per_unit": "4500",
        "price_unit": "G"
      },
      {
        "state": "WA",
        "price": "2250",
        "price_per_unit": "4500",
        "price_unit": "G"
      },
      {
        "state": "SA",
        "price": "2250",
        "price_per_unit": "4500",
        "price_unit": "G"
      },
      {
        "state": "TAS",
        "price": "2250",
        "price_per_unit": "4500",
        "price_unit": "G"
      },
      {
        "state": "ACT",
        "price": "2250",
        "price_per_unit": "4500",
        "price_unit": "G"
      },
      {
        "state": "NT",
        "price": "2250",
        "price_per_unit": "4500",
        "price_unit": "G"
      }
    ]
  },
  {
    "source_url": "https://www.woolworths.com.au/shop/productdetails/816749/olay-regenerist-whips-face-cream-moisturiser",
    "name": "Olay Regenerist Whips Face Cream Moisturiser 50g",
    "image_url": "https://cdn1.woolworths.media/content/wowproductimages/large/816749.jpg",
    "source_id": "Woolworths - 816749",
    "barcode": "4902430799881",
    "category_id": "1_894D0A8",
    "shop": "Woolworths",
    "weight": "100G",
    "prices": [
      {
        "state": "NSW",
        "price": "3000",
        "price_per_unit": "6000",
        "price_unit": "G"
      },
      {
        "state": "WA",
        "price": "3000",
        "price_per_unit": "6000",
        "price_unit": "G"
      },
      {
        "state": "SA",
        "price": "3000",
        "price_per_unit": "6000",
        "price_unit": "G"
      },
      {
        "state": "ACT",
        "price": "3000",
        "price_per_unit": "6000",
        "price_unit": "G"
      }
    ]
  },
  {
    "source_url": "https://www.woolworths.com.au/shop/productdetails/168695/olay-total-effects-face-cream-moisturiser-gentle-spf-15",
    "name": "Olay Total Effects Face Cream Moisturiser Gentle Spf 15 50g",
    "image_url": "https://cdn1.woolworths.media/content/wowproductimages/large/168695.jpg",
    "source_id": "Woolworths - 168695",
    "barcode": "20800307703",
    "category_id": "1_894D0A8",
    "shop": "Woolworths",
    "weight": "100G",
    "prices": [
      {
        "state": "NSW",
        "price": "2000",
        "price_per_unit": "4000",
        "price_unit": "G"
      },
      {
        "state": "VIC",
        "price": "2000",
        "price_per_unit": "4000",
        "price_unit": "G"
      },
      {
        "state": "QLD",
        "price": "2000",
        "price_per_unit": "4000",
        "price_unit": "G"
      },
      {
        "state": "WA",
        "price": "2000",
        "price_per_unit": "4000",
        "price_unit": "G"
      },
      {
        "state": "SA",
        "price": "2000",
        "price_per_unit": "4000",
        "price_unit": "G"
      },
      {
        "state": "TAS",
        "price": "2000",
        "price_per_unit": "4000",
        "price_unit": "G"
      },
      {
        "state": "ACT",
        "price": "2000",
        "price_per_unit": "4000",
        "price_unit": "G"
      },
      {
        "state": "NT",
        "price": "2000",
        "price_per_unit": "4000",
        "price_unit": "G"
      }
    ]
  },
  {
    "source_url": "https://www.woolworths.com.au/shop/productdetails/145433/olay-total-effects-face-cream-moisturiser-normal-skin-care",
    "name": "Olay Total Effects Face Cream Moisturiser Normal Skin Care 50g",
    "image_url": "https://cdn1.woolworths.media/content/wowproductimages/large/145433.jpg",
    "source_id": "Woolworths - 145433",
    "barcode": "4902430092944",
    "category_id": "1_894D0A8",
    "shop": "Woolworths",
    "weight": "100G",
    "prices": [
      {
        "state": "NSW",
        "price": "2000",
        "price_per_unit": "4000",
        "price_unit": "G"
      },
      {
        "state": "WA",
        "price": "2000",
        "price_per_unit": "4000",
        "price_unit": "G"
      },
      {
        "state": "SA",
        "price": "2000",
        "price_per_unit": "4000",
        "price_unit": "G"
      },
      {
        "state": "ACT",
        "price": "2000",
        "price_per_unit": "4000",
        "price_unit": "G"
      }
    ]
  },
  {
    "source_url": "https://www.woolworths.com.au/shop/productdetails/279712/olay-total-effects-face-cream-moisturiser-normal-spf-15",
    "name": "Olay Total Effects Face Cream Moisturiser Normal Spf 15 50g",
    "image_url": "https://cdn1.woolworths.media/content/wowproductimages/large/279712.jpg",
    "source_id": "Woolworths - 279712",
    "barcode": "4902430051231",
    "category_id": "1_894D0A8",
    "shop": "Woolworths",
    "weight": "100G",
    "prices": [
      {
        "state": "NSW",
        "price": "2000",
        "price_per_unit": "4000",
        "price_unit": "G"
      },
      {
        "state": "VIC",
        "price": "2000",
        "price_per_unit": "4000",
        "price_unit": "G"
      },
      {
        "state": "QLD",
        "price": "2000",
        "price_per_unit": "4000",
        "price_unit": "G"
      },
      {
        "state": "WA",
        "price": "2000",
        "price_per_unit": "4000",
        "price_unit": "G"
      },
      {
        "state": "SA",
        "price": "2000",
        "price_per_unit": "4000",
        "price_unit": "G"
      },
      {
        "state": "TAS",
        "price": "2000",
        "price_per_unit": "4000",
        "price_unit": "G"
      },
      {
        "state": "ACT",
        "price": "2000",
        "price_per_unit": "4000",
        "price_unit": "G"
      },
      {
        "state": "NT",
        "price": "2000",
        "price_per_unit": "4000",
        "price_unit": "G"
      }
    ]
  },
  {
    "source_url": "https://www.woolworths.com.au/shop/productdetails/629527/olay-total-effects-night-face-cream-moisturiser",
    "name": "Olay Total Effects Night Face Cream Moisturiser 50g",
    "image_url": "https://cdn1.woolworths.media/content/wowproductimages/large/629527.jpg",
    "source_id": "Woolworths - 629527",
    "barcode": "4902430735124",
    "category_id": "1_894D0A8",
    "shop": "Woolworths",
    "weight": "100G",
    "prices": [
      {
        "state": "NSW",
        "price": "2000",
        "price_per_unit": "4000",
        "price_unit": "G"
      },
      {
        "state": "VIC",
        "price": "2000",
        "price_per_unit": "4000",
        "price_unit": "G"
      },
      {
        "state": "WA",
        "price": "2000",
        "price_per_unit": "4000",
        "price_unit": "G"
      },
      {
        "state": "SA",
        "price": "2000",
        "price_per_unit": "4000",
        "price_unit": "G"
      },
      {
        "state": "TAS",
        "price": "2000",
        "price_per_unit": "4000",
        "price_unit": "G"
      },
      {
        "state": "ACT",
        "price": "2000",
        "price_per_unit": "4000",
        "price_unit": "G"
      },
      {
        "state": "NT",
        "price": "2000",
        "price_per_unit": "4000",
        "price_unit": "G"
      }
    ]
  },
  {
    "source_url": "https://www.woolworths.com.au/shop/productdetails/320872/olay-total-effects-touch-of-foundation-moisturiser",
    "name": "Olay Total Effects Touch Of Foundation Moisturiser 50g",
    "image_url": "https://cdn1.woolworths.media/content/wowproductimages/large/320872.jpg",
    "source_id": "Woolworths - 320872",
    "barcode": "4902430182003",
    "category_id": "1_894D0A8",
    "shop": "Woolworths",
    "weight": "100G",
    "prices": [
      {
        "state": "NSW",
        "price": "2000",
        "price_per_unit": "4000",
        "price_unit": "G"
      },
      {
        "state": "VIC",
        "price": "2000",
        "price_per_unit": "4000",
        "price_unit": "G"
      },
      {
        "state": "QLD",
        "price": "2000",
        "price_per_unit": "4000",
        "price_unit": "G"
      },
      {
        "state": "WA",
        "price": "2000",
        "price_per_unit": "4000",
        "price_unit": "G"
      },
      {
        "state": "SA",
        "price": "2000",
        "price_per_unit": "4000",
        "price_unit": "G"
      },
      {
        "state": "TAS",
        "price": "2000",
        "price_per_unit": "4000",
        "price_unit": "G"
      },
      {
        "state": "ACT",
        "price": "2000",
        "price_per_unit": "4000",
        "price_unit": "G"
      },
      {
        "state": "NT",
        "price": "2000",
        "price_per_unit": "4000",
        "price_unit": "G"
      }
    ]
  },
  {
    "source_url": "https://www.woolworths.com.au/shop/productdetails/275903/palmer-s-cocoa-butter-body-lotion",
    "name": "Palmer's Cocoa Butter Body Lotion 250ml",
    "image_url": "https://cdn1.woolworths.media/content/wowproductimages/large/275903.jpg",
    "source_id": "Woolworths - 275903",
    "barcode": "10181041808",
    "category_id": "1_894D0A8",
    "shop": "Woolworths",
    "weight": "100ML",
    "prices": [
      {
        "state": "NSW",
        "price": "860",
        "price_per_unit": "344",
        "price_unit": "ML"
      },
      {
        "state": "WA",
        "price": "860",
        "price_per_unit": "344",
        "price_unit": "ML"
      },
      {
        "state": "SA",
        "price": "860",
        "price_per_unit": "344",
        "price_unit": "ML"
      },
      {
        "state": "ACT",
        "price": "860",
        "price_per_unit": "344",
        "price_unit": "ML"
      }
    ]
  },
  {
    "source_url": "https://www.woolworths.com.au/shop/productdetails/443113/palmer-s-cocoa-butter-formula-moisturising-body-oil",
    "name": "Palmer's Cocoa Butter Formula Moisturising Body Oil 250ml",
    "image_url": "https://cdn1.woolworths.media/content/wowproductimages/large/443113.jpg",
    "source_id": "Woolworths - 443113",
    "barcode": "10181041709",
    "category_id": "1_894D0A8",
    "shop": "Woolworths",
    "weight": "100ML",
    "prices": [
      {
        "state": "NSW",
        "price": "1300",
        "price_per_unit": "520",
        "price_unit": "ML"
      },
      {
        "state": "VIC",
        "price": "1300",
        "price_per_unit": "520",
        "price_unit": "ML"
      },
      {
        "state": "QLD",
        "price": "1300",
        "price_per_unit": "520",
        "price_unit": "ML"
      },
      {
        "state": "WA",
        "price": "1300",
        "price_per_unit": "520",
        "price_unit": "ML"
      },
      {
        "state": "SA",
        "price": "1300",
        "price_per_unit": "520",
        "price_unit": "ML"
      },
      {
        "state": "TAS",
        "price": "1300",
        "price_per_unit": "520",
        "price_unit": "ML"
      },
      {
        "state": "ACT",
        "price": "1300",
        "price_per_unit": "520",
        "price_unit": "ML"
      },
      {
        "state": "NT",
        "price": "1300",
        "price_per_unit": "520",
        "price_unit": "ML"
      }
    ]
  },
  {
    "source_url": "https://www.woolworths.com.au/shop/productdetails/83960/palmer-s-cocoa-butter-formula-skin-therapy-oil",
    "name": "Palmer's Cocoa Butter Formula Skin Therapy Oil 60ml",
    "image_url": "https://cdn1.woolworths.media/content/wowproductimages/large/083960.jpg",
    "source_id": "Woolworths - 83960",
    "barcode": "10181041594",
    "category_id": "1_894D0A8",
    "shop": "Woolworths",
    "weight": "100ML",
    "prices": [
      {
        "state": "NSW",
        "price": "1400",
        "price_per_unit": "2333",
        "price_unit": "ML"
      },
      {
        "state": "VIC",
        "price": "1400",
        "price_per_unit": "2333",
        "price_unit": "ML"
      },
      {
        "state": "WA",
        "price": "1400",
        "price_per_unit": "2333",
        "price_unit": "ML"
      },
      {
        "state": "SA",
        "price": "1400",
        "price_per_unit": "2333",
        "price_unit": "ML"
      },
      {
        "state": "TAS",
        "price": "1400",
        "price_per_unit": "2333",
        "price_unit": "ML"
      },
      {
        "state": "ACT",
        "price": "1400",
        "price_per_unit": "2333",
        "price_unit": "ML"
      }
    ]
  },
  {
    "source_url": "https://www.woolworths.com.au/shop/productdetails/275872/palmer-s-cocoa-butter-massage-lotion-for-stretchmarks",
    "name": "Palmer's Cocoa Butter Massage Lotion for Stretchmarks 250ml",
    "image_url": "https://cdn1.woolworths.media/content/wowproductimages/large/275872.jpg",
    "source_id": "Woolworths - 275872",
    "barcode": "10181040313",
    "category_id": "1_894D0A8",
    "shop": "Woolworths",
    "weight": "100ML",
    "prices": [
      {
        "state": "NSW",
        "price": "1900",
        "price_per_unit": "760",
        "price_unit": "ML"
      },
      {
        "state": "VIC",
        "price": "1900",
        "price_per_unit": "760",
        "price_unit": "ML"
      },
      {
        "state": "WA",
        "price": "1900",
        "price_per_unit": "760",
        "price_unit": "ML"
      },
      {
        "state": "SA",
        "price": "1900",
        "price_per_unit": "760",
        "price_unit": "ML"
      },
      {
        "state": "TAS",
        "price": "1900",
        "price_per_unit": "760",
        "price_unit": "ML"
      },
      {
        "state": "ACT",
        "price": "1900",
        "price_per_unit": "760",
        "price_unit": "ML"
      },
      {
        "state": "NT",
        "price": "1900",
        "price_per_unit": "760",
        "price_unit": "ML"
      }
    ]
  },
  {
    "source_url": "https://www.woolworths.com.au/shop/productdetails/407352/palmer-s-coconut-oil-formula-body-lotion",
    "name": "Palmer's Coconut Oil Formula Body Lotion 400ml",
    "image_url": "https://cdn1.woolworths.media/content/wowproductimages/large/407352.jpg",
    "source_id": "Woolworths - 407352",
    "barcode": "10181032653",
    "category_id": "1_894D0A8",
    "shop": "Woolworths",
    "weight": "100ML",
    "prices": [
      {
        "state": "NSW",
        "price": "1240",
        "price_per_unit": "310",
        "price_unit": "ML"
      },
      {
        "state": "VIC",
        "price": "1240",
        "price_per_unit": "310",
        "price_unit": "ML"
      },
      {
        "state": "QLD",
        "price": "1240",
        "price_per_unit": "310",
        "price_unit": "ML"
      },
      {
        "state": "WA",
        "price": "1240",
        "price_per_unit": "310",
        "price_unit": "ML"
      },
      {
        "state": "SA",
        "price": "1240",
        "price_per_unit": "310",
        "price_unit": "ML"
      },
      {
        "state": "TAS",
        "price": "1240",
        "price_per_unit": "310",
        "price_unit": "ML"
      },
      {
        "state": "ACT",
        "price": "1240",
        "price_per_unit": "310",
        "price_unit": "ML"
      },
      {
        "state": "NT",
        "price": "1240",
        "price_per_unit": "310",
        "price_unit": "ML"
      }
    ]
  },
  {
    "source_url": "https://www.woolworths.com.au/shop/productdetails/440852/palmer-s-coconut-oil-formula-body-oil",
    "name": "Palmer's Coconut Oil Formula Body Oil 150ml",
    "image_url": "https://cdn1.woolworths.media/content/wowproductimages/large/440852.jpg",
    "source_id": "Woolworths - 440852",
    "barcode": "10181032707",
    "category_id": "1_894D0A8",
    "shop": "Woolworths",
    "weight": "100ML",
    "prices": [
      {
        "state": "NSW",
        "price": "1200",
        "price_per_unit": "800",
        "price_unit": "ML"
      },
      {
        "state": "VIC",
        "price": "1200",
        "price_per_unit": "800",
        "price_unit": "ML"
      },
      {
        "state": "QLD",
        "price": "1200",
        "price_per_unit": "800",
        "price_unit": "ML"
      },
      {
        "state": "WA",
        "price": "1200",
        "price_per_unit": "800",
        "price_unit": "ML"
      },
      {
        "state": "SA",
        "price": "1200",
        "price_per_unit": "800",
        "price_unit": "ML"
      },
      {
        "state": "TAS",
        "price": "1200",
        "price_per_unit": "800",
        "price_unit": "ML"
      },
      {
        "state": "ACT",
        "price": "1200",
        "price_per_unit": "800",
        "price_unit": "ML"
      },
      {
        "state": "NT",
        "price": "1200",
        "price_per_unit": "800",
        "price_unit": "ML"
      }
    ]
  },
  {
    "source_url": "https://www.woolworths.com.au/shop/productdetails/341879/palmer-s-shea-butter-body-oil",
    "name": "Palmer's Shea Butter Body Oil 250ml",
    "image_url": "https://cdn1.woolworths.media/content/wowproductimages/large/341879.jpg",
    "source_id": "Woolworths - 341879",
    "barcode": "10181051708",
    "category_id": "1_894D0A8",
    "shop": "Woolworths",
    "weight": "100ML",
    "prices": [
      {
        "state": "NSW",
        "price": "1300",
        "price_per_unit": "520",
        "price_unit": "ML"
      },
      {
        "state": "VIC",
        "price": "1300",
        "price_per_unit": "520",
        "price_unit": "ML"
      },
      {
        "state": "WA",
        "price": "1300",
        "price_per_unit": "520",
        "price_unit": "ML"
      },
      {
        "state": "SA",
        "price": "1300",
        "price_per_unit": "520",
        "price_unit": "ML"
      },
      {
        "state": "TAS",
        "price": "1300",
        "price_per_unit": "520",
        "price_unit": "ML"
      },
      {
        "state": "ACT",
        "price": "1300",
        "price_per_unit": "520",
        "price_unit": "ML"
      }
    ]
  },
  {
    "source_url": "https://www.woolworths.com.au/shop/productdetails/892758/palmer-s-shea-formula-raw-shea-body-lotion",
    "name": "Palmer's Shea Formula Raw Shea Body Lotion 400ml",
    "image_url": "https://cdn1.woolworths.media/content/wowproductimages/large/892758.jpg",
    "source_id": "Woolworths - 892758",
    "barcode": "10181051654",
    "category_id": "1_894D0A8",
    "shop": "Woolworths",
    "weight": "100ML",
    "prices": [
      {
        "state": "NSW",
        "price": "1240",
        "price_per_unit": "310",
        "price_unit": "ML"
      },
      {
        "state": "VIC",
        "price": "1240",
        "price_per_unit": "310",
        "price_unit": "ML"
      },
      {
        "state": "WA",
        "price": "1240",
        "price_per_unit": "310",
        "price_unit": "ML"
      },
      {
        "state": "SA",
        "price": "1240",
        "price_per_unit": "310",
        "price_unit": "ML"
      },
      {
        "state": "TAS",
        "price": "1240",
        "price_per_unit": "310",
        "price_unit": "ML"
      },
      {
        "state": "ACT",
        "price": "1240",
        "price_per_unit": "310",
        "price_unit": "ML"
      }
    ]
  },
  {
    "source_url": "https://www.woolworths.com.au/shop/productdetails/354315/qv-ceramides-cleanser",
    "name": "QV Ceramides Cleanser 350g",
    "image_url": "https://cdn1.woolworths.media/content/wowproductimages/large/354315.jpg",
    "source_id": "Woolworths - 354315",
    "barcode": "9314839020636",
    "category_id": "1_894D0A8",
    "shop": "Woolworths",
    "weight": "100G",
    "prices": [
      {
        "state": "NSW",
        "price": "1500",
        "price_per_unit": "429",
        "price_unit": "G"
      },
      {
        "state": "VIC",
        "price": "1500",
        "price_per_unit": "429",
        "price_unit": "G"
      },
      {
        "state": "QLD",
        "price": "1500",
        "price_per_unit": "429",
        "price_unit": "G"
      },
      {
        "state": "WA",
        "price": "1500",
        "price_per_unit": "429",
        "price_unit": "G"
      },
      {
        "state": "SA",
        "price": "1500",
        "price_per_unit": "429",
        "price_unit": "G"
      },
      {
        "state": "TAS",
        "price": "1500",
        "price_per_unit": "429",
        "price_unit": "G"
      },
      {
        "state": "ACT",
        "price": "1500",
        "price_per_unit": "429",
        "price_unit": "G"
      },
      {
        "state": "NT",
        "price": "1500",
        "price_per_unit": "429",
        "price_unit": "G"
      }
    ]
  },
  {
    "source_url": "https://www.woolworths.com.au/shop/productdetails/349210/qv-ceramides-moisturising-lotion",
    "name": "QV Ceramides Moisturising Lotion 350ml",
    "image_url": "https://cdn1.woolworths.media/content/wowproductimages/large/349210.jpg",
    "source_id": "Woolworths - 349210",
    "barcode": "9314839020650",
    "category_id": "1_894D0A8",
    "shop": "Woolworths",
    "weight": "100ML",
    "prices": [
      {
        "state": "NSW",
        "price": "1600",
        "price_per_unit": "457",
        "price_unit": "ML"
      },
      {
        "state": "VIC",
        "price": "1600",
        "price_per_unit": "457",
        "price_unit": "ML"
      },
      {
        "state": "QLD",
        "price": "1600",
        "price_per_unit": "457",
        "price_unit": "ML"
      },
      {
        "state": "WA",
        "price": "1600",
        "price_per_unit": "457",
        "price_unit": "ML"
      },
      {
        "state": "SA",
        "price": "1600",
        "price_per_unit": "457",
        "price_unit": "ML"
      },
      {
        "state": "TAS",
        "price": "1600",
        "price_per_unit": "457",
        "price_unit": "ML"
      },
      {
        "state": "ACT",
        "price": "1600",
        "price_per_unit": "457",
        "price_unit": "ML"
      },
      {
        "state": "NT",
        "price": "1600",
        "price_per_unit": "457",
        "price_unit": "ML"
      }
    ]
  },
  {
    "source_url": "https://www.woolworths.com.au/shop/productdetails/745626/qv-cream",
    "name": "QV Cream 100g",
    "image_url": "https://cdn1.woolworths.media/content/wowproductimages/large/745626.jpg",
    "source_id": "Woolworths - 745626",
    "barcode": "9314839003394",
    "category_id": "1_894D0A8",
    "shop": "Woolworths",
    "weight": "100G",
    "prices": [
      {
        "state": "NSW",
        "price": "1100",
        "price_per_unit": "1100",
        "price_unit": "G"
      },
      {
        "state": "QLD",
        "price": "1100",
        "price_per_unit": "1100",
        "price_unit": "G"
      },
      {
        "state": "WA",
        "price": "1100",
        "price_per_unit": "1100",
        "price_unit": "G"
      },
      {
        "state": "SA",
        "price": "1100",
        "price_per_unit": "1100",
        "price_unit": "G"
      },
      {
        "state": "ACT",
        "price": "1100",
        "price_per_unit": "1100",
        "price_unit": "G"
      },
      {
        "state": "NT",
        "price": "1100",
        "price_per_unit": "1100",
        "price_unit": "G"
      }
    ]
  },
  {
    "source_url": "https://www.woolworths.com.au/shop/productdetails/359127/qv-cream",
    "name": "QV Cream 1kg",
    "image_url": "https://cdn1.woolworths.media/content/wowproductimages/large/359127.jpg",
    "source_id": "Woolworths - 359127",
    "barcode": "9314839011078",
    "category_id": "1_894D0A8",
    "shop": "Woolworths",
    "weight": "100G",
    "prices": [
      {
        "state": "NSW",
        "price": "3900",
        "price_per_unit": "390",
        "price_unit": "G"
      },
      {
        "state": "VIC",
        "price": "3900",
        "price_per_unit": "390",
        "price_unit": "G"
      },
      {
        "state": "QLD",
        "price": "3900",
        "price_per_unit": "390",
        "price_unit": "G"
      },
      {
        "state": "WA",
        "price": "3900",
        "price_per_unit": "390",
        "price_unit": "G"
      },
      {
        "state": "SA",
        "price": "3900",
        "price_per_unit": "390",
        "price_unit": "G"
      },
      {
        "state": "TAS",
        "price": "3900",
        "price_per_unit": "390",
        "price_unit": "G"
      },
      {
        "state": "ACT",
        "price": "3900",
        "price_per_unit": "390",
        "price_unit": "G"
      },
      {
        "state": "NT",
        "price": "3900",
        "price_per_unit": "390",
        "price_unit": "G"
      }
    ]
  },
  {
    "source_url": "https://www.woolworths.com.au/shop/productdetails/745633/qv-cream",
    "name": "QV Cream 250g",
    "image_url": "https://cdn1.woolworths.media/content/wowproductimages/large/745633.jpg",
    "source_id": "Woolworths - 745633",
    "barcode": "9314839004445",
    "category_id": "1_894D0A8",
    "shop": "Woolworths",
    "weight": "100G",
    "prices": [
      {
        "state": "NSW",
        "price": "1800",
        "price_per_unit": "720",
        "price_unit": "G"
      },
      {
        "state": "VIC",
        "price": "1800",
        "price_per_unit": "720",
        "price_unit": "G"
      },
      {
        "state": "WA",
        "price": "1800",
        "price_per_unit": "720",
        "price_unit": "G"
      },
      {
        "state": "SA",
        "price": "1800",
        "price_per_unit": "720",
        "price_unit": "G"
      },
      {
        "state": "TAS",
        "price": "1800",
        "price_per_unit": "720",
        "price_unit": "G"
      },
      {
        "state": "ACT",
        "price": "1800",
        "price_per_unit": "720",
        "price_unit": "G"
      },
      {
        "state": "NT",
        "price": "1800",
        "price_per_unit": "720",
        "price_unit": "G"
      }
    ]
  },
  {
    "source_url": "https://www.woolworths.com.au/shop/productdetails/87563/qv-cream-pump",
    "name": "QV Cream Pump 500g",
    "image_url": "https://cdn1.woolworths.media/content/wowproductimages/large/087563.jpg",
    "source_id": "Woolworths - 87563",
    "barcode": "9314839012716",
    "category_id": "1_894D0A8",
    "shop": "Woolworths",
    "weight": "100G",
    "prices": [
      {
        "state": "NSW",
        "price": "2500",
        "price_per_unit": "500",
        "price_unit": "G"
      },
      {
        "state": "VIC",
        "price": "2500",
        "price_per_unit": "500",
        "price_unit": "G"
      },
      {
        "state": "QLD",
        "price": "2500",
        "price_per_unit": "500",
        "price_unit": "G"
      },
      {
        "state": "WA",
        "price": "2500",
        "price_per_unit": "500",
        "price_unit": "G"
      },
      {
        "state": "TAS",
        "price": "2500",
        "price_per_unit": "500",
        "price_unit": "G"
      },
      {
        "state": "ACT",
        "price": "2500",
        "price_per_unit": "500",
        "price_unit": "G"
      },
      {
        "state": "NT",
        "price": "2500",
        "price_per_unit": "500",
        "price_unit": "G"
      }
    ]
  },
  {
    "source_url": "https://www.woolworths.com.au/shop/productdetails/514947/qv-gentle-wash",
    "name": "QV Gentle Wash 1kg",
    "image_url": "https://cdn1.woolworths.media/content/wowproductimages/large/514947.jpg",
    "source_id": "Woolworths - 514947",
    "barcode": "9314839004827",
    "category_id": "1_894D0A8",
    "shop": "Woolworths",
    "weight": "100G",
    "prices": [
      {
        "state": "NSW",
        "price": "3000",
        "price_per_unit": "300",
        "price_unit": "G"
      },
      {
        "state": "VIC",
        "price": "3000",
        "price_per_unit": "300",
        "price_unit": "G"
      },
      {
        "state": "QLD",
        "price": "3000",
        "price_per_unit": "300",
        "price_unit": "G"
      },
      {
        "state": "WA",
        "price": "3000",
        "price_per_unit": "300",
        "price_unit": "G"
      },
      {
        "state": "SA",
        "price": "3000",
        "price_per_unit": "300",
        "price_unit": "G"
      },
      {
        "state": "TAS",
        "price": "3000",
        "price_per_unit": "300",
        "price_unit": "G"
      },
      {
        "state": "ACT",
        "price": "3000",
        "price_per_unit": "300",
        "price_unit": "G"
      }
    ]
  },
  {
    "source_url": "https://www.woolworths.com.au/shop/productdetails/357373/qv-gentle-wash",
    "name": "QV Gentle Wash 350g",
    "image_url": "https://cdn1.woolworths.media/content/wowproductimages/large/357373.jpg",
    "source_id": "Woolworths - 357373",
    "barcode": "9314839007705",
    "category_id": "1_894D0A8",
    "shop": "Woolworths",
    "weight": "100G",
    "prices": [
      {
        "state": "NSW",
        "price": "1300",
        "price_per_unit": "371",
        "price_unit": "G"
      },
      {
        "state": "VIC",
        "price": "1300",
        "price_per_unit": "371",
        "price_unit": "G"
      },
      {
        "state": "WA",
        "price": "1300",
        "price_per_unit": "371",
        "price_unit": "G"
      },
      {
        "state": "SA",
        "price": "1300",
        "price_per_unit": "371",
        "price_unit": "G"
      },
      {
        "state": "TAS",
        "price": "1300",
        "price_per_unit": "371",
        "price_unit": "G"
      },
      {
        "state": "NT",
        "price": "1300",
        "price_per_unit": "371",
        "price_unit": "G"
      }
    ]
  },
  {
    "source_url": "https://www.woolworths.com.au/shop/productdetails/745611/qv-gentle-wash",
    "name": "QV Gentle Wash 500ml",
    "image_url": "https://cdn1.woolworths.media/content/wowproductimages/large/745611.jpg",
    "source_id": "Woolworths - 745611",
    "barcode": "9314839004810",
    "category_id": "1_894D0A8",
    "shop": "Woolworths",
    "weight": "100G",
    "prices": [
      {
        "state": "NSW",
        "price": "2000",
        "price_per_unit": "400",
        "price_unit": "G"
      },
      {
        "state": "VIC",
        "price": "2000",
        "price_per_unit": "400",
        "price_unit": "G"
      },
      {
        "state": "QLD",
        "price": "2000",
        "price_per_unit": "400",
        "price_unit": "G"
      },
      {
        "state": "WA",
        "price": "2000",
        "price_per_unit": "400",
        "price_unit": "G"
      },
      {
        "state": "SA",
        "price": "2000",
        "price_per_unit": "400",
        "price_unit": "G"
      },
      {
        "state": "TAS",
        "price": "2000",
        "price_per_unit": "400",
        "price_unit": "G"
      },
      {
        "state": "ACT",
        "price": "2000",
        "price_per_unit": "400",
        "price_unit": "G"
      },
      {
        "state": "NT",
        "price": "2000",
        "price_per_unit": "400",
        "price_unit": "G"
      }
    ]
  },
  {
    "source_url": "https://www.woolworths.com.au/shop/productdetails/515111/qv-skin-lotion",
    "name": "QV Skin Lotion 1l",
    "image_url": "https://cdn1.woolworths.media/content/wowproductimages/large/515111.jpg",
    "source_id": "Woolworths - 515111",
    "barcode": "9314839001451",
    "category_id": "1_894D0A8",
    "shop": "Woolworths",
    "weight": "100ML",
    "prices": [
      {
        "state": "NSW",
        "price": "3000",
        "price_per_unit": "300",
        "price_unit": "ML"
      },
      {
        "state": "VIC",
        "price": "3000",
        "price_per_unit": "300",
        "price_unit": "ML"
      },
      {
        "state": "QLD",
        "price": "3000",
        "price_per_unit": "300",
        "price_unit": "ML"
      },
      {
        "state": "WA",
        "price": "3000",
        "price_per_unit": "300",
        "price_unit": "ML"
      },
      {
        "state": "SA",
        "price": "3000",
        "price_per_unit": "300",
        "price_unit": "ML"
      },
      {
        "state": "TAS",
        "price": "3000",
        "price_per_unit": "300",
        "price_unit": "ML"
      },
      {
        "state": "ACT",
        "price": "3000",
        "price_per_unit": "300",
        "price_unit": "ML"
      },
      {
        "state": "NT",
        "price": "3000",
        "price_per_unit": "300",
        "price_unit": "ML"
      }
    ]
  },
  {
    "source_url": "https://www.woolworths.com.au/shop/productdetails/745589/qv-skin-lotion",
    "name": "QV Skin Lotion 250ml",
    "image_url": "https://cdn1.woolworths.media/content/wowproductimages/large/745589.jpg",
    "source_id": "Woolworths - 745589",
    "barcode": "9314839003417",
    "category_id": "1_894D0A8",
    "shop": "Woolworths",
    "weight": "100ML",
    "prices": [
      {
        "state": "NSW",
        "price": "1300",
        "price_per_unit": "520",
        "price_unit": "ML"
      },
      {
        "state": "VIC",
        "price": "1300",
        "price_per_unit": "520",
        "price_unit": "ML"
      },
      {
        "state": "WA",
        "price": "1300",
        "price_per_unit": "520",
        "price_unit": "ML"
      },
      {
        "state": "TAS",
        "price": "1300",
        "price_per_unit": "520",
        "price_unit": "ML"
      },
      {
        "state": "ACT",
        "price": "1300",
        "price_per_unit": "520",
        "price_unit": "ML"
      },
      {
        "state": "NT",
        "price": "1300",
        "price_per_unit": "520",
        "price_unit": "ML"
      }
    ]
  },
  {
    "source_url": "https://www.woolworths.com.au/shop/productdetails/236710/redwin-sorbolene-daily-moisturiser",
    "name": "Redwin Sorbolene Daily Moisturiser 1.1l",
    "image_url": "https://cdn1.woolworths.media/content/wowproductimages/large/236710.jpg",
    "source_id": "Woolworths - 236710",
    "barcode": "9314807081096",
    "category_id": "1_894D0A8",
    "shop": "Woolworths",
    "weight": "100ML",
    "prices": [
      {
        "state": "NSW",
        "price": "1100",
        "price_per_unit": "100",
        "price_unit": "ML"
      },
      {
        "state": "VIC",
        "price": "1100",
        "price_per_unit": "100",
        "price_unit": "ML"
      },
      {
        "state": "WA",
        "price": "1100",
        "price_per_unit": "100",
        "price_unit": "ML"
      },
      {
        "state": "SA",
        "price": "1100",
        "price_per_unit": "100",
        "price_unit": "ML"
      },
      {
        "state": "TAS",
        "price": "1100",
        "price_per_unit": "100",
        "price_unit": "ML"
      },
      {
        "state": "ACT",
        "price": "1100",
        "price_per_unit": "100",
        "price_unit": "ML"
      },
      {
        "state": "NT",
        "price": "1100",
        "price_per_unit": "100",
        "price_unit": "ML"
      }
    ]
  },
  {
    "source_url": "https://www.woolworths.com.au/shop/productdetails/237875/redwin-sorbolene-daily-moisturiser",
    "name": "Redwin Sorbolene Daily Moisturiser 550ml",
    "image_url": "https://cdn1.woolworths.media/content/wowproductimages/large/237875.jpg",
    "source_id": "Woolworths - 237875",
    "barcode": "9314807081089",
    "category_id": "1_894D0A8",
    "shop": "Woolworths",
    "weight": "100ML",
    "prices": [
      {
        "state": "NSW",
        "price": "800",
        "price_per_unit": "145",
        "price_unit": "ML"
      },
      {
        "state": "VIC",
        "price": "800",
        "price_per_unit": "145",
        "price_unit": "ML"
      },
      {
        "state": "QLD",
        "price": "800",
        "price_per_unit": "145",
        "price_unit": "ML"
      },
      {
        "state": "WA",
        "price": "800",
        "price_per_unit": "145",
        "price_unit": "ML"
      },
      {
        "state": "SA",
        "price": "800",
        "price_per_unit": "145",
        "price_unit": "ML"
      },
      {
        "state": "TAS",
        "price": "800",
        "price_per_unit": "145",
        "price_unit": "ML"
      },
      {
        "state": "ACT",
        "price": "800",
        "price_per_unit": "145",
        "price_unit": "ML"
      },
      {
        "state": "NT",
        "price": "800",
        "price_per_unit": "145",
        "price_unit": "ML"
      }
    ]
  },
  {
    "source_url": "https://www.woolworths.com.au/shop/productdetails/236711/redwin-vitamin-e-cream-with-evening-primrose-oil",
    "name": "Redwin Vitamin e Cream With Evening Primrose Oil 330g",
    "image_url": "https://cdn1.woolworths.media/content/wowproductimages/large/236711.jpg",
    "source_id": "Woolworths - 236711",
    "barcode": "9314807081119",
    "category_id": "1_894D0A8",
    "shop": "Woolworths",
    "weight": "100G",
    "prices": [
      {
        "state": "NSW",
        "price": "700",
        "price_per_unit": "212",
        "price_unit": "G"
      },
      {
        "state": "VIC",
        "price": "700",
        "price_per_unit": "212",
        "price_unit": "G"
      },
      {
        "state": "QLD",
        "price": "700",
        "price_per_unit": "212",
        "price_unit": "G"
      },
      {
        "state": "WA",
        "price": "700",
        "price_per_unit": "212",
        "price_unit": "G"
      },
      {
        "state": "SA",
        "price": "700",
        "price_per_unit": "212",
        "price_unit": "G"
      },
      {
        "state": "TAS",
        "price": "700",
        "price_per_unit": "212",
        "price_unit": "G"
      },
      {
        "state": "ACT",
        "price": "700",
        "price_per_unit": "212",
        "price_unit": "G"
      },
      {
        "state": "NT",
        "price": "700",
        "price_per_unit": "212",
        "price_unit": "G"
      }
    ]
  },
  {
    "source_url": "https://www.woolworths.com.au/shop/productdetails/1073924964/sasy-n-savy-citrus-souffle-body-creme-180ml",
    "name": "Sasy n Savy Citrus Souffle Body Creme 180mL",
    "image_url": "https://cdn1.woolworths.media/content/wowproductimages/large/1073924964.jpg",
    "source_id": "Woolworths - 1073924964",
    "barcode": null,
    "category_id": "1_894D0A8",
    "shop": "Woolworths",
    "weight": "100ML",
    "prices": [
      {
        "state": "NSW",
        "price": "5000",
        "price_per_unit": "2778",
        "price_unit": "ML"
      },
      {
        "state": "VIC",
        "price": "5000",
        "price_per_unit": "2778",
        "price_unit": "ML"
      },
      {
        "state": "QLD",
        "price": "5000",
        "price_per_unit": "2778",
        "price_unit": "ML"
      },
      {
        "state": "WA",
        "price": "5000",
        "price_per_unit": "2778",
        "price_unit": "ML"
      },
      {
        "state": "SA",
        "price": "5000",
        "price_per_unit": "2778",
        "price_unit": "ML"
      },
      {
        "state": "TAS",
        "price": "5000",
        "price_per_unit": "2778",
        "price_unit": "ML"
      },
      {
        "state": "ACT",
        "price": "5000",
        "price_per_unit": "2778",
        "price_unit": "ML"
      },
      {
        "state": "NT",
        "price": "5000",
        "price_per_unit": "2778",
        "price_unit": "ML"
      }
    ]
  },
  {
    "source_url": "https://www.woolworths.com.au/shop/productdetails/1073924958/sasy-n-savy-detox-massage-oil-125ml",
    "name": "Sasy n Savy Detox Massage Oil 125mL",
    "image_url": "https://cdn1.woolworths.media/content/wowproductimages/large/1073924958.jpg",
    "source_id": "Woolworths - 1073924958",
    "barcode": null,
    "category_id": "1_894D0A8",
    "shop": "Woolworths",
    "weight": "100ML",
    "prices": [
      {
        "state": "NSW",
        "price": "4000",
        "price_per_unit": "3200",
        "price_unit": "ML"
      },
      {
        "state": "VIC",
        "price": "4000",
        "price_per_unit": "3200",
        "price_unit": "ML"
      },
      {
        "state": "QLD",
        "price": "4000",
        "price_per_unit": "3200",
        "price_unit": "ML"
      },
      {
        "state": "WA",
        "price": "4000",
        "price_per_unit": "3200",
        "price_unit": "ML"
      },
      {
        "state": "SA",
        "price": "4000",
        "price_per_unit": "3200",
        "price_unit": "ML"
      },
      {
        "state": "TAS",
        "price": "4000",
        "price_per_unit": "3200",
        "price_unit": "ML"
      },
      {
        "state": "ACT",
        "price": "4000",
        "price_per_unit": "3200",
        "price_unit": "ML"
      },
      {
        "state": "NT",
        "price": "4000",
        "price_per_unit": "3200",
        "price_unit": "ML"
      }
    ]
  },
  {
    "source_url": "https://www.woolworths.com.au/shop/productdetails/1073924970/sasy-n-savy-golden-silk-shimmer-lotion-180ml",
    "name": "Sasy n Savy Golden Silk Shimmer Lotion 180mL",
    "image_url": "https://cdn1.woolworths.media/content/wowproductimages/large/1073924970.jpg",
    "source_id": "Woolworths - 1073924970",
    "barcode": null,
    "category_id": "1_894D0A8",
    "shop": "Woolworths",
    "weight": "100ML",
    "prices": [
      {
        "state": "NSW",
        "price": "6000",
        "price_per_unit": "3333",
        "price_unit": "ML"
      },
      {
        "state": "VIC",
        "price": "6000",
        "price_per_unit": "3333",
        "price_unit": "ML"
      },
      {
        "state": "QLD",
        "price": "6000",
        "price_per_unit": "3333",
        "price_unit": "ML"
      },
      {
        "state": "WA",
        "price": "6000",
        "price_per_unit": "3333",
        "price_unit": "ML"
      },
      {
        "state": "SA",
        "price": "6000",
        "price_per_unit": "3333",
        "price_unit": "ML"
      },
      {
        "state": "TAS",
        "price": "6000",
        "price_per_unit": "3333",
        "price_unit": "ML"
      },
      {
        "state": "ACT",
        "price": "6000",
        "price_per_unit": "3333",
        "price_unit": "ML"
      },
      {
        "state": "NT",
        "price": "6000",
        "price_per_unit": "3333",
        "price_unit": "ML"
      }
    ]
  },
  {
    "source_url": "https://www.woolworths.com.au/shop/productdetails/1073924935/sasy-n-savy-jojoba-oil-100ml",
    "name": "Sasy n Savy Jojoba Oil 100mL",
    "image_url": "https://cdn1.woolworths.media/content/wowproductimages/large/1073924935.jpg",
    "source_id": "Woolworths - 1073924935",
    "barcode": null,
    "category_id": "1_894D0A8",
    "shop": "Woolworths",
    "weight": "100ML",
    "prices": [
      {
        "state": "NSW",
        "price": "3500",
        "price_per_unit": "3500",
        "price_unit": "ML"
      },
      {
        "state": "VIC",
        "price": "3500",
        "price_per_unit": "3500",
        "price_unit": "ML"
      },
      {
        "state": "QLD",
        "price": "3500",
        "price_per_unit": "3500",
        "price_unit": "ML"
      },
      {
        "state": "WA",
        "price": "3500",
        "price_per_unit": "3500",
        "price_unit": "ML"
      },
      {
        "state": "SA",
        "price": "3500",
        "price_per_unit": "3500",
        "price_unit": "ML"
      },
      {
        "state": "TAS",
        "price": "3500",
        "price_per_unit": "3500",
        "price_unit": "ML"
      },
      {
        "state": "ACT",
        "price": "3500",
        "price_per_unit": "3500",
        "price_unit": "ML"
      },
      {
        "state": "NT",
        "price": "3500",
        "price_per_unit": "3500",
        "price_unit": "ML"
      }
    ]
  },
  {
    "source_url": "https://www.woolworths.com.au/shop/productdetails/1073924940/sasy-n-savy-pamper-me-pack",
    "name": "Sasy n Savy Pamper Me Pack",
    "image_url": "https://cdn1.woolworths.media/content/wowproductimages/large/1073924940.jpg",
    "source_id": "Woolworths - 1073924940",
    "barcode": null,
    "category_id": "1_894D0A8",
    "shop": "Woolworths",
    "weight": "1EA",
    "prices": [
      {
        "state": "NSW",
        "price": "6500",
        "price_per_unit": "6500",
        "price_unit": "EA"
      },
      {
        "state": "VIC",
        "price": "6500",
        "price_per_unit": "6500",
        "price_unit": "EA"
      },
      {
        "state": "QLD",
        "price": "6500",
        "price_per_unit": "6500",
        "price_unit": "EA"
      },
      {
        "state": "WA",
        "price": "6500",
        "price_per_unit": "6500",
        "price_unit": "EA"
      },
      {
        "state": "SA",
        "price": "6500",
        "price_per_unit": "6500",
        "price_unit": "EA"
      },
      {
        "state": "TAS",
        "price": "6500",
        "price_per_unit": "6500",
        "price_unit": "EA"
      },
      {
        "state": "ACT",
        "price": "6500",
        "price_per_unit": "6500",
        "price_unit": "EA"
      },
      {
        "state": "NT",
        "price": "6500",
        "price_per_unit": "6500",
        "price_unit": "EA"
      }
    ]
  },
  {
    "source_url": "https://www.woolworths.com.au/shop/productdetails/1073924956/sasy-n-savy-rejuvenate-massage-oil-125ml",
    "name": "Sasy n Savy Rejuvenate Massage Oil 125mL",
    "image_url": "https://cdn1.woolworths.media/content/wowproductimages/large/1073924956.jpg",
    "source_id": "Woolworths - 1073924956",
    "barcode": null,
    "category_id": "1_894D0A8",
    "shop": "Woolworths",
    "weight": "100ML",
    "prices": [
      {
        "state": "NSW",
        "price": "4000",
        "price_per_unit": "3200",
        "price_unit": "ML"
      },
      {
        "state": "VIC",
        "price": "4000",
        "price_per_unit": "3200",
        "price_unit": "ML"
      },
      {
        "state": "QLD",
        "price": "4000",
        "price_per_unit": "3200",
        "price_unit": "ML"
      },
      {
        "state": "WA",
        "price": "4000",
        "price_per_unit": "3200",
        "price_unit": "ML"
      },
      {
        "state": "SA",
        "price": "4000",
        "price_per_unit": "3200",
        "price_unit": "ML"
      },
      {
        "state": "TAS",
        "price": "4000",
        "price_per_unit": "3200",
        "price_unit": "ML"
      },
      {
        "state": "ACT",
        "price": "4000",
        "price_per_unit": "3200",
        "price_unit": "ML"
      },
      {
        "state": "NT",
        "price": "4000",
        "price_per_unit": "3200",
        "price_unit": "ML"
      }
    ]
  },
  {
    "source_url": "https://www.woolworths.com.au/shop/productdetails/1073924936/sasy-n-savy-sweet-almond-oil-100ml",
    "name": "Sasy n Savy Sweet Almond Oil 100mL",
    "image_url": "https://cdn1.woolworths.media/content/wowproductimages/large/1073924936.jpg",
    "source_id": "Woolworths - 1073924936",
    "barcode": null,
    "category_id": "1_894D0A8",
    "shop": "Woolworths",
    "weight": "100ML",
    "prices": [
      {
        "state": "NSW",
        "price": "2500",
        "price_per_unit": "2500",
        "price_unit": "ML"
      },
      {
        "state": "VIC",
        "price": "2500",
        "price_per_unit": "2500",
        "price_unit": "ML"
      },
      {
        "state": "QLD",
        "price": "2500",
        "price_per_unit": "2500",
        "price_unit": "ML"
      },
      {
        "state": "WA",
        "price": "2500",
        "price_per_unit": "2500",
        "price_unit": "ML"
      },
      {
        "state": "SA",
        "price": "2500",
        "price_per_unit": "2500",
        "price_unit": "ML"
      },
      {
        "state": "TAS",
        "price": "2500",
        "price_per_unit": "2500",
        "price_unit": "ML"
      },
      {
        "state": "ACT",
        "price": "2500",
        "price_per_unit": "2500",
        "price_unit": "ML"
      },
      {
        "state": "NT",
        "price": "2500",
        "price_per_unit": "2500",
        "price_unit": "ML"
      }
    ]
  },
  {
    "source_url": "https://www.woolworths.com.au/shop/productdetails/1073924957/sasy-n-savy-unwind-massage-oil-125ml",
    "name": "Sasy n Savy Unwind Massage Oil 125mL",
    "image_url": "https://cdn1.woolworths.media/content/wowproductimages/large/1073924957.jpg",
    "source_id": "Woolworths - 1073924957",
    "barcode": null,
    "category_id": "1_894D0A8",
    "shop": "Woolworths",
    "weight": "100ML",
    "prices": [
      {
        "state": "NSW",
        "price": "4000",
        "price_per_unit": "3200",
        "price_unit": "ML"
      },
      {
        "state": "VIC",
        "price": "4000",
        "price_per_unit": "3200",
        "price_unit": "ML"
      },
      {
        "state": "QLD",
        "price": "4000",
        "price_per_unit": "3200",
        "price_unit": "ML"
      },
      {
        "state": "WA",
        "price": "4000",
        "price_per_unit": "3200",
        "price_unit": "ML"
      },
      {
        "state": "SA",
        "price": "4000",
        "price_per_unit": "3200",
        "price_unit": "ML"
      },
      {
        "state": "TAS",
        "price": "4000",
        "price_per_unit": "3200",
        "price_unit": "ML"
      },
      {
        "state": "ACT",
        "price": "4000",
        "price_per_unit": "3200",
        "price_unit": "ML"
      },
      {
        "state": "NT",
        "price": "4000",
        "price_per_unit": "3200",
        "price_unit": "ML"
      }
    ]
  },
  {
    "source_url": "https://www.woolworths.com.au/shop/productdetails/207489/simple-kind-to-skin-light-moisturiser-hydrating",
    "name": "Simple Kind To Skin Light Moisturiser Hydrating 125ml",
    "image_url": "https://cdn1.woolworths.media/content/wowproductimages/large/207489.jpg",
    "source_id": "Woolworths - 207489",
    "barcode": "5011451103931",
    "category_id": "1_894D0A8",
    "shop": "Woolworths",
    "weight": "100ML",
    "prices": [
      {
        "state": "NSW",
        "price": "575",
        "price_per_unit": "460",
        "price_unit": "ML"
      },
      {
        "state": "VIC",
        "price": "575",
        "price_per_unit": "460",
        "price_unit": "ML"
      },
      {
        "state": "QLD",
        "price": "575",
        "price_per_unit": "460",
        "price_unit": "ML"
      },
      {
        "state": "WA",
        "price": "575",
        "price_per_unit": "460",
        "price_unit": "ML"
      },
      {
        "state": "SA",
        "price": "575",
        "price_per_unit": "460",
        "price_unit": "ML"
      },
      {
        "state": "TAS",
        "price": "575",
        "price_per_unit": "460",
        "price_unit": "ML"
      },
      {
        "state": "NT",
        "price": "600",
        "price_per_unit": "480",
        "price_unit": "ML"
      }
    ]
  },
  {
    "source_url": "https://www.woolworths.com.au/shop/productdetails/859269/sukin-signature-hydrating-body-lotion-pump",
    "name": "Sukin Signature Hydrating Body Lotion Pump 500ml",
    "image_url": "https://cdn1.woolworths.media/content/wowproductimages/large/859269.jpg",
    "source_id": "Woolworths - 859269",
    "barcode": "9327693000423",
    "category_id": "1_894D0A8",
    "shop": "Woolworths",
    "weight": "100ML",
    "prices": [
      {
        "state": "NSW",
        "price": "800",
        "price_per_unit": "160",
        "price_unit": "ML"
      },
      {
        "state": "VIC",
        "price": "800",
        "price_per_unit": "160",
        "price_unit": "ML"
      },
      {
        "state": "WA",
        "price": "800",
        "price_per_unit": "160",
        "price_unit": "ML"
      },
      {
        "state": "SA",
        "price": "800",
        "price_per_unit": "160",
        "price_unit": "ML"
      },
      {
        "state": "TAS",
        "price": "800",
        "price_per_unit": "160",
        "price_unit": "ML"
      }
    ]
  },
  {
    "source_url": "https://www.woolworths.com.au/shop/productdetails/926593/sundae-body-whip-just-peachy",
    "name": "Sundae Body Whip Just Peachy 200mL",
    "image_url": "https://cdn1.woolworths.media/content/wowproductimages/large/926593.jpg",
    "source_id": "Woolworths - 926593",
    "barcode": "9358131000576",
    "category_id": "1_894D0A8",
    "shop": "Woolworths",
    "weight": "100ML",
    "prices": [
      {
        "state": "NSW",
        "price": "4000",
        "price_per_unit": "2000",
        "price_unit": "ML"
      },
      {
        "state": "VIC",
        "price": "4000",
        "price_per_unit": "2000",
        "price_unit": "ML"
      },
      {
        "state": "QLD",
        "price": "4000",
        "price_per_unit": "2000",
        "price_unit": "ML"
      },
      {
        "state": "WA",
        "price": "4000",
        "price_per_unit": "2000",
        "price_unit": "ML"
      },
      {
        "state": "SA",
        "price": "4000",
        "price_per_unit": "2000",
        "price_unit": "ML"
      },
      {
        "state": "TAS",
        "price": "4000",
        "price_per_unit": "2000",
        "price_unit": "ML"
      },
      {
        "state": "ACT",
        "price": "4000",
        "price_per_unit": "2000",
        "price_unit": "ML"
      },
      {
        "state": "NT",
        "price": "4000",
        "price_per_unit": "2000",
        "price_unit": "ML"
      }
    ]
  },
  {
    "source_url": "https://www.woolworths.com.au/shop/productdetails/939732/sundae-body-whip-very-berry",
    "name": "Sundae Body Whip Very Berry 200mL",
    "image_url": "https://cdn1.woolworths.media/content/wowproductimages/large/939732.jpg",
    "source_id": "Woolworths - 939732",
    "barcode": "9358131000552",
    "category_id": "1_894D0A8",
    "shop": "Woolworths",
    "weight": "100ML",
    "prices": [
      {
        "state": "NSW",
        "price": "4000",
        "price_per_unit": "2000",
        "price_unit": "ML"
      },
      {
        "state": "VIC",
        "price": "4000",
        "price_per_unit": "2000",
        "price_unit": "ML"
      },
      {
        "state": "WA",
        "price": "4000",
        "price_per_unit": "2000",
        "price_unit": "ML"
      },
      {
        "state": "SA",
        "price": "4000",
        "price_per_unit": "2000",
        "price_unit": "ML"
      },
      {
        "state": "TAS",
        "price": "4000",
        "price_per_unit": "2000",
        "price_unit": "ML"
      },
      {
        "state": "ACT",
        "price": "4000",
        "price_per_unit": "2000",
        "price_unit": "ML"
      },
      {
        "state": "NT",
        "price": "4000",
        "price_per_unit": "2000",
        "price_unit": "ML"
      }
    ]
  },
  {
    "source_url": "https://www.woolworths.com.au/shop/productdetails/940293/sundae-body-whip-watermelon-whirl",
    "name": "Sundae Body Whip Watermelon Whirl 200mL",
    "image_url": "https://cdn1.woolworths.media/content/wowproductimages/large/940293.jpg",
    "source_id": "Woolworths - 940293",
    "barcode": "9358131000569",
    "category_id": "1_894D0A8",
    "shop": "Woolworths",
    "weight": "100ML",
    "prices": [
      {
        "state": "NSW",
        "price": "4000",
        "price_per_unit": "2000",
        "price_unit": "ML"
      },
      {
        "state": "VIC",
        "price": "4000",
        "price_per_unit": "2000",
        "price_unit": "ML"
      },
      {
        "state": "WA",
        "price": "4000",
        "price_per_unit": "2000",
        "price_unit": "ML"
      },
      {
        "state": "SA",
        "price": "4000",
        "price_per_unit": "2000",
        "price_unit": "ML"
      },
      {
        "state": "TAS",
        "price": "4000",
        "price_per_unit": "2000",
        "price_unit": "ML"
      },
      {
        "state": "ACT",
        "price": "4000",
        "price_per_unit": "2000",
        "price_unit": "ML"
      },
      {
        "state": "NT",
        "price": "4000",
        "price_per_unit": "2000",
        "price_unit": "ML"
      }
    ]
  },
  {
    "source_url": "https://www.woolworths.com.au/shop/productdetails/137928/vaseline-expert-care-dry-skin-rescue-advanced-strength-body-lotion",
    "name": "Vaseline Expert Care Dry Skin Rescue Advanced Strength Body Lotion 550ml",
    "image_url": "https://cdn1.woolworths.media/content/wowproductimages/large/137928.jpg",
    "source_id": "Woolworths - 137928",
    "barcode": "9300830063277",
    "category_id": "1_894D0A8",
    "shop": "Woolworths",
    "weight": "100ML",
    "prices": [
      {
        "state": "NSW",
        "price": "1500",
        "price_per_unit": "273",
        "price_unit": "ML"
      },
      {
        "state": "VIC",
        "price": "1500",
        "price_per_unit": "273",
        "price_unit": "ML"
      },
      {
        "state": "WA",
        "price": "1500",
        "price_per_unit": "273",
        "price_unit": "ML"
      },
      {
        "state": "SA",
        "price": "1500",
        "price_per_unit": "273",
        "price_unit": "ML"
      },
      {
        "state": "TAS",
        "price": "1500",
        "price_per_unit": "273",
        "price_unit": "ML"
      },
      {
        "state": "ACT",
        "price": "1500",
        "price_per_unit": "273",
        "price_unit": "ML"
      }
    ]
  },
  {
    "source_url": "https://www.woolworths.com.au/shop/productdetails/940183/vaseline-gluta-hya-serum-burst-dewy-radiance-lotion",
    "name": "Vaseline Gluta-Hya Serum Burst Dewy Radiance Lotion 200mL",
    "image_url": "https://cdn1.woolworths.media/content/wowproductimages/large/940183.jpg",
    "source_id": "Woolworths - 940183",
    "barcode": "9300830092116",
    "category_id": "1_894D0A8",
    "shop": "Woolworths",
    "weight": "100ML",
    "prices": [
      {
        "state": "NSW",
        "price": "550",
        "price_per_unit": "275",
        "price_unit": "ML"
      },
      {
        "state": "VIC",
        "price": "550",
        "price_per_unit": "275",
        "price_unit": "ML"
      },
      {
        "state": "QLD",
        "price": "550",
        "price_per_unit": "275",
        "price_unit": "ML"
      },
      {
        "state": "WA",
        "price": "550",
        "price_per_unit": "275",
        "price_unit": "ML"
      },
      {
        "state": "SA",
        "price": "550",
        "price_per_unit": "275",
        "price_unit": "ML"
      },
      {
        "state": "TAS",
        "price": "550",
        "price_per_unit": "275",
        "price_unit": "ML"
      },
      {
        "state": "ACT",
        "price": "550",
        "price_per_unit": "275",
        "price_unit": "ML"
      },
      {
        "state": "NT",
        "price": "550",
        "price_per_unit": "275",
        "price_unit": "ML"
      }
    ]
  },
  {
    "source_url": "https://www.woolworths.com.au/shop/productdetails/940185/vaseline-gluta-hya-serum-burst-flawless-glow-lotion",
    "name": "Vaseline Gluta-Hya Serum Burst Flawless Glow Lotion 200mL",
    "image_url": "https://cdn1.woolworths.media/content/wowproductimages/large/940185.jpg",
    "source_id": "Woolworths - 940185",
    "barcode": "9300830092123",
    "category_id": "1_894D0A8",
    "shop": "Woolworths",
    "weight": "100ML",
    "prices": [
      {
        "state": "NSW",
        "price": "550",
        "price_per_unit": "275",
        "price_unit": "ML"
      },
      {
        "state": "VIC",
        "price": "550",
        "price_per_unit": "275",
        "price_unit": "ML"
      },
      {
        "state": "WA",
        "price": "550",
        "price_per_unit": "275",
        "price_unit": "ML"
      },
      {
        "state": "SA",
        "price": "550",
        "price_per_unit": "275",
        "price_unit": "ML"
      },
      {
        "state": "TAS",
        "price": "550",
        "price_per_unit": "275",
        "price_unit": "ML"
      },
      {
        "state": "ACT",
        "price": "550",
        "price_per_unit": "275",
        "price_unit": "ML"
      },
      {
        "state": "NT",
        "price": "550",
        "price_per_unit": "275",
        "price_unit": "ML"
      }
    ]
  },
  {
    "source_url": "https://www.woolworths.com.au/shop/productdetails/938838/vaseline-gluta-hya-serum-burst-pro-age-restore-lotion",
    "name": "Vaseline Gluta-Hya Serum Burst Pro Age Restore Lotion 200mL",
    "image_url": "https://cdn1.woolworths.media/content/wowproductimages/large/938838.jpg",
    "source_id": "Woolworths - 938838",
    "barcode": "9300830092130",
    "category_id": "1_894D0A8",
    "shop": "Woolworths",
    "weight": "100ML",
    "prices": [
      {
        "state": "NSW",
        "price": "550",
        "price_per_unit": "275",
        "price_unit": "ML"
      },
      {
        "state": "WA",
        "price": "550",
        "price_per_unit": "275",
        "price_unit": "ML"
      },
      {
        "state": "SA",
        "price": "550",
        "price_per_unit": "275",
        "price_unit": "ML"
      },
      {
        "state": "TAS",
        "price": "550",
        "price_per_unit": "275",
        "price_unit": "ML"
      },
      {
        "state": "ACT",
        "price": "550",
        "price_per_unit": "275",
        "price_unit": "ML"
      }
    ]
  },
  {
    "source_url": "https://www.woolworths.com.au/shop/productdetails/730351/vaseline-intensive-care-body-lotion-aloe-soothe",
    "name": "Vaseline Intensive Care Body Lotion Aloe Soothe 225ml",
    "image_url": "https://cdn1.woolworths.media/content/wowproductimages/large/730351.jpg",
    "source_id": "Woolworths - 730351",
    "barcode": "8851932285476",
    "category_id": "1_894D0A8",
    "shop": "Woolworths",
    "weight": "100ML",
    "prices": [
      {
        "state": "NSW",
        "price": "325",
        "price_per_unit": "144",
        "price_unit": "ML"
      },
      {
        "state": "VIC",
        "price": "325",
        "price_per_unit": "144",
        "price_unit": "ML"
      },
      {
        "state": "QLD",
        "price": "325",
        "price_per_unit": "144",
        "price_unit": "ML"
      },
      {
        "state": "WA",
        "price": "325",
        "price_per_unit": "144",
        "price_unit": "ML"
      },
      {
        "state": "SA",
        "price": "325",
        "price_per_unit": "144",
        "price_unit": "ML"
      },
      {
        "state": "TAS",
        "price": "325",
        "price_per_unit": "144",
        "price_unit": "ML"
      },
      {
        "state": "ACT",
        "price": "325",
        "price_per_unit": "144",
        "price_unit": "ML"
      },
      {
        "state": "NT",
        "price": "340",
        "price_per_unit": "151",
        "price_unit": "ML"
      }
    ]
  },
  {
    "source_url": "https://www.woolworths.com.au/shop/productdetails/213345/vaseline-intensive-care-body-lotion-aloe-soothe",
    "name": "Vaseline Intensive Care Body Lotion Aloe Soothe 750mL",
    "image_url": "https://cdn1.woolworths.media/content/wowproductimages/large/213345.jpg",
    "source_id": "Woolworths - 213345",
    "barcode": "9400562436278",
    "category_id": "1_894D0A8",
    "shop": "Woolworths",
    "weight": "100ML",
    "prices": [
      {
        "state": "NSW",
        "price": "800",
        "price_per_unit": "107",
        "price_unit": "ML"
      },
      {
        "state": "VIC",
        "price": "800",
        "price_per_unit": "107",
        "price_unit": "ML"
      },
      {
        "state": "QLD",
        "price": "800",
        "price_per_unit": "107",
        "price_unit": "ML"
      },
      {
        "state": "WA",
        "price": "800",
        "price_per_unit": "107",
        "price_unit": "ML"
      },
      {
        "state": "SA",
        "price": "800",
        "price_per_unit": "107",
        "price_unit": "ML"
      },
      {
        "state": "TAS",
        "price": "800",
        "price_per_unit": "107",
        "price_unit": "ML"
      },
      {
        "state": "ACT",
        "price": "800",
        "price_per_unit": "107",
        "price_unit": "ML"
      },
      {
        "state": "NT",
        "price": "800",
        "price_per_unit": "107",
        "price_unit": "ML"
      }
    ]
  },
  {
    "source_url": "https://www.woolworths.com.au/shop/productdetails/343469/vaseline-intensive-care-body-lotion-cocoa-glow",
    "name": "Vaseline Intensive Care Body Lotion Cocoa Glow 750mL",
    "image_url": "https://cdn1.woolworths.media/content/wowproductimages/large/343469.jpg",
    "source_id": "Woolworths - 343469",
    "barcode": "9300663462803",
    "category_id": "1_894D0A8",
    "shop": "Woolworths",
    "weight": "100ML",
    "prices": [
      {
        "state": "NSW",
        "price": "800",
        "price_per_unit": "107",
        "price_unit": "ML"
      },
      {
        "state": "VIC",
        "price": "800",
        "price_per_unit": "107",
        "price_unit": "ML"
      },
      {
        "state": "QLD",
        "price": "800",
        "price_per_unit": "107",
        "price_unit": "ML"
      },
      {
        "state": "WA",
        "price": "800",
        "price_per_unit": "107",
        "price_unit": "ML"
      },
      {
        "state": "SA",
        "price": "800",
        "price_per_unit": "107",
        "price_unit": "ML"
      },
      {
        "state": "TAS",
        "price": "800",
        "price_per_unit": "107",
        "price_unit": "ML"
      },
      {
        "state": "ACT",
        "price": "800",
        "price_per_unit": "107",
        "price_unit": "ML"
      },
      {
        "state": "NT",
        "price": "800",
        "price_per_unit": "107",
        "price_unit": "ML"
      }
    ]
  },
  {
    "source_url": "https://www.woolworths.com.au/shop/productdetails/730333/vaseline-intensive-care-body-lotion-deep-restore",
    "name": "Vaseline Intensive Care Body Lotion Deep Restore 225ml",
    "image_url": "https://cdn1.woolworths.media/content/wowproductimages/large/730333.jpg",
    "source_id": "Woolworths - 730333",
    "barcode": "8851932285438",
    "category_id": "1_894D0A8",
    "shop": "Woolworths",
    "weight": "100ML",
    "prices": [
      {
        "state": "NSW",
        "price": "325",
        "price_per_unit": "144",
        "price_unit": "ML"
      },
      {
        "state": "VIC",
        "price": "325",
        "price_per_unit": "144",
        "price_unit": "ML"
      },
      {
        "state": "QLD",
        "price": "325",
        "price_per_unit": "144",
        "price_unit": "ML"
      },
      {
        "state": "WA",
        "price": "325",
        "price_per_unit": "144",
        "price_unit": "ML"
      },
      {
        "state": "SA",
        "price": "325",
        "price_per_unit": "144",
        "price_unit": "ML"
      },
      {
        "state": "TAS",
        "price": "325",
        "price_per_unit": "144",
        "price_unit": "ML"
      },
      {
        "state": "ACT",
        "price": "325",
        "price_per_unit": "144",
        "price_unit": "ML"
      },
      {
        "state": "NT",
        "price": "340",
        "price_per_unit": "151",
        "price_unit": "ML"
      }
    ]
  },
  {
    "source_url": "https://www.woolworths.com.au/shop/productdetails/730360/vaseline-intensive-care-cocoa-glow-moisturising-lotion",
    "name": "Vaseline Intensive Care Cocoa Glow Moisturising Lotion 225mL",
    "image_url": "https://cdn1.woolworths.media/content/wowproductimages/large/730360.jpg",
    "source_id": "Woolworths - 730360",
    "barcode": "8851932285513",
    "category_id": "1_894D0A8",
    "shop": "Woolworths",
    "weight": "100ML",
    "prices": [
      {
        "state": "NSW",
        "price": "325",
        "price_per_unit": "144",
        "price_unit": "ML"
      },
      {
        "state": "VIC",
        "price": "325",
        "price_per_unit": "144",
        "price_unit": "ML"
      },
      {
        "state": "WA",
        "price": "325",
        "price_per_unit": "144",
        "price_unit": "ML"
      },
      {
        "state": "SA",
        "price": "325",
        "price_per_unit": "144",
        "price_unit": "ML"
      },
      {
        "state": "TAS",
        "price": "325",
        "price_per_unit": "144",
        "price_unit": "ML"
      },
      {
        "state": "ACT",
        "price": "325",
        "price_per_unit": "144",
        "price_unit": "ML"
      }
    ]
  },
  {
    "source_url": "https://www.woolworths.com.au/shop/productdetails/200345/vaseline-intensive-care-deep-restore",
    "name": "Vaseline Intensive Care Deep Restore 750mL",
    "image_url": "https://cdn1.woolworths.media/content/wowproductimages/large/200345.jpg",
    "source_id": "Woolworths - 200345",
    "barcode": "9400562431235",
    "category_id": "1_894D0A8",
    "shop": "Woolworths",
    "weight": "100ML",
    "prices": [
      {
        "state": "NSW",
        "price": "800",
        "price_per_unit": "107",
        "price_unit": "ML"
      },
      {
        "state": "VIC",
        "price": "800",
        "price_per_unit": "107",
        "price_unit": "ML"
      },
      {
        "state": "QLD",
        "price": "800",
        "price_per_unit": "107",
        "price_unit": "ML"
      },
      {
        "state": "WA",
        "price": "800",
        "price_per_unit": "107",
        "price_unit": "ML"
      },
      {
        "state": "SA",
        "price": "800",
        "price_per_unit": "107",
        "price_unit": "ML"
      },
      {
        "state": "TAS",
        "price": "800",
        "price_per_unit": "107",
        "price_unit": "ML"
      },
      {
        "state": "ACT",
        "price": "800",
        "price_per_unit": "107",
        "price_unit": "ML"
      },
      {
        "state": "NT",
        "price": "800",
        "price_per_unit": "107",
        "price_unit": "ML"
      }
    ]
  },
  {
    "source_url": "https://www.woolworths.com.au/shop/productdetails/255135/vaseline-intensive-care-deep-restore-body-lotion",
    "name": "Vaseline Intensive Care Deep Restore Body Lotion 35ml",
    "image_url": "https://cdn1.woolworths.media/content/wowproductimages/large/255135.jpg",
    "source_id": "Woolworths - 255135",
    "barcode": "93372091",
    "category_id": "1_894D0A8",
    "shop": "Woolworths",
    "weight": "100ML",
    "prices": [
      {
        "state": "NSW",
        "price": "330",
        "price_per_unit": "943",
        "price_unit": "ML"
      }
    ]
  },
  {
    "source_url": "https://www.woolworths.com.au/shop/productdetails/495449/vitaustralia-emu-oil-cream",
    "name": "Vitaustralia Emu Oil Cream 250g",
    "image_url": "https://cdn1.woolworths.media/content/wowproductimages/large/495449.jpg",
    "source_id": "Woolworths - 495449",
    "barcode": "9316254013026",
    "category_id": "1_894D0A8",
    "shop": "Woolworths",
    "weight": "100G",
    "prices": [
      {
        "state": "NSW",
        "price": "590",
        "price_per_unit": "236",
        "price_unit": "G"
      },
      {
        "state": "WA",
        "price": "590",
        "price_per_unit": "236",
        "price_unit": "G"
      },
      {
        "state": "SA",
        "price": "590",
        "price_per_unit": "236",
        "price_unit": "G"
      },
      {
        "state": "TAS",
        "price": "590",
        "price_per_unit": "236",
        "price_unit": "G"
      },
      {
        "state": "ACT",
        "price": "590",
        "price_per_unit": "236",
        "price_unit": "G"
      }
    ]
  },
  {
    "source_url": "https://www.woolworths.com.au/shop/productdetails/495447/vitaustralia-lanolin-oil-cream",
    "name": "Vitaustralia Lanolin Oil Cream 250g",
    "image_url": "https://cdn1.woolworths.media/content/wowproductimages/large/495447.jpg",
    "source_id": "Woolworths - 495447",
    "barcode": "9316254013019",
    "category_id": "1_894D0A8",
    "shop": "Woolworths",
    "weight": "100G",
    "prices": [
      {
        "state": "NSW",
        "price": "590",
        "price_per_unit": "236",
        "price_unit": "G"
      },
      {
        "state": "WA",
        "price": "590",
        "price_per_unit": "236",
        "price_unit": "G"
      },
      {
        "state": "SA",
        "price": "590",
        "price_per_unit": "236",
        "price_unit": "G"
      },
      {
        "state": "TAS",
        "price": "590",
        "price_per_unit": "236",
        "price_unit": "G"
      },
      {
        "state": "ACT",
        "price": "590",
        "price_per_unit": "236",
        "price_unit": "G"
      },
      {
        "state": "NT",
        "price": "590",
        "price_per_unit": "236",
        "price_unit": "G"
      }
    ]
  },
  {
    "source_url": "https://www.woolworths.com.au/shop/productdetails/524939/you-by-redwin-rosewater-peony-body-lotion",
    "name": "You By Redwin Rosewater & Peony Body Lotion 350mL",
    "image_url": "https://cdn1.woolworths.media/content/wowproductimages/large/524939.jpg",
    "source_id": "Woolworths - 524939",
    "barcode": "9314807002190",
    "category_id": "1_894D0A8",
    "shop": "Woolworths",
    "weight": "100ML",
    "prices": [
      {
        "state": "NSW",
        "price": "1700",
        "price_per_unit": "486",
        "price_unit": "ML"
      },
      {
        "state": "VIC",
        "price": "1700",
        "price_per_unit": "486",
        "price_unit": "ML"
      },
      {
        "state": "WA",
        "price": "1700",
        "price_per_unit": "486",
        "price_unit": "ML"
      },
      {
        "state": "SA",
        "price": "1700",
        "price_per_unit": "486",
        "price_unit": "ML"
      },
      {
        "state": "TAS",
        "price": "1700",
        "price_per_unit": "486",
        "price_unit": "ML"
      },
      {
        "state": "ACT",
        "price": "1700",
        "price_per_unit": "486",
        "price_unit": "ML"
      }
    ]
  },
  {
    "source_url": "https://www.woolworths.com.au/shop/productdetails/546082/you-by-redwin-toasted-coconut-salted-caramel-body-lotion",
    "name": "You By Redwin Toasted Coconut & Salted Caramel Body Lotion 350mL",
    "image_url": "https://cdn1.woolworths.media/content/wowproductimages/large/546082.jpg",
    "source_id": "Woolworths - 546082",
    "barcode": "9314807002169",
    "category_id": "1_894D0A8",
    "shop": "Woolworths",
    "weight": "100ML",
    "prices": [
      {
        "state": "NSW",
        "price": "1700",
        "price_per_unit": "486",
        "price_unit": "ML"
      },
      {
        "state": "VIC",
        "price": "1700",
        "price_per_unit": "486",
        "price_unit": "ML"
      },
      {
        "state": "QLD",
        "price": "1700",
        "price_per_unit": "486",
        "price_unit": "ML"
      },
      {
        "state": "WA",
        "price": "1700",
        "price_per_unit": "486",
        "price_unit": "ML"
      },
      {
        "state": "SA",
        "price": "1700",
        "price_per_unit": "486",
        "price_unit": "ML"
      },
      {
        "state": "ACT",
        "price": "1700",
        "price_per_unit": "486",
        "price_unit": "ML"
      },
      {
        "state": "NT",
        "price": "1700",
        "price_per_unit": "486",
        "price_unit": "ML"
      }
    ]
  },
  {
    "source_url": "https://www.woolworths.com.au/shop/productdetails/543463/you-by-redwin-watermelon-citrus-blossom-body-lotion",
    "name": "You By Redwin Watermelon & Citrus Blossom Body Lotion 350mL",
    "image_url": "https://cdn1.woolworths.media/content/wowproductimages/large/543463.jpg",
    "source_id": "Woolworths - 543463",
    "barcode": "9314807002176",
    "category_id": "1_894D0A8",
    "shop": "Woolworths",
    "weight": "100ML",
    "prices": [
      {
        "state": "VIC",
        "price": "1700",
        "price_per_unit": "486",
        "price_unit": "ML"
      },
      {
        "state": "WA",
        "price": "1700",
        "price_per_unit": "486",
        "price_unit": "ML"
      },
      {
        "state": "SA",
        "price": "1700",
        "price_per_unit": "486",
        "price_unit": "ML"
      },
      {
        "state": "TAS",
        "price": "1700",
        "price_per_unit": "486",
        "price_unit": "ML"
      },
      {
        "state": "ACT",
        "price": "1700",
        "price_per_unit": "486",
        "price_unit": "ML"
      }
    ]
  },
  {
    "source_url": "https://www.woolworths.com.au/shop/productdetails/546043/cetaphil-daily-facial-cleanser-foaming",
    "name": "Cetaphil Daily Facial Cleanser Foaming 236mL",
    "image_url": "https://cdn1.woolworths.media/content/wowproductimages/large/546043.jpg",
    "source_id": "Woolworths - 546043",
    "barcode": "9318637044313",
    "category_id": "1_894D0A8",
    "shop": "Woolworths",
    "weight": "100ML",
    "prices": [
      {
        "state": "VIC",
        "price": "1700",
        "price_per_unit": "720",
        "price_unit": "ML"
      },
      {
        "state": "QLD",
        "price": "1700",
        "price_per_unit": "720",
        "price_unit": "ML"
      },
      {
        "state": "WA",
        "price": "1700",
        "price_per_unit": "720",
        "price_unit": "ML"
      },
      {
        "state": "SA",
        "price": "1700",
        "price_per_unit": "720",
        "price_unit": "ML"
      },
      {
        "state": "TAS",
        "price": "1700",
        "price_per_unit": "720",
        "price_unit": "ML"
      },
      {
        "state": "ACT",
        "price": "1700",
        "price_per_unit": "720",
        "price_unit": "ML"
      },
      {
        "state": "NT",
        "price": "1700",
        "price_per_unit": "720",
        "price_unit": "ML"
      }
    ]
  },
  {
    "source_url": "https://www.woolworths.com.au/shop/productdetails/483653/cetaphil-hydrating-foaming-cream-cleanser",
    "name": "Cetaphil Hydrating Foaming Cream Cleanser 236mL",
    "image_url": "https://cdn1.woolworths.media/content/wowproductimages/large/483653.jpg",
    "source_id": "Woolworths - 483653",
    "barcode": "3499320014830",
    "category_id": "1_894D0A8",
    "shop": "Woolworths",
    "weight": "100ML",
    "prices": [
      {
        "state": "VIC",
        "price": "2000",
        "price_per_unit": "847",
        "price_unit": "ML"
      },
      {
        "state": "QLD",
        "price": "2000",
        "price_per_unit": "847",
        "price_unit": "ML"
      },
      {
        "state": "WA",
        "price": "2000",
        "price_per_unit": "847",
        "price_unit": "ML"
      },
      {
        "state": "SA",
        "price": "2000",
        "price_per_unit": "847",
        "price_unit": "ML"
      },
      {
        "state": "TAS",
        "price": "2000",
        "price_per_unit": "847",
        "price_unit": "ML"
      },
      {
        "state": "ACT",
        "price": "2000",
        "price_per_unit": "847",
        "price_unit": "ML"
      },
      {
        "state": "NT",
        "price": "2000",
        "price_per_unit": "847",
        "price_unit": "ML"
      }
    ]
  },
  {
    "source_url": "https://www.woolworths.com.au/shop/productdetails/798179/neutrogena-hydro-boost-hyaluronic-acid-water-gel-face-moisturiser",
    "name": "Neutrogena Hydro Boost Hyaluronic Acid Water Gel Face Moisturiser 50g",
    "image_url": "https://cdn1.woolworths.media/content/wowproductimages/large/798179.jpg",
    "source_id": "Woolworths - 798179",
    "barcode": "9300607563238",
    "category_id": "1_894D0A8",
    "shop": "Woolworths",
    "weight": "100G",
    "prices": [
      {
        "state": "VIC",
        "price": "2100",
        "price_per_unit": "4200",
        "price_unit": "G"
      },
      {
        "state": "QLD",
        "price": "2100",
        "price_per_unit": "4200",
        "price_unit": "G"
      },
      {
        "state": "WA",
        "price": "2100",
        "price_per_unit": "4200",
        "price_unit": "G"
      },
      {
        "state": "SA",
        "price": "2100",
        "price_per_unit": "4200",
        "price_unit": "G"
      },
      {
        "state": "TAS",
        "price": "2100",
        "price_per_unit": "4200",
        "price_unit": "G"
      },
      {
        "state": "ACT",
        "price": "2100",
        "price_per_unit": "4200",
        "price_unit": "G"
      },
      {
        "state": "NT",
        "price": "2100",
        "price_per_unit": "4200",
        "price_unit": "G"
      }
    ]
  },
  {
    "source_url": "https://www.woolworths.com.au/shop/productdetails/360630/palmer-s-cocoa-butter-formula-body-lotion",
    "name": "Palmer's Cocoa Butter Formula Body Lotion 400ml",
    "image_url": "https://cdn1.woolworths.media/content/wowproductimages/large/360630.jpg",
    "source_id": "Woolworths - 360630",
    "barcode": "10181041655",
    "category_id": "1_894D0A8",
    "shop": "Woolworths",
    "weight": "100ML",
    "prices": [
      {
        "state": "VIC",
        "price": "1240",
        "price_per_unit": "310",
        "price_unit": "ML"
      },
      {
        "state": "WA",
        "price": "1240",
        "price_per_unit": "310",
        "price_unit": "ML"
      },
      {
        "state": "SA",
        "price": "1240",
        "price_per_unit": "310",
        "price_unit": "ML"
      },
      {
        "state": "TAS",
        "price": "1240",
        "price_per_unit": "310",
        "price_unit": "ML"
      },
      {
        "state": "ACT",
        "price": "1240",
        "price_per_unit": "310",
        "price_unit": "ML"
      },
      {
        "state": "NT",
        "price": "1240",
        "price_per_unit": "310",
        "price_unit": "ML"
      }
    ]
  },
  {
    "source_url": "https://www.woolworths.com.au/shop/productdetails/196553/palmer-s-firms-tones-firming-body-lotion",
    "name": "Palmer's Firms Tones Firming Body Lotion 400ml",
    "image_url": "https://cdn1.woolworths.media/content/wowproductimages/large/196553.jpg",
    "source_id": "Woolworths - 196553",
    "barcode": "10181042645",
    "category_id": "1_894D0A8",
    "shop": "Woolworths",
    "weight": "100ML",
    "prices": [
      {
        "state": "VIC",
        "price": "1450",
        "price_per_unit": "363",
        "price_unit": "ML"
      },
      {
        "state": "WA",
        "price": "1450",
        "price_per_unit": "363",
        "price_unit": "ML"
      },
      {
        "state": "SA",
        "price": "1450",
        "price_per_unit": "363",
        "price_unit": "ML"
      },
      {
        "state": "TAS",
        "price": "1450",
        "price_per_unit": "363",
        "price_unit": "ML"
      },
      {
        "state": "ACT",
        "price": "1450",
        "price_per_unit": "363",
        "price_unit": "ML"
      }
    ]
  },
  {
    "source_url": "https://www.woolworths.com.au/shop/productdetails/204813/dermal-therapy-very-dry-face-cream",
    "name": "Dermal Therapy Very Dry Face Cream 50g",
    "image_url": "https://cdn1.woolworths.media/content/wowproductimages/large/204813.jpg",
    "source_id": "Woolworths - 204813",
    "barcode": "9329224002609",
    "category_id": "1_894D0A8",
    "shop": "Woolworths",
    "weight": "100G",
    "prices": [
      {
        "state": "WA",
        "price": "1900",
        "price_per_unit": "3800",
        "price_unit": "G"
      },
      {
        "state": "SA",
        "price": "1900",
        "price_per_unit": "3800",
        "price_unit": "G"
      },
      {
        "state": "ACT",
        "price": "1900",
        "price_per_unit": "3800",
        "price_unit": "G"
      }
    ]
  }
]