[
  {
    "source_url": "https://www.woolworths.com.au/shop/productdetails/226563/maybelline-baby-lips-color-lip-balm",
    "name": "Maybelline Baby Lips Color Lip Balm Each",
    "image_url": "https://cdn1.woolworths.media/content/wowproductimages/large/226563.jpg",
    "source_id": "Woolworths - 226563",
    "barcode": "6902395832300",
    "category_id": "1_894D0A8",
    "shop": "Woolworths",
    "weight": "10G",
    "prices": [
      {
        "state": "NSW",
        "price": "600",
        "price_per_unit": "1500",
        "price_unit": "G"
      },
      {
        "state": "WA",
        "price": "600",
        "price_per_unit": "1500",
        "price_unit": "G"
      },
      {
        "state": "SA",
        "price": "600",
        "price_per_unit": "1500",
        "price_unit": "G"
      },
      {
        "state": "ACT",
        "price": "600",
        "price_per_unit": "1500",
        "price_unit": "G"
      }
    ]
  },
  {
    "source_url": "https://www.woolworths.com.au/shop/productdetails/245545/maybelline-lifter-gloss-lip-balm-moon",
    "name": "Maybelline Lifter Gloss Lip Balm Moon 5.4ml",
    "image_url": "https://cdn1.woolworths.media/content/wowproductimages/large/245545.jpg",
    "source_id": "Woolworths - 245545",
    "barcode": "9344329228778",
    "category_id": "1_894D0A8",
    "shop": "Woolworths",
    "weight": "10ML",
    "prices": [
      {
        "state": "NSW",
        "price": "2100",
        "price_per_unit": "3889",
        "price_unit": "ML"
      },
      {
        "state": "SA",
        "price": "2100",
        "price_per_unit": "3889",
        "price_unit": "ML"
      },
      {
        "state": "ACT",
        "price": "2100",
        "price_per_unit": "3889",
        "price_unit": "ML"
      }
    ]
  },
  {
    "source_url": "https://www.woolworths.com.au/shop/productdetails/137641/maybelline-lifter-gloss-silk",
    "name": "Maybelline Lifter Gloss Silk 5.4ml",
    "image_url": "https://cdn1.woolworths.media/content/wowproductimages/large/137641.jpg",
    "source_id": "Woolworths - 137641",
    "barcode": "9344329200545",
    "category_id": "1_894D0A8",
    "shop": "Woolworths",
    "weight": "10ML",
    "prices": [
      {
        "state": "NSW",
        "price": "2100",
        "price_per_unit": "3889",
        "price_unit": "ML"
      },
      {
        "state": "ACT",
        "price": "2100",
        "price_per_unit": "3889",
        "price_unit": "ML"
      }
    ]
  },
  {
    "source_url": "https://www.woolworths.com.au/shop/productdetails/139456/maybelline-lifter-lip-gloss-ice",
    "name": "Maybelline Lifter Lip Gloss Ice 5.4mL",
    "image_url": "https://cdn1.woolworths.media/content/wowproductimages/large/139456.jpg",
    "source_id": "Woolworths - 139456",
    "barcode": "9344329200538",
    "category_id": "1_894D0A8",
    "shop": "Woolworths",
    "weight": "10ML",
    "prices": [
      {
        "state": "NSW",
        "price": "2100",
        "price_per_unit": "3889",
        "price_unit": "ML"
      },
      {
        "state": "VIC",
        "price": "2100",
        "price_per_unit": "3889",
        "price_unit": "ML"
      },
      {
        "state": "QLD",
        "price": "2100",
        "price_per_unit": "3889",
        "price_unit": "ML"
      },
      {
        "state": "WA",
        "price": "2100",
        "price_per_unit": "3889",
        "price_unit": "ML"
      },
      {
        "state": "SA",
        "price": "2100",
        "price_per_unit": "3889",
        "price_unit": "ML"
      },
      {
        "state": "TAS",
        "price": "2100",
        "price_per_unit": "3889",
        "price_unit": "ML"
      },
      {
        "state": "ACT",
        "price": "2100",
        "price_per_unit": "3889",
        "price_unit": "ML"
      },
      {
        "state": "NT",
        "price": "2200",
        "price_per_unit": "4074",
        "price_unit": "ML"
      }
    ]
  },
  {
    "source_url": "https://www.woolworths.com.au/shop/productdetails/104089/maybelline-lifter-lip-liner-005-on-it",
    "name": "Maybelline Lifter Lip Liner 005 On It each",
    "image_url": "https://cdn1.woolworths.media/content/wowproductimages/large/104089.jpg",
    "source_id": "Woolworths - 104089",
    "barcode": "9344329264837",
    "category_id": "1_894D0A8",
    "shop": "Woolworths",
    "weight": "1EA",
    "prices": [
      {
        "state": "NSW",
        "price": "2000",
        "price_per_unit": "2000",
        "price_unit": "EA"
      },
      {
        "state": "VIC",
        "price": "2000",
        "price_per_unit": "2000",
        "price_unit": "EA"
      },
      {
        "state": "QLD",
        "price": "2000",
        "price_per_unit": "2000",
        "price_unit": "EA"
      },
      {
        "state": "WA",
        "price": "2000",
        "price_per_unit": "2000",
        "price_unit": "EA"
      },
      {
        "state": "SA",
        "price": "2000",
        "price_per_unit": "2000",
        "price_unit": "EA"
      },
      {
        "state": "TAS",
        "price": "2000",
        "price_per_unit": "2000",
        "price_unit": "EA"
      },
      {
        "state": "ACT",
        "price": "2000",
        "price_per_unit": "2000",
        "price_unit": "EA"
      },
      {
        "state": "NT",
        "price": "2000",
        "price_per_unit": "2000",
        "price_unit": "EA"
      }
    ]
  },
  {
    "source_url": "https://www.woolworths.com.au/shop/productdetails/104821/maybelline-lifter-lip-liner-6",
    "name": "Maybelline Lifter Lip Liner 6 each",
    "image_url": "https://cdn1.woolworths.media/content/wowproductimages/large/104821.jpg",
    "source_id": "Woolworths - 104821",
    "barcode": "9344329264844",
    "category_id": "1_894D0A8",
    "shop": "Woolworths",
    "weight": "1EA",
    "prices": [
      {
        "state": "NSW",
        "price": "2000",
        "price_per_unit": "2000",
        "price_unit": "EA"
      },
      {
        "state": "VIC",
        "price": "2000",
        "price_per_unit": "2000",
        "price_unit": "EA"
      },
      {
        "state": "QLD",
        "price": "2000",
        "price_per_unit": "2000",
        "price_unit": "EA"
      },
      {
        "state": "WA",
        "price": "2000",
        "price_per_unit": "2000",
        "price_unit": "EA"
      },
      {
        "state": "SA",
        "price": "2000",
        "price_per_unit": "2000",
        "price_unit": "EA"
      },
      {
        "state": "TAS",
        "price": "2000",
        "price_per_unit": "2000",
        "price_unit": "EA"
      },
      {
        "state": "ACT",
        "price": "2000",
        "price_per_unit": "2000",
        "price_unit": "EA"
      },
      {
        "state": "NT",
        "price": "2000",
        "price_per_unit": "2000",
        "price_unit": "EA"
      }
    ]
  },
  {
    "source_url": "https://www.woolworths.com.au/shop/productdetails/918299/maybelline-lifter-lip-liner-7-big-lift",
    "name": "Maybelline Lifter Lip Liner 7 Big Lift each",
    "image_url": "https://cdn1.woolworths.media/content/wowproductimages/large/918299.jpg",
    "source_id": "Woolworths - 918299",
    "barcode": "9344329264851",
    "category_id": "1_894D0A8",
    "shop": "Woolworths",
    "weight": "1EA",
    "prices": [
      {
        "state": "NSW",
        "price": "2000",
        "price_per_unit": "2000",
        "price_unit": "EA"
      },
      {
        "state": "VIC",
        "price": "2000",
        "price_per_unit": "2000",
        "price_unit": "EA"
      },
      {
        "state": "QLD",
        "price": "2000",
        "price_per_unit": "2000",
        "price_unit": "EA"
      },
      {
        "state": "WA",
        "price": "2000",
        "price_per_unit": "2000",
        "price_unit": "EA"
      },
      {
        "state": "SA",
        "price": "2000",
        "price_per_unit": "2000",
        "price_unit": "EA"
      },
      {
        "state": "TAS",
        "price": "2000",
        "price_per_unit": "2000",
        "price_unit": "EA"
      },
      {
        "state": "ACT",
        "price": "2000",
        "price_per_unit": "2000",
        "price_unit": "EA"
      },
      {
        "state": "NT",
        "price": "2000",
        "price_per_unit": "2000",
        "price_unit": "EA"
      }
    ]
  },
  {
    "source_url": "https://www.woolworths.com.au/shop/productdetails/380419/maybelline-superstay-24-2-step-liquid-lipstick-infinite-petal",
    "name": "Maybelline Superstay 24 2-Step Liquid Lipstick - Infinite Petal 1.8ml",
    "image_url": "https://cdn1.woolworths.media/content/wowproductimages/large/380419.jpg",
    "source_id": "Woolworths - 380419",
    "barcode": "9344329015262",
    "category_id": "1_894D0A8",
    "shop": "Woolworths",
    "weight": "1EA",
    "prices": [
      {
        "state": "NSW",
        "price": "2700",
        "price_per_unit": "2700",
        "price_unit": "EA"
      },
      {
        "state": "SA",
        "price": "2700",
        "price_per_unit": "2700",
        "price_unit": "EA"
      },
      {
        "state": "ACT",
        "price": "2700",
        "price_per_unit": "2700",
        "price_unit": "EA"
      }
    ]
  },
  {
    "source_url": "https://www.woolworths.com.au/shop/productdetails/672915/maybelline-superstay-matte-ink-liquid-lipstick-pioneer-20",
    "name": "Maybelline Superstay Matte Ink Liquid Lipstick - Pioneer 20 5ml",
    "image_url": "https://cdn1.woolworths.media/content/wowproductimages/large/672915.jpg",
    "source_id": "Woolworths - 672915",
    "barcode": "9344329138800",
    "category_id": "1_894D0A8",
    "shop": "Woolworths",
    "weight": "10ML",
    "prices": [
      {
        "state": "NSW",
        "price": "2400",
        "price_per_unit": "4800",
        "price_unit": "ML"
      },
      {
        "state": "SA",
        "price": "2400",
        "price_per_unit": "4800",
        "price_unit": "ML"
      },
      {
        "state": "ACT",
        "price": "2400",
        "price_per_unit": "4800",
        "price_unit": "ML"
      }
    ]
  },
  {
    "source_url": "https://www.woolworths.com.au/shop/productdetails/688859/maybelline-superstay-matte-ink-liquid-lipstick-seductress-65",
    "name": "Maybelline Superstay Matte Ink Liquid Lipstick - Seductress 65 Each",
    "image_url": "https://cdn1.woolworths.media/content/wowproductimages/large/688859.jpg",
    "source_id": "Woolworths - 688859",
    "barcode": "9344329141848",
    "category_id": "1_894D0A8",
    "shop": "Woolworths",
    "weight": "10ML",
    "prices": [
      {
        "state": "NSW",
        "price": "2400",
        "price_per_unit": "4800",
        "price_unit": "ML"
      },
      {
        "state": "SA",
        "price": "2400",
        "price_per_unit": "4800",
        "price_unit": "ML"
      },
      {
        "state": "ACT",
        "price": "2400",
        "price_per_unit": "4800",
        "price_unit": "ML"
      }
    ]
  },
  {
    "source_url": "https://www.woolworths.com.au/shop/productdetails/275982/maybelline-superstay-vinyl-ink-cheeky",
    "name": "Maybelline Superstay Vinyl Ink Cheeky Each",
    "image_url": "https://cdn1.woolworths.media/content/wowproductimages/large/275982.jpg",
    "source_id": "Woolworths - 275982",
    "barcode": "9344329249209",
    "category_id": "1_894D0A8",
    "shop": "Woolworths",
    "weight": "10ML",
    "prices": [
      {
        "state": "NSW",
        "price": "2700",
        "price_per_unit": "6429",
        "price_unit": "ML"
      },
      {
        "state": "VIC",
        "price": "2700",
        "price_per_unit": "6429",
        "price_unit": "ML"
      },
      {
        "state": "QLD",
        "price": "2700",
        "price_per_unit": "6429",
        "price_unit": "ML"
      },
      {
        "state": "WA",
        "price": "2700",
        "price_per_unit": "6429",
        "price_unit": "ML"
      },
      {
        "state": "SA",
        "price": "2700",
        "price_per_unit": "6429",
        "price_unit": "ML"
      },
      {
        "state": "ACT",
        "price": "2700",
        "price_per_unit": "6429",
        "price_unit": "ML"
      },
      {
        "state": "NT",
        "price": "2700",
        "price_per_unit": "6429",
        "price_unit": "ML"
      }
    ]
  },
  {
    "source_url": "https://www.woolworths.com.au/shop/productdetails/275942/maybelline-superstay-vinyl-ink-lippy",
    "name": "Maybelline Superstay Vinyl Ink Lippy 4.2ml",
    "image_url": "https://cdn1.woolworths.media/content/wowproductimages/large/275942.jpg",
    "source_id": "Woolworths - 275942",
    "barcode": "9344329249216",
    "category_id": "1_894D0A8",
    "shop": "Woolworths",
    "weight": "10ML",
    "prices": [
      {
        "state": "NSW",
        "price": "2700",
        "price_per_unit": "6429",
        "price_unit": "ML"
      },
      {
        "state": "SA",
        "price": "2700",
        "price_per_unit": "6429",
        "price_unit": "ML"
      },
      {
        "state": "ACT",
        "price": "2700",
        "price_per_unit": "6429",
        "price_unit": "ML"
      }
    ]
  },
  {
    "source_url": "https://www.woolworths.com.au/shop/productdetails/104887/maybelline-superstay-vinyl-ink-lipstick-red-hot",
    "name": "Maybelline Superstay Vinyl Ink Lipstick Red Hot each",
    "image_url": "https://cdn1.woolworths.media/content/wowproductimages/large/104887.jpg",
    "source_id": "Woolworths - 104887",
    "barcode": "9344329261454",
    "category_id": "1_894D0A8",
    "shop": "Woolworths",
    "weight": "10ML",
    "prices": [
      {
        "state": "NSW",
        "price": "2700",
        "price_per_unit": "6429",
        "price_unit": "ML"
      },
      {
        "state": "SA",
        "price": "2700",
        "price_per_unit": "6429",
        "price_unit": "ML"
      },
      {
        "state": "ACT",
        "price": "2700",
        "price_per_unit": "6429",
        "price_unit": "ML"
      }
    ]
  },
  {
    "source_url": "https://www.woolworths.com.au/shop/productdetails/394943/mcobeauty-2-in-1-lip-treatment-birthday-cake",
    "name": "MCoBeauty 2 In 1 Lip Treatment Birthday Cake 15ml",
    "image_url": "https://cdn1.woolworths.media/content/wowproductimages/large/394943.jpg",
    "source_id": "Woolworths - 394943",
    "barcode": "9331880023867",
    "category_id": "1_894D0A8",
    "shop": "Woolworths",
    "weight": "10ML",
    "prices": [
      {
        "state": "NSW",
        "price": "1400",
        "price_per_unit": "933",
        "price_unit": "ML"
      },
      {
        "state": "VIC",
        "price": "1400",
        "price_per_unit": "933",
        "price_unit": "ML"
      },
      {
        "state": "QLD",
        "price": "1400",
        "price_per_unit": "933",
        "price_unit": "ML"
      },
      {
        "state": "WA",
        "price": "1400",
        "price_per_unit": "933",
        "price_unit": "ML"
      },
      {
        "state": "SA",
        "price": "1400",
        "price_per_unit": "933",
        "price_unit": "ML"
      },
      {
        "state": "TAS",
        "price": "1400",
        "price_per_unit": "933",
        "price_unit": "ML"
      },
      {
        "state": "ACT",
        "price": "1400",
        "price_per_unit": "933",
        "price_unit": "ML"
      },
      {
        "state": "NT",
        "price": "1400",
        "price_per_unit": "933",
        "price_unit": "ML"
      }
    ]
  },
  {
    "source_url": "https://www.woolworths.com.au/shop/productdetails/504434/mcobeauty-butter-lip-balm-berry",
    "name": "MCoBeauty Butter Lip Balm Berry 15g",
    "image_url": "https://cdn1.woolworths.media/content/wowproductimages/large/504434.jpg",
    "source_id": "Woolworths - 504434",
    "barcode": "9331880028251",
    "category_id": "1_894D0A8",
    "shop": "Woolworths",
    "weight": "10G",
    "prices": [
      {
        "state": "NSW",
        "price": "1600",
        "price_per_unit": "1067",
        "price_unit": "G"
      },
      {
        "state": "SA",
        "price": "1600",
        "price_per_unit": "1067",
        "price_unit": "G"
      },
      {
        "state": "ACT",
        "price": "1600",
        "price_per_unit": "1067",
        "price_unit": "G"
      }
    ]
  },
  {
    "source_url": "https://www.woolworths.com.au/shop/productdetails/398582/mcobeauty-butter-lip-balm-birthday-cake",
    "name": "MCoBeauty Butter Lip Balm Birthday Cake 15g",
    "image_url": "https://cdn1.woolworths.media/content/wowproductimages/large/398582.jpg",
    "source_id": "Woolworths - 398582",
    "barcode": "9331880027094",
    "category_id": "1_894D0A8",
    "shop": "Woolworths",
    "weight": "10G",
    "prices": [
      {
        "state": "NSW",
        "price": "1600",
        "price_per_unit": "1067",
        "price_unit": "G"
      },
      {
        "state": "VIC",
        "price": "1600",
        "price_per_unit": "1067",
        "price_unit": "G"
      },
      {
        "state": "QLD",
        "price": "1600",
        "price_per_unit": "1067",
        "price_unit": "G"
      },
      {
        "state": "WA",
        "price": "1600",
        "price_per_unit": "1067",
        "price_unit": "G"
      },
      {
        "state": "SA",
        "price": "1600",
        "price_per_unit": "1067",
        "price_unit": "G"
      },
      {
        "state": "TAS",
        "price": "1600",
        "price_per_unit": "1067",
        "price_unit": "G"
      },
      {
        "state": "ACT",
        "price": "1600",
        "price_per_unit": "1067",
        "price_unit": "G"
      },
      {
        "state": "NT",
        "price": "1600",
        "price_per_unit": "1067",
        "price_unit": "G"
      }
    ]
  },
  {
    "source_url": "https://www.woolworths.com.au/shop/productdetails/506369/mcobeauty-butter-lip-balm-coconut",
    "name": "MCoBeauty Butter Lip Balm Coconut 15g",
    "image_url": "https://cdn1.woolworths.media/content/wowproductimages/large/506369.jpg",
    "source_id": "Woolworths - 506369",
    "barcode": "9331880028237",
    "category_id": "1_894D0A8",
    "shop": "Woolworths",
    "weight": "10G",
    "prices": [
      {
        "state": "NSW",
        "price": "1600",
        "price_per_unit": "1067",
        "price_unit": "G"
      },
      {
        "state": "SA",
        "price": "1600",
        "price_per_unit": "1067",
        "price_unit": "G"
      },
      {
        "state": "ACT",
        "price": "1600",
        "price_per_unit": "1067",
        "price_unit": "G"
      }
    ]
  },
  {
    "source_url": "https://www.woolworths.com.au/shop/productdetails/506432/mcobeauty-butter-lip-balm-mango",
    "name": "MCoBeauty Butter Lip Balm Mango 15g",
    "image_url": "https://cdn1.woolworths.media/content/wowproductimages/large/506432.jpg",
    "source_id": "Woolworths - 506432",
    "barcode": "9331880028244",
    "category_id": "1_894D0A8",
    "shop": "Woolworths",
    "weight": "10G",
    "prices": [
      {
        "state": "NSW",
        "price": "1600",
        "price_per_unit": "1067",
        "price_unit": "G"
      },
      {
        "state": "SA",
        "price": "1600",
        "price_per_unit": "1067",
        "price_unit": "G"
      },
      {
        "state": "ACT",
        "price": "1600",
        "price_per_unit": "1067",
        "price_unit": "G"
      }
    ]
  },
  {
    "source_url": "https://www.woolworths.com.au/shop/productdetails/899837/mcobeauty-cheek-lip-stain-2-in-1-liquid-tint-rosy-red",
    "name": "MCoBeauty Cheek & Lip Stain 2-In-1 Liquid Tint Rosy Red 5mL",
    "image_url": "https://cdn1.woolworths.media/content/wowproductimages/large/899837.jpg",
    "source_id": "Woolworths - 899837",
    "barcode": "9331880031756",
    "category_id": "1_894D0A8",
    "shop": "Woolworths",
    "weight": "10ML",
    "prices": [
      {
        "state": "NSW",
        "price": "1600",
        "price_per_unit": "3200",
        "price_unit": "ML"
      },
      {
        "state": "VIC",
        "price": "1600",
        "price_per_unit": "3200",
        "price_unit": "ML"
      },
      {
        "state": "WA",
        "price": "1600",
        "price_per_unit": "3200",
        "price_unit": "ML"
      },
      {
        "state": "SA",
        "price": "1600",
        "price_per_unit": "3200",
        "price_unit": "ML"
      },
      {
        "state": "TAS",
        "price": "1600",
        "price_per_unit": "3200",
        "price_unit": "ML"
      },
      {
        "state": "ACT",
        "price": "1600",
        "price_per_unit": "3200",
        "price_unit": "ML"
      }
    ]
  },
  {
    "source_url": "https://www.woolworths.com.au/shop/productdetails/54310/mcobeauty-cheek-lip-stain-peach-tango",
    "name": "MCoBeauty Cheek & Lip Stain Peach Tango 5mL",
    "image_url": "https://cdn1.woolworths.media/content/wowproductimages/large/054310.jpg",
    "source_id": "Woolworths - 54310",
    "barcode": "9331880036287",
    "category_id": "1_894D0A8",
    "shop": "Woolworths",
    "weight": "10ML",
    "prices": [
      {
        "state": "NSW",
        "price": "1600",
        "price_per_unit": "3200",
        "price_unit": "ML"
      },
      {
        "state": "VIC",
        "price": "1600",
        "price_per_unit": "3200",
        "price_unit": "ML"
      },
      {
        "state": "QLD",
        "price": "1600",
        "price_per_unit": "3200",
        "price_unit": "ML"
      },
      {
        "state": "WA",
        "price": "1600",
        "price_per_unit": "3200",
        "price_unit": "ML"
      },
      {
        "state": "SA",
        "price": "1600",
        "price_per_unit": "3200",
        "price_unit": "ML"
      },
      {
        "state": "TAS",
        "price": "1600",
        "price_per_unit": "3200",
        "price_unit": "ML"
      },
      {
        "state": "ACT",
        "price": "1600",
        "price_per_unit": "3200",
        "price_unit": "ML"
      },
      {
        "state": "NT",
        "price": "1600",
        "price_per_unit": "3200",
        "price_unit": "ML"
      }
    ]
  },
  {
    "source_url": "https://www.woolworths.com.au/shop/productdetails/78308/mcobeauty-cheek-lip-tint-dusk",
    "name": "MCoBeauty Cheek & Lip Tint Dusk Each",
    "image_url": "https://cdn1.woolworths.media/content/wowproductimages/large/078308.jpg",
    "source_id": "Woolworths - 78308",
    "barcode": "9331880010218",
    "category_id": "1_894D0A8",
    "shop": "Woolworths",
    "weight": "10ML",
    "prices": [
      {
        "state": "NSW",
        "price": "1400",
        "price_per_unit": "41176",
        "price_unit": "ML"
      },
      {
        "state": "SA",
        "price": "1400",
        "price_per_unit": "41176",
        "price_unit": "ML"
      },
      {
        "state": "ACT",
        "price": "1400",
        "price_per_unit": "41176",
        "price_unit": "ML"
      }
    ]
  },
  {
    "source_url": "https://www.woolworths.com.au/shop/productdetails/199212/mcobeauty-cheek-lip-tint-rose-glow",
    "name": "MCoBeauty Cheek & Lip Tint Rose Glow 10ml",
    "image_url": "https://cdn1.woolworths.media/content/wowproductimages/large/199212.jpg",
    "source_id": "Woolworths - 199212",
    "barcode": "9331880016579",
    "category_id": "1_894D0A8",
    "shop": "Woolworths",
    "weight": "10ML",
    "prices": [
      {
        "state": "NSW",
        "price": "1400",
        "price_per_unit": "1400",
        "price_unit": "ML"
      },
      {
        "state": "WA",
        "price": "1400",
        "price_per_unit": "1400",
        "price_unit": "ML"
      },
      {
        "state": "SA",
        "price": "1400",
        "price_per_unit": "1400",
        "price_unit": "ML"
      },
      {
        "state": "TAS",
        "price": "1400",
        "price_per_unit": "1400",
        "price_unit": "ML"
      },
      {
        "state": "ACT",
        "price": "1400",
        "price_per_unit": "1400",
        "price_unit": "ML"
      },
      {
        "state": "NT",
        "price": "1400",
        "price_per_unit": "1400",
        "price_unit": "ML"
      }
    ]
  },
  {
    "source_url": "https://www.woolworths.com.au/shop/productdetails/280026/mcobeauty-cheek-lip-tint-rose-glow",
    "name": "MCoBeauty Cheek & Lip Tint Rose Glow Each",
    "image_url": "https://cdn1.woolworths.media/content/wowproductimages/large/280026.jpg",
    "source_id": "Woolworths - 280026",
    "barcode": "9331880022778",
    "category_id": "1_894D0A8",
    "shop": "Woolworths",
    "weight": "10ML",
    "prices": [
      {
        "state": "NSW",
        "price": "1400",
        "price_per_unit": "1400",
        "price_unit": "ML"
      },
      {
        "state": "WA",
        "price": "1400",
        "price_per_unit": "1400",
        "price_unit": "ML"
      },
      {
        "state": "SA",
        "price": "1400",
        "price_per_unit": "1400",
        "price_unit": "ML"
      },
      {
        "state": "TAS",
        "price": "1400",
        "price_per_unit": "1400",
        "price_unit": "ML"
      },
      {
        "state": "ACT",
        "price": "1400",
        "price_per_unit": "1400",
        "price_unit": "ML"
      },
      {
        "state": "NT",
        "price": "1400",
        "price_per_unit": "1400",
        "price_unit": "ML"
      }
    ]
  },
  {
    "source_url": "https://www.woolworths.com.au/shop/productdetails/55327/mcobeauty-coconut-lip-balm-no-1-black-plum-vanilla",
    "name": "MCoBeauty Coconut Lip Balm No.1 Black Plum & Vanilla 6.2g",
    "image_url": "https://cdn1.woolworths.media/content/wowproductimages/large/055327.jpg",
    "source_id": "Woolworths - 55327",
    "barcode": "9331880036171",
    "category_id": "1_894D0A8",
    "shop": "Woolworths",
    "weight": "10G",
    "prices": [
      {
        "state": "NSW",
        "price": "1800",
        "price_per_unit": "2903",
        "price_unit": "G"
      },
      {
        "state": "VIC",
        "price": "1800",
        "price_per_unit": "2903",
        "price_unit": "G"
      },
      {
        "state": "QLD",
        "price": "1800",
        "price_per_unit": "2903",
        "price_unit": "G"
      },
      {
        "state": "WA",
        "price": "1800",
        "price_per_unit": "2903",
        "price_unit": "G"
      },
      {
        "state": "SA",
        "price": "1800",
        "price_per_unit": "2903",
        "price_unit": "G"
      },
      {
        "state": "TAS",
        "price": "1800",
        "price_per_unit": "2903",
        "price_unit": "G"
      },
      {
        "state": "ACT",
        "price": "1800",
        "price_per_unit": "2903",
        "price_unit": "G"
      },
      {
        "state": "NT",
        "price": "1800",
        "price_per_unit": "2903",
        "price_unit": "G"
      }
    ]
  },
  {
    "source_url": "https://www.woolworths.com.au/shop/productdetails/59811/mcobeauty-coconut-lip-balm-no-2-salted-caramel-pistachio",
    "name": "MCoBeauty Coconut Lip Balm No.2 Salted Caramel & Pistachio 6.2g",
    "image_url": "https://cdn1.woolworths.media/content/wowproductimages/large/059811.jpg",
    "source_id": "Woolworths - 59811",
    "barcode": "9331880036188",
    "category_id": "1_894D0A8",
    "shop": "Woolworths",
    "weight": "10G",
    "prices": [
      {
        "state": "VIC",
        "price": "1800",
        "price_per_unit": "2903",
        "price_unit": "G"
      },
      {
        "state": "QLD",
        "price": "1800",
        "price_per_unit": "2903",
        "price_unit": "G"
      },
      {
        "state": "WA",
        "price": "1800",
        "price_per_unit": "2903",
        "price_unit": "G"
      },
      {
        "state": "SA",
        "price": "1800",
        "price_per_unit": "2903",
        "price_unit": "G"
      },
      {
        "state": "TAS",
        "price": "1800",
        "price_per_unit": "2903",
        "price_unit": "G"
      },
      {
        "state": "ACT",
        "price": "1800",
        "price_per_unit": "2903",
        "price_unit": "G"
      },
      {
        "state": "NT",
        "price": "1800",
        "price_per_unit": "2903",
        "price_unit": "G"
      }
    ]
  },
  {
    "source_url": "https://www.woolworths.com.au/shop/productdetails/59189/mcobeauty-coconut-lip-balm-no-3-dragonfruit-jasmine",
    "name": "MCoBeauty Coconut Lip Balm No.3 Dragonfruit & Jasmine 6.2g",
    "image_url": "https://cdn1.woolworths.media/content/wowproductimages/large/059189.jpg",
    "source_id": "Woolworths - 59189",
    "barcode": "9331880036195",
    "category_id": "1_894D0A8",
    "shop": "Woolworths",
    "weight": "10G",
    "prices": [
      {
        "state": "NSW",
        "price": "1800",
        "price_per_unit": "2903",
        "price_unit": "G"
      },
      {
        "state": "VIC",
        "price": "1800",
        "price_per_unit": "2903",
        "price_unit": "G"
      },
      {
        "state": "QLD",
        "price": "1800",
        "price_per_unit": "2903",
        "price_unit": "G"
      },
      {
        "state": "WA",
        "price": "1800",
        "price_per_unit": "2903",
        "price_unit": "G"
      },
      {
        "state": "SA",
        "price": "1800",
        "price_per_unit": "2903",
        "price_unit": "G"
      },
      {
        "state": "TAS",
        "price": "1800",
        "price_per_unit": "2903",
        "price_unit": "G"
      },
      {
        "state": "ACT",
        "price": "1800",
        "price_per_unit": "2903",
        "price_unit": "G"
      },
      {
        "state": "NT",
        "price": "1800",
        "price_per_unit": "2903",
        "price_unit": "G"
      }
    ]
  },
  {
    "source_url": "https://www.woolworths.com.au/shop/productdetails/272883/mcobeauty-creme-matte-luxe-lipstick",
    "name": "MCoBeauty Creme Matte Luxe Lipstick Each",
    "image_url": "https://cdn1.woolworths.media/content/wowproductimages/large/272883.jpg",
    "source_id": "Woolworths - 272883",
    "barcode": "9331880021931",
    "category_id": "1_894D0A8",
    "shop": "Woolworths",
    "weight": "10G",
    "prices": [
      {
        "state": "NSW",
        "price": "2000",
        "price_per_unit": "5714",
        "price_unit": "G"
      },
      {
        "state": "VIC",
        "price": "2000",
        "price_per_unit": "5714",
        "price_unit": "G"
      },
      {
        "state": "QLD",
        "price": "2000",
        "price_per_unit": "5714",
        "price_unit": "G"
      },
      {
        "state": "SA",
        "price": "2000",
        "price_per_unit": "5714",
        "price_unit": "G"
      },
      {
        "state": "ACT",
        "price": "2000",
        "price_per_unit": "5714",
        "price_unit": "G"
      }
    ]
  },
  {
    "source_url": "https://www.woolworths.com.au/shop/productdetails/267118/mcobeauty-creme-matte-luxe-lipstick",
    "name": "MCoBeauty Creme Matte Luxe Lipstick Each",
    "image_url": "https://cdn1.woolworths.media/content/wowproductimages/large/267118.jpg",
    "source_id": "Woolworths - 267118",
    "barcode": "9331880021924",
    "category_id": "1_894D0A8",
    "shop": "Woolworths",
    "weight": "10G",
    "prices": [
      {
        "state": "NSW",
        "price": "2000",
        "price_per_unit": "5714",
        "price_unit": "G"
      },
      {
        "state": "WA",
        "price": "2000",
        "price_per_unit": "5714",
        "price_unit": "G"
      },
      {
        "state": "SA",
        "price": "2000",
        "price_per_unit": "5714",
        "price_unit": "G"
      },
      {
        "state": "TAS",
        "price": "2000",
        "price_per_unit": "5714",
        "price_unit": "G"
      },
      {
        "state": "ACT",
        "price": "2000",
        "price_per_unit": "5714",
        "price_unit": "G"
      },
      {
        "state": "NT",
        "price": "2000",
        "price_per_unit": "5714",
        "price_unit": "G"
      }
    ]
  },
  {
    "source_url": "https://www.woolworths.com.au/shop/productdetails/504832/mcobeauty-creme-matte-luxe-lipstick-pink",
    "name": "MCoBeauty Creme Matte Luxe Lipstick Pink 3.5g",
    "image_url": "https://cdn1.woolworths.media/content/wowproductimages/large/504832.jpg",
    "source_id": "Woolworths - 504832",
    "barcode": "9331880026578",
    "category_id": "1_894D0A8",
    "shop": "Woolworths",
    "weight": "10G",
    "prices": [
      {
        "state": "NSW",
        "price": "2000",
        "price_per_unit": "5714",
        "price_unit": "G"
      },
      {
        "state": "SA",
        "price": "2000",
        "price_per_unit": "5714",
        "price_unit": "G"
      },
      {
        "state": "ACT",
        "price": "2000",
        "price_per_unit": "5714",
        "price_unit": "G"
      }
    ]
  },
  {
    "source_url": "https://www.woolworths.com.au/shop/productdetails/504165/mcobeauty-dream-lip-tint-hydrating-gel-nude-mauve",
    "name": "MCoBeauty Dream Lip Tint Hydrating Gel Nude Mauve 3ml",
    "image_url": "https://cdn1.woolworths.media/content/wowproductimages/large/504165.jpg",
    "source_id": "Woolworths - 504165",
    "barcode": "9331880027964",
    "category_id": "1_894D0A8",
    "shop": "Woolworths",
    "weight": "10ML",
    "prices": [
      {
        "state": "NSW",
        "price": "2500",
        "price_per_unit": "8333",
        "price_unit": "ML"
      },
      {
        "state": "SA",
        "price": "2500",
        "price_per_unit": "8333",
        "price_unit": "ML"
      },
      {
        "state": "ACT",
        "price": "2500",
        "price_per_unit": "8333",
        "price_unit": "ML"
      }
    ]
  },
  {
    "source_url": "https://www.woolworths.com.au/shop/productdetails/498720/mcobeauty-dream-lip-tint-hydrating-gel-nude-rose",
    "name": "MCoBeauty Dream Lip Tint Hydrating Gel Nude Rose 3ml",
    "image_url": "https://cdn1.woolworths.media/content/wowproductimages/large/498720.jpg",
    "source_id": "Woolworths - 498720",
    "barcode": "9331880027995",
    "category_id": "1_894D0A8",
    "shop": "Woolworths",
    "weight": "10ML",
    "prices": [
      {
        "state": "NSW",
        "price": "2500",
        "price_per_unit": "8333",
        "price_unit": "ML"
      },
      {
        "state": "SA",
        "price": "2500",
        "price_per_unit": "8333",
        "price_unit": "ML"
      },
      {
        "state": "ACT",
        "price": "2500",
        "price_per_unit": "8333",
        "price_unit": "ML"
      }
    ]
  },
  {
    "source_url": "https://www.woolworths.com.au/shop/productdetails/502366/mcobeauty-dream-lip-tint-hydrating-gel-true-pink",
    "name": "MCoBeauty Dream Lip Tint Hydrating Gel True Pink 3mL",
    "image_url": "https://cdn1.woolworths.media/content/wowproductimages/large/502366.jpg",
    "source_id": "Woolworths - 502366",
    "barcode": "9331880027957",
    "category_id": "1_894D0A8",
    "shop": "Woolworths",
    "weight": "10ML",
    "prices": [
      {
        "state": "NSW",
        "price": "2500",
        "price_per_unit": "8333",
        "price_unit": "ML"
      },
      {
        "state": "SA",
        "price": "2500",
        "price_per_unit": "8333",
        "price_unit": "ML"
      },
      {
        "state": "ACT",
        "price": "2500",
        "price_per_unit": "8333",
        "price_unit": "ML"
      }
    ]
  },
  {
    "source_url": "https://www.woolworths.com.au/shop/productdetails/511908/mcobeauty-fruity-lips-hydrating-lip-oil-watermelon",
    "name": "MCoBeauty Fruity Lips Hydrating Lip Oil Watermelon 3.8ml",
    "image_url": "https://cdn1.woolworths.media/content/wowproductimages/large/511908.jpg",
    "source_id": "Woolworths - 511908",
    "barcode": "9331880029388",
    "category_id": "1_894D0A8",
    "shop": "Woolworths",
    "weight": "10ML",
    "prices": [
      {
        "state": "NSW",
        "price": "1400",
        "price_per_unit": "2617",
        "price_unit": "ML"
      },
      {
        "state": "VIC",
        "price": "1400",
        "price_per_unit": "2617",
        "price_unit": "ML"
      },
      {
        "state": "QLD",
        "price": "1400",
        "price_per_unit": "2617",
        "price_unit": "ML"
      },
      {
        "state": "WA",
        "price": "1400",
        "price_per_unit": "2617",
        "price_unit": "ML"
      },
      {
        "state": "SA",
        "price": "1400",
        "price_per_unit": "2617",
        "price_unit": "ML"
      },
      {
        "state": "TAS",
        "price": "1400",
        "price_per_unit": "2617",
        "price_unit": "ML"
      },
      {
        "state": "ACT",
        "price": "1400",
        "price_per_unit": "2617",
        "price_unit": "ML"
      },
      {
        "state": "NT",
        "price": "1400",
        "price_per_unit": "2617",
        "price_unit": "ML"
      }
    ]
  },
  {
    "source_url": "https://www.woolworths.com.au/shop/productdetails/513482/mcobeauty-fruity-lips-hydrating-oil-grape",
    "name": "MCoBeauty Fruity Lips Hydrating Oil Grape 3.8ml",
    "image_url": "https://cdn1.woolworths.media/content/wowproductimages/large/513482.jpg",
    "source_id": "Woolworths - 513482",
    "barcode": "9331880029395",
    "category_id": "1_894D0A8",
    "shop": "Woolworths",
    "weight": "10ML",
    "prices": [
      {
        "state": "NSW",
        "price": "1400",
        "price_per_unit": "2617",
        "price_unit": "ML"
      },
      {
        "state": "SA",
        "price": "1400",
        "price_per_unit": "2617",
        "price_unit": "ML"
      },
      {
        "state": "ACT",
        "price": "1400",
        "price_per_unit": "2617",
        "price_unit": "ML"
      }
    ]
  },
  {
    "source_url": "https://www.woolworths.com.au/shop/productdetails/503968/mcobeauty-fruity-lips-hydrating-oil-strawberry",
    "name": "MCoBeauty Fruity Lips Hydrating Oil Strawberry 3.8mL",
    "image_url": "https://cdn1.woolworths.media/content/wowproductimages/large/503968.jpg",
    "source_id": "Woolworths - 503968",
    "barcode": "9331880029371",
    "category_id": "1_894D0A8",
    "shop": "Woolworths",
    "weight": "10ML",
    "prices": [
      {
        "state": "NSW",
        "price": "1400",
        "price_per_unit": "3684",
        "price_unit": "ML"
      },
      {
        "state": "VIC",
        "price": "1400",
        "price_per_unit": "3684",
        "price_unit": "ML"
      },
      {
        "state": "QLD",
        "price": "1400",
        "price_per_unit": "3684",
        "price_unit": "ML"
      },
      {
        "state": "WA",
        "price": "1400",
        "price_per_unit": "3684",
        "price_unit": "ML"
      },
      {
        "state": "SA",
        "price": "1400",
        "price_per_unit": "3684",
        "price_unit": "ML"
      },
      {
        "state": "TAS",
        "price": "1400",
        "price_per_unit": "3684",
        "price_unit": "ML"
      },
      {
        "state": "ACT",
        "price": "1400",
        "price_per_unit": "3684",
        "price_unit": "ML"
      },
      {
        "state": "NT",
        "price": "1400",
        "price_per_unit": "3684",
        "price_unit": "ML"
      }
    ]
  },
  {
    "source_url": "https://www.woolworths.com.au/shop/productdetails/505748/mcobeauty-glass-lip-gloss-berry",
    "name": "MCoBeauty Glass Lip Gloss Berry 10ml",
    "image_url": "https://cdn1.woolworths.media/content/wowproductimages/large/505748.jpg",
    "source_id": "Woolworths - 505748",
    "barcode": "9331880029425",
    "category_id": "1_894D0A8",
    "shop": "Woolworths",
    "weight": "10ML",
    "prices": [
      {
        "state": "NSW",
        "price": "1400",
        "price_per_unit": "1400",
        "price_unit": "ML"
      },
      {
        "state": "SA",
        "price": "1400",
        "price_per_unit": "1400",
        "price_unit": "ML"
      },
      {
        "state": "ACT",
        "price": "1400",
        "price_per_unit": "1400",
        "price_unit": "ML"
      }
    ]
  },
  {
    "source_url": "https://www.woolworths.com.au/shop/productdetails/511809/mcobeauty-glass-lip-gloss-fairy-floss",
    "name": "MCoBeauty Glass Lip Gloss Fairy Floss 10mL",
    "image_url": "https://cdn1.woolworths.media/content/wowproductimages/large/511809.jpg",
    "source_id": "Woolworths - 511809",
    "barcode": "9331880029418",
    "category_id": "1_894D0A8",
    "shop": "Woolworths",
    "weight": "10ML",
    "prices": [
      {
        "state": "NSW",
        "price": "1400",
        "price_per_unit": "1400",
        "price_unit": "ML"
      },
      {
        "state": "SA",
        "price": "1400",
        "price_per_unit": "1400",
        "price_unit": "ML"
      },
      {
        "state": "ACT",
        "price": "1400",
        "price_per_unit": "1400",
        "price_unit": "ML"
      }
    ]
  },
  {
    "source_url": "https://www.woolworths.com.au/shop/productdetails/160947/mcobeauty-glow-tint-2-in-1-lip-gloss-treatment",
    "name": "MCoBeauty Glow & Tint 2-In-1 Lip Gloss Treatment Each",
    "image_url": "https://cdn1.woolworths.media/content/wowproductimages/large/160947.jpg",
    "source_id": "Woolworths - 160947",
    "barcode": "9331880013967",
    "category_id": "1_894D0A8",
    "shop": "Woolworths",
    "weight": "10ML",
    "prices": [
      {
        "state": "NSW",
        "price": "1400",
        "price_per_unit": "933",
        "price_unit": "ML"
      },
      {
        "state": "VIC",
        "price": "1400",
        "price_per_unit": "933",
        "price_unit": "ML"
      },
      {
        "state": "QLD",
        "price": "1400",
        "price_per_unit": "933",
        "price_unit": "ML"
      },
      {
        "state": "WA",
        "price": "1400",
        "price_per_unit": "933",
        "price_unit": "ML"
      },
      {
        "state": "SA",
        "price": "1400",
        "price_per_unit": "933",
        "price_unit": "ML"
      },
      {
        "state": "TAS",
        "price": "1400",
        "price_per_unit": "933",
        "price_unit": "ML"
      },
      {
        "state": "ACT",
        "price": "1400",
        "price_per_unit": "933",
        "price_unit": "ML"
      },
      {
        "state": "NT",
        "price": "1400",
        "price_per_unit": "933",
        "price_unit": "ML"
      }
    ]
  },
  {
    "source_url": "https://www.woolworths.com.au/shop/productdetails/273293/mcobeauty-glow-treat-2-in-1-lip-treatment-coconut",
    "name": "MCoBeauty Glow & Treat 2-In-1 Lip Treatment Coconut Each",
    "image_url": "https://cdn1.woolworths.media/content/wowproductimages/large/273293.jpg",
    "source_id": "Woolworths - 273293",
    "barcode": "9331880021849",
    "category_id": "1_894D0A8",
    "shop": "Woolworths",
    "weight": "10ML",
    "prices": [
      {
        "state": "NSW",
        "price": "1400",
        "price_per_unit": "933",
        "price_unit": "ML"
      },
      {
        "state": "SA",
        "price": "1400",
        "price_per_unit": "933",
        "price_unit": "ML"
      },
      {
        "state": "ACT",
        "price": "1400",
        "price_per_unit": "933",
        "price_unit": "ML"
      }
    ]
  },
  {
    "source_url": "https://www.woolworths.com.au/shop/productdetails/273724/mcobeauty-glow-treat-2-in-1-lip-treatment-peach",
    "name": "MCoBeauty Glow & Treat 2-In-1 Lip Treatment Peach Each",
    "image_url": "https://cdn1.woolworths.media/content/wowproductimages/large/273724.jpg",
    "source_id": "Woolworths - 273724",
    "barcode": "9331880021832",
    "category_id": "1_894D0A8",
    "shop": "Woolworths",
    "weight": "10ML",
    "prices": [
      {
        "state": "NSW",
        "price": "1400",
        "price_per_unit": "933",
        "price_unit": "ML"
      },
      {
        "state": "VIC",
        "price": "1400",
        "price_per_unit": "933",
        "price_unit": "ML"
      },
      {
        "state": "QLD",
        "price": "1400",
        "price_per_unit": "933",
        "price_unit": "ML"
      },
      {
        "state": "WA",
        "price": "1400",
        "price_per_unit": "933",
        "price_unit": "ML"
      },
      {
        "state": "SA",
        "price": "1400",
        "price_per_unit": "933",
        "price_unit": "ML"
      },
      {
        "state": "TAS",
        "price": "1400",
        "price_per_unit": "933",
        "price_unit": "ML"
      },
      {
        "state": "ACT",
        "price": "1400",
        "price_per_unit": "933",
        "price_unit": "ML"
      },
      {
        "state": "NT",
        "price": "1400",
        "price_per_unit": "933",
        "price_unit": "ML"
      }
    ]
  },
  {
    "source_url": "https://www.woolworths.com.au/shop/productdetails/198885/mcobeauty-glow-lip-balm-berry-or-watermelon",
    "name": "MCoBeauty Glow Lip Balm Berry Or Watermelon 10g",
    "image_url": "https://cdn1.woolworths.media/content/wowproductimages/large/198885.jpg",
    "source_id": "Woolworths - 198885",
    "barcode": "9331880016555",
    "category_id": "1_894D0A8",
    "shop": "Woolworths",
    "weight": "10G",
    "prices": [
      {
        "state": "NSW",
        "price": "1400",
        "price_per_unit": "1400",
        "price_unit": "G"
      },
      {
        "state": "SA",
        "price": "1400",
        "price_per_unit": "1400",
        "price_unit": "G"
      },
      {
        "state": "ACT",
        "price": "1400",
        "price_per_unit": "1400",
        "price_unit": "G"
      }
    ]
  },
  {
    "source_url": "https://www.woolworths.com.au/shop/productdetails/393677/mcobeauty-glow-lip-balm-candy",
    "name": "MCoBeauty Glow Lip Balm Candy 10g",
    "image_url": "https://cdn1.woolworths.media/content/wowproductimages/large/393677.jpg",
    "source_id": "Woolworths - 393677",
    "barcode": "9331880023744",
    "category_id": "1_894D0A8",
    "shop": "Woolworths",
    "weight": "10G",
    "prices": [
      {
        "state": "NSW",
        "price": "1400",
        "price_per_unit": "1400",
        "price_unit": "G"
      },
      {
        "state": "VIC",
        "price": "1400",
        "price_per_unit": "1400",
        "price_unit": "G"
      },
      {
        "state": "QLD",
        "price": "1400",
        "price_per_unit": "1400",
        "price_unit": "G"
      },
      {
        "state": "SA",
        "price": "1400",
        "price_per_unit": "1400",
        "price_unit": "G"
      },
      {
        "state": "ACT",
        "price": "1400",
        "price_per_unit": "1400",
        "price_unit": "G"
      }
    ]
  },
  {
    "source_url": "https://www.woolworths.com.au/shop/productdetails/198922/mcobeauty-glow-lip-balm-rose-or-apple",
    "name": "MCoBeauty Glow Lip Balm Rose Or Apple 10g",
    "image_url": "https://cdn1.woolworths.media/content/wowproductimages/large/198922.jpg",
    "source_id": "Woolworths - 198922",
    "barcode": "9331880016531",
    "category_id": "1_894D0A8",
    "shop": "Woolworths",
    "weight": "10G",
    "prices": [
      {
        "state": "NSW",
        "price": "1400",
        "price_per_unit": "1400",
        "price_unit": "G"
      },
      {
        "state": "SA",
        "price": "1400",
        "price_per_unit": "1400",
        "price_unit": "G"
      },
      {
        "state": "ACT",
        "price": "1400",
        "price_per_unit": "1400",
        "price_unit": "G"
      }
    ]
  },
  {
    "source_url": "https://www.woolworths.com.au/shop/productdetails/398192/mcobeauty-glow-lip-balm-watermelon",
    "name": "MCoBeauty Glow Lip Balm Watermelon 10g",
    "image_url": "https://cdn1.woolworths.media/content/wowproductimages/large/398192.jpg",
    "source_id": "Woolworths - 398192",
    "barcode": "9331880025281",
    "category_id": "1_894D0A8",
    "shop": "Woolworths",
    "weight": "10G",
    "prices": [
      {
        "state": "NSW",
        "price": "1400",
        "price_per_unit": "1400",
        "price_unit": "G"
      },
      {
        "state": "VIC",
        "price": "1400",
        "price_per_unit": "1400",
        "price_unit": "G"
      },
      {
        "state": "QLD",
        "price": "1400",
        "price_per_unit": "1400",
        "price_unit": "G"
      },
      {
        "state": "WA",
        "price": "1400",
        "price_per_unit": "1400",
        "price_unit": "G"
      },
      {
        "state": "SA",
        "price": "1400",
        "price_per_unit": "1400",
        "price_unit": "G"
      },
      {
        "state": "TAS",
        "price": "1400",
        "price_per_unit": "1400",
        "price_unit": "G"
      },
      {
        "state": "ACT",
        "price": "1400",
        "price_per_unit": "1400",
        "price_unit": "G"
      }
    ]
  },
  {
    "source_url": "https://www.woolworths.com.au/shop/productdetails/55565/mcobeauty-glow-lip-plump-4-in-1-treatment-oil-berry-mauve",
    "name": "MCoBeauty Glow Lip Plump 4 In 1 Treatment Oil Berry Mauve 2.5g",
    "image_url": "https://cdn1.woolworths.media/content/wowproductimages/large/055565.jpg",
    "source_id": "Woolworths - 55565",
    "barcode": "9331880036409",
    "category_id": "1_894D0A8",
    "shop": "Woolworths",
    "weight": "100G",
    "prices": [
      {
        "state": "NSW",
        "price": "1800",
        "price_per_unit": "72000",
        "price_unit": "G"
      },
      {
        "state": "SA",
        "price": "1800",
        "price_per_unit": "72000",
        "price_unit": "G"
      },
      {
        "state": "ACT",
        "price": "1800",
        "price_per_unit": "72000",
        "price_unit": "G"
      }
    ]
  },
  {
    "source_url": "https://www.woolworths.com.au/shop/productdetails/55299/mcobeauty-glow-lip-plump-4-in-1-treatment-oil-nude-brown",
    "name": "MCoBeauty Glow Lip Plump 4 In 1 Treatment Oil Nude Brown 2.5g",
    "image_url": "https://cdn1.woolworths.media/content/wowproductimages/large/055299.jpg",
    "source_id": "Woolworths - 55299",
    "barcode": "9331880036416",
    "category_id": "1_894D0A8",
    "shop": "Woolworths",
    "weight": "100G",
    "prices": [
      {
        "state": "NSW",
        "price": "1800",
        "price_per_unit": "72000",
        "price_unit": "G"
      },
      {
        "state": "WA",
        "price": "1800",
        "price_per_unit": "72000",
        "price_unit": "G"
      },
      {
        "state": "SA",
        "price": "1800",
        "price_per_unit": "72000",
        "price_unit": "G"
      },
      {
        "state": "TAS",
        "price": "1800",
        "price_per_unit": "72000",
        "price_unit": "G"
      },
      {
        "state": "ACT",
        "price": "1800",
        "price_per_unit": "72000",
        "price_unit": "G"
      },
      {
        "state": "NT",
        "price": "1800",
        "price_per_unit": "72000",
        "price_unit": "G"
      }
    ]
  },
  {
    "source_url": "https://www.woolworths.com.au/shop/productdetails/55753/mcobeauty-glow-lip-plump-4-in-1-treatment-oil-nude-peach",
    "name": "MCoBeauty Glow Lip Plump 4 In 1 Treatment Oil Nude Peach 2.5g",
    "image_url": "https://cdn1.woolworths.media/content/wowproductimages/large/055753.jpg",
    "source_id": "Woolworths - 55753",
    "barcode": "9331880036423",
    "category_id": "1_894D0A8",
    "shop": "Woolworths",
    "weight": "100G",
    "prices": [
      {
        "state": "NSW",
        "price": "1800",
        "price_per_unit": "72000",
        "price_unit": "G"
      },
      {
        "state": "WA",
        "price": "1800",
        "price_per_unit": "72000",
        "price_unit": "G"
      },
      {
        "state": "SA",
        "price": "1800",
        "price_per_unit": "72000",
        "price_unit": "G"
      },
      {
        "state": "TAS",
        "price": "1800",
        "price_per_unit": "72000",
        "price_unit": "G"
      },
      {
        "state": "ACT",
        "price": "1800",
        "price_per_unit": "72000",
        "price_unit": "G"
      },
      {
        "state": "NT",
        "price": "1800",
        "price_per_unit": "72000",
        "price_unit": "G"
      }
    ]
  },
  {
    "source_url": "https://www.woolworths.com.au/shop/productdetails/55747/mcobeauty-glow-lip-plump-4-in-1-treatment-oil-rose-mauve",
    "name": "MCoBeauty Glow Lip Plump 4 In 1 Treatment Oil Rose Mauve 2.5g",
    "image_url": "https://cdn1.woolworths.media/content/wowproductimages/large/055747.jpg",
    "source_id": "Woolworths - 55747",
    "barcode": "9331880036393",
    "category_id": "1_894D0A8",
    "shop": "Woolworths",
    "weight": "100G",
    "prices": [
      {
        "state": "NSW",
        "price": "1800",
        "price_per_unit": "72000",
        "price_unit": "G"
      },
      {
        "state": "SA",
        "price": "1800",
        "price_per_unit": "72000",
        "price_unit": "G"
      },
      {
        "state": "ACT",
        "price": "1800",
        "price_per_unit": "72000",
        "price_unit": "G"
      }
    ]
  },
  {
    "source_url": "https://www.woolworths.com.au/shop/productdetails/270796/mcobeauty-glow-up-ph-lip-balm-universal",
    "name": "MCoBeauty Glow Up Ph Lip Balm Universal Each",
    "image_url": "https://cdn1.woolworths.media/content/wowproductimages/large/270796.jpg",
    "source_id": "Woolworths - 270796",
    "barcode": "9331880021955",
    "category_id": "1_894D0A8",
    "shop": "Woolworths",
    "weight": "10G",
    "prices": [
      {
        "state": "NSW",
        "price": "1800",
        "price_per_unit": "5143",
        "price_unit": "G"
      },
      {
        "state": "VIC",
        "price": "1800",
        "price_per_unit": "5143",
        "price_unit": "G"
      },
      {
        "state": "QLD",
        "price": "1800",
        "price_per_unit": "5143",
        "price_unit": "G"
      },
      {
        "state": "WA",
        "price": "1800",
        "price_per_unit": "5143",
        "price_unit": "G"
      },
      {
        "state": "SA",
        "price": "1800",
        "price_per_unit": "5143",
        "price_unit": "G"
      },
      {
        "state": "TAS",
        "price": "1800",
        "price_per_unit": "5143",
        "price_unit": "G"
      },
      {
        "state": "ACT",
        "price": "1800",
        "price_per_unit": "5143",
        "price_unit": "G"
      },
      {
        "state": "NT",
        "price": "1800",
        "price_per_unit": "5143",
        "price_unit": "G"
      }
    ]
  },
  {
    "source_url": "https://www.woolworths.com.au/shop/productdetails/53878/mcobeauty-golden-glow-lip-oil-berrybliss",
    "name": "MCoBeauty Golden Glow Lip Oil BerryBliss each",
    "image_url": "https://cdn1.woolworths.media/content/wowproductimages/large/053878.jpg",
    "source_id": "Woolworths - 53878",
    "barcode": "9331880036300",
    "category_id": "1_894D0A8",
    "shop": "Woolworths",
    "weight": "100ML",
    "prices": [
      {
        "state": "NSW",
        "price": "1600",
        "price_per_unit": "9412",
        "price_unit": "ML"
      },
      {
        "state": "VIC",
        "price": "1600",
        "price_per_unit": "9412",
        "price_unit": "ML"
      },
      {
        "state": "QLD",
        "price": "1600",
        "price_per_unit": "9412",
        "price_unit": "ML"
      },
      {
        "state": "WA",
        "price": "1600",
        "price_per_unit": "9412",
        "price_unit": "ML"
      },
      {
        "state": "SA",
        "price": "1600",
        "price_per_unit": "9412",
        "price_unit": "ML"
      },
      {
        "state": "TAS",
        "price": "1600",
        "price_per_unit": "9412",
        "price_unit": "ML"
      },
      {
        "state": "ACT",
        "price": "1600",
        "price_per_unit": "9412",
        "price_unit": "ML"
      },
      {
        "state": "NT",
        "price": "1600",
        "price_per_unit": "9412",
        "price_unit": "ML"
      }
    ]
  },
  {
    "source_url": "https://www.woolworths.com.au/shop/productdetails/902902/mcobeauty-golden-glow-lip-oil-gold-shimmer",
    "name": "MCoBeauty Golden Glow Lip Oil Gold Shimmer each",
    "image_url": "https://cdn1.woolworths.media/content/wowproductimages/large/902902.jpg",
    "source_id": "Woolworths - 902902",
    "barcode": "9331880028121",
    "category_id": "1_894D0A8",
    "shop": "Woolworths",
    "weight": "1EA",
    "prices": [
      {
        "state": "NSW",
        "price": "1600",
        "price_per_unit": "1600",
        "price_unit": "EA"
      },
      {
        "state": "WA",
        "price": "1600",
        "price_per_unit": "1600",
        "price_unit": "EA"
      },
      {
        "state": "SA",
        "price": "1600",
        "price_per_unit": "1600",
        "price_unit": "EA"
      },
      {
        "state": "TAS",
        "price": "1600",
        "price_per_unit": "1600",
        "price_unit": "EA"
      },
      {
        "state": "ACT",
        "price": "1600",
        "price_per_unit": "1600",
        "price_unit": "EA"
      },
      {
        "state": "NT",
        "price": "1600",
        "price_per_unit": "1600",
        "price_unit": "EA"
      }
    ]
  },
  {
    "source_url": "https://www.woolworths.com.au/shop/productdetails/59816/mcobeauty-golden-glow-lip-oil-tropical-mango",
    "name": "MCoBeauty Golden Glow Lip Oil Tropical Mango each",
    "image_url": "https://cdn1.woolworths.media/content/wowproductimages/large/059816.jpg",
    "source_id": "Woolworths - 59816",
    "barcode": "9331880036317",
    "category_id": "1_894D0A8",
    "shop": "Woolworths",
    "weight": "10ML",
    "prices": [
      {
        "state": "NSW",
        "price": "1600",
        "price_per_unit": "941",
        "price_unit": "ML"
      },
      {
        "state": "VIC",
        "price": "1600",
        "price_per_unit": "941",
        "price_unit": "ML"
      },
      {
        "state": "QLD",
        "price": "1600",
        "price_per_unit": "941",
        "price_unit": "ML"
      },
      {
        "state": "WA",
        "price": "1600",
        "price_per_unit": "941",
        "price_unit": "ML"
      },
      {
        "state": "SA",
        "price": "1600",
        "price_per_unit": "941",
        "price_unit": "ML"
      },
      {
        "state": "TAS",
        "price": "1600",
        "price_per_unit": "941",
        "price_unit": "ML"
      },
      {
        "state": "ACT",
        "price": "1600",
        "price_per_unit": "941",
        "price_unit": "ML"
      },
      {
        "state": "NT",
        "price": "1600",
        "price_per_unit": "941",
        "price_unit": "ML"
      }
    ]
  },
  {
    "source_url": "https://www.woolworths.com.au/shop/productdetails/503947/mcobeauty-hot-lip-plump-cinderella",
    "name": "MCoBeauty Hot Lip Plump Cinderella 4ml",
    "image_url": "https://cdn1.woolworths.media/content/wowproductimages/large/503947.jpg",
    "source_id": "Woolworths - 503947",
    "barcode": "9331880027919",
    "category_id": "1_894D0A8",
    "shop": "Woolworths",
    "weight": "10ML",
    "prices": [
      {
        "state": "WA",
        "price": "1600",
        "price_per_unit": "4000",
        "price_unit": "ML"
      },
      {
        "state": "SA",
        "price": "1600",
        "price_per_unit": "4000",
        "price_unit": "ML"
      },
      {
        "state": "TAS",
        "price": "1600",
        "price_per_unit": "4000",
        "price_unit": "ML"
      },
      {
        "state": "ACT",
        "price": "1600",
        "price_per_unit": "4000",
        "price_unit": "ML"
      }
    ]
  },
  {
    "source_url": "https://www.woolworths.com.au/shop/productdetails/504113/mcobeauty-hot-lip-plump-disco",
    "name": "MCoBeauty Hot Lip Plump Disco 4mL",
    "image_url": "https://cdn1.woolworths.media/content/wowproductimages/large/504113.jpg",
    "source_id": "Woolworths - 504113",
    "barcode": "9331880027940",
    "category_id": "1_894D0A8",
    "shop": "Woolworths",
    "weight": "10ML",
    "prices": [
      {
        "state": "NSW",
        "price": "1600",
        "price_per_unit": "4000",
        "price_unit": "ML"
      },
      {
        "state": "SA",
        "price": "1600",
        "price_per_unit": "4000",
        "price_unit": "ML"
      },
      {
        "state": "ACT",
        "price": "1600",
        "price_per_unit": "4000",
        "price_unit": "ML"
      }
    ]
  },
  {
    "source_url": "https://www.woolworths.com.au/shop/productdetails/500627/mcobeauty-hot-lip-plump-fancy",
    "name": "MCoBeauty Hot Lip Plump Fancy 4mL",
    "image_url": "https://cdn1.woolworths.media/content/wowproductimages/large/500627.jpg",
    "source_id": "Woolworths - 500627",
    "barcode": "9331880027933",
    "category_id": "1_894D0A8",
    "shop": "Woolworths",
    "weight": "10ML",
    "prices": [
      {
        "state": "NSW",
        "price": "1600",
        "price_per_unit": "4000",
        "price_unit": "ML"
      },
      {
        "state": "WA",
        "price": "1600",
        "price_per_unit": "4000",
        "price_unit": "ML"
      },
      {
        "state": "SA",
        "price": "1600",
        "price_per_unit": "4000",
        "price_unit": "ML"
      },
      {
        "state": "TAS",
        "price": "1600",
        "price_per_unit": "4000",
        "price_unit": "ML"
      },
      {
        "state": "ACT",
        "price": "1600",
        "price_per_unit": "4000",
        "price_unit": "ML"
      },
      {
        "state": "NT",
        "price": "1600",
        "price_per_unit": "4000",
        "price_unit": "ML"
      }
    ]
  },
  {
    "source_url": "https://www.woolworths.com.au/shop/productdetails/506577/mcobeauty-hot-lip-plump-hot-berry",
    "name": "MCoBeauty Hot Lip Plump Hot Berry 4ml",
    "image_url": "https://cdn1.woolworths.media/content/wowproductimages/large/506577.jpg",
    "source_id": "Woolworths - 506577",
    "barcode": "9331880027926",
    "category_id": "1_894D0A8",
    "shop": "Woolworths",
    "weight": "10ML",
    "prices": [
      {
        "state": "NSW",
        "price": "1600",
        "price_per_unit": "4000",
        "price_unit": "ML"
      },
      {
        "state": "SA",
        "price": "1600",
        "price_per_unit": "4000",
        "price_unit": "ML"
      },
      {
        "state": "ACT",
        "price": "1600",
        "price_per_unit": "4000",
        "price_unit": "ML"
      }
    ]
  },
  {
    "source_url": "https://www.woolworths.com.au/shop/productdetails/902861/mcobeauty-hyaluronic-lip-balm-beige",
    "name": "MCoBeauty Hyaluronic Lip Balm Beige each",
    "image_url": "https://cdn1.woolworths.media/content/wowproductimages/large/902861.jpg",
    "source_id": "Woolworths - 902861",
    "barcode": "9331880031664",
    "category_id": "1_894D0A8",
    "shop": "Woolworths",
    "weight": "1EA",
    "prices": [
      {
        "state": "NSW",
        "price": "1800",
        "price_per_unit": "1800",
        "price_unit": "EA"
      },
      {
        "state": "SA",
        "price": "1800",
        "price_per_unit": "1800",
        "price_unit": "EA"
      },
      {
        "state": "ACT",
        "price": "1800",
        "price_per_unit": "1800",
        "price_unit": "EA"
      }
    ]
  },
  {
    "source_url": "https://www.woolworths.com.au/shop/productdetails/902859/mcobeauty-hyaluronic-lip-balm-clear",
    "name": "MCoBeauty Hyaluronic Lip Balm Clear each",
    "image_url": "https://cdn1.woolworths.media/content/wowproductimages/large/902859.jpg",
    "source_id": "Woolworths - 902859",
    "barcode": "9331880031640",
    "category_id": "1_894D0A8",
    "shop": "Woolworths",
    "weight": "1EA",
    "prices": [
      {
        "state": "NSW",
        "price": "1800",
        "price_per_unit": "1800",
        "price_unit": "EA"
      },
      {
        "state": "WA",
        "price": "1800",
        "price_per_unit": "1800",
        "price_unit": "EA"
      },
      {
        "state": "SA",
        "price": "1800",
        "price_per_unit": "1800",
        "price_unit": "EA"
      },
      {
        "state": "TAS",
        "price": "1800",
        "price_per_unit": "1800",
        "price_unit": "EA"
      },
      {
        "state": "ACT",
        "price": "1800",
        "price_per_unit": "1800",
        "price_unit": "EA"
      },
      {
        "state": "NT",
        "price": "1800",
        "price_per_unit": "1800",
        "price_unit": "EA"
      }
    ]
  },
  {
    "source_url": "https://www.woolworths.com.au/shop/productdetails/902860/mcobeauty-hyaluronic-lip-balm-rose-pink",
    "name": "MCoBeauty Hyaluronic Lip Balm Rose Pink each",
    "image_url": "https://cdn1.woolworths.media/content/wowproductimages/large/902860.jpg",
    "source_id": "Woolworths - 902860",
    "barcode": "9331880031657",
    "category_id": "1_894D0A8",
    "shop": "Woolworths",
    "weight": "1EA",
    "prices": [
      {
        "state": "NSW",
        "price": "1800",
        "price_per_unit": "1800",
        "price_unit": "EA"
      },
      {
        "state": "WA",
        "price": "1800",
        "price_per_unit": "1800",
        "price_unit": "EA"
      },
      {
        "state": "SA",
        "price": "1800",
        "price_per_unit": "1800",
        "price_unit": "EA"
      },
      {
        "state": "TAS",
        "price": "1800",
        "price_per_unit": "1800",
        "price_unit": "EA"
      },
      {
        "state": "ACT",
        "price": "1800",
        "price_per_unit": "1800",
        "price_unit": "EA"
      },
      {
        "state": "NT",
        "price": "1800",
        "price_per_unit": "1800",
        "price_unit": "EA"
      }
    ]
  },
  {
    "source_url": "https://www.woolworths.com.au/shop/productdetails/902862/mcobeauty-hyaluronic-lip-balm-spice",
    "name": "MCoBeauty Hyaluronic Lip Balm Spice each",
    "image_url": "https://cdn1.woolworths.media/content/wowproductimages/large/902862.jpg",
    "source_id": "Woolworths - 902862",
    "barcode": "9331880031671",
    "category_id": "1_894D0A8",
    "shop": "Woolworths",
    "weight": "1EA",
    "prices": [
      {
        "state": "NSW",
        "price": "1800",
        "price_per_unit": "1800",
        "price_unit": "EA"
      },
      {
        "state": "SA",
        "price": "1800",
        "price_per_unit": "1800",
        "price_unit": "EA"
      },
      {
        "state": "ACT",
        "price": "1800",
        "price_per_unit": "1800",
        "price_unit": "EA"
      }
    ]
  },
  {
    "source_url": "https://www.woolworths.com.au/shop/productdetails/498177/mcobeauty-hydrate-glow-ultra-fine-mist-watermelon",
    "name": "MCoBeauty Hydrate & Glow Ultra-Fine Mist Watermelon 75mL",
    "image_url": "https://cdn1.woolworths.media/content/wowproductimages/large/498177.jpg",
    "source_id": "Woolworths - 498177",
    "barcode": "9331880027872",
    "category_id": "1_894D0A8",
    "shop": "Woolworths",
    "weight": "10ML",
    "prices": [
      {
        "state": "NSW",
        "price": "2500",
        "price_per_unit": "333",
        "price_unit": "ML"
      },
      {
        "state": "VIC",
        "price": "2500",
        "price_per_unit": "333",
        "price_unit": "ML"
      },
      {
        "state": "QLD",
        "price": "2500",
        "price_per_unit": "333",
        "price_unit": "ML"
      },
      {
        "state": "WA",
        "price": "2500",
        "price_per_unit": "333",
        "price_unit": "ML"
      },
      {
        "state": "SA",
        "price": "2500",
        "price_per_unit": "333",
        "price_unit": "ML"
      },
      {
        "state": "TAS",
        "price": "2500",
        "price_per_unit": "333",
        "price_unit": "ML"
      },
      {
        "state": "ACT",
        "price": "2500",
        "price_per_unit": "333",
        "price_unit": "ML"
      },
      {
        "state": "NT",
        "price": "2500",
        "price_per_unit": "333",
        "price_unit": "ML"
      }
    ]
  },
  {
    "source_url": "https://www.woolworths.com.au/shop/productdetails/898446/mcobeauty-hydro-boss-gloss-balm-berry",
    "name": "MCoBeauty Hydro Boss Gloss Balm Berry each",
    "image_url": "https://cdn1.woolworths.media/content/wowproductimages/large/898446.jpg",
    "source_id": "Woolworths - 898446",
    "barcode": "9331880031589",
    "category_id": "1_894D0A8",
    "shop": "Woolworths",
    "weight": "10G",
    "prices": [
      {
        "state": "NSW",
        "price": "1400",
        "price_per_unit": "560",
        "price_unit": "G"
      },
      {
        "state": "VIC",
        "price": "1400",
        "price_per_unit": "560",
        "price_unit": "G"
      },
      {
        "state": "QLD",
        "price": "1400",
        "price_per_unit": "560",
        "price_unit": "G"
      },
      {
        "state": "WA",
        "price": "1400",
        "price_per_unit": "560",
        "price_unit": "G"
      },
      {
        "state": "SA",
        "price": "1400",
        "price_per_unit": "560",
        "price_unit": "G"
      },
      {
        "state": "TAS",
        "price": "1400",
        "price_per_unit": "560",
        "price_unit": "G"
      },
      {
        "state": "ACT",
        "price": "1400",
        "price_per_unit": "560",
        "price_unit": "G"
      },
      {
        "state": "NT",
        "price": "1400",
        "price_per_unit": "560",
        "price_unit": "G"
      }
    ]
  },
  {
    "source_url": "https://www.woolworths.com.au/shop/productdetails/505800/mcobeauty-jelly-gloss-hydrating-lip-gel-berry-burst",
    "name": "MCoBeauty Jelly Gloss Hydrating Lip Gel Berry Burst 3.8ml",
    "image_url": "https://cdn1.woolworths.media/content/wowproductimages/large/505800.jpg",
    "source_id": "Woolworths - 505800",
    "barcode": "9331880029456",
    "category_id": "1_894D0A8",
    "shop": "Woolworths",
    "weight": "10ML",
    "prices": [
      {
        "state": "NSW",
        "price": "1400",
        "price_per_unit": "3500",
        "price_unit": "ML"
      },
      {
        "state": "SA",
        "price": "1400",
        "price_per_unit": "3500",
        "price_unit": "ML"
      },
      {
        "state": "ACT",
        "price": "1400",
        "price_per_unit": "3500",
        "price_unit": "ML"
      }
    ]
  },
  {
    "source_url": "https://www.woolworths.com.au/shop/productdetails/511665/mcobeauty-jelly-gloss-hydrating-lip-gel-fruit-punch",
    "name": "MCoBeauty Jelly Gloss Hydrating Lip Gel Fruit Punch 3.8ml",
    "image_url": "https://cdn1.woolworths.media/content/wowproductimages/large/511665.jpg",
    "source_id": "Woolworths - 511665",
    "barcode": "9331880029463",
    "category_id": "1_894D0A8",
    "shop": "Woolworths",
    "weight": "10ML",
    "prices": [
      {
        "state": "NSW",
        "price": "1400",
        "price_per_unit": "3500",
        "price_unit": "ML"
      },
      {
        "state": "SA",
        "price": "1400",
        "price_per_unit": "3500",
        "price_unit": "ML"
      },
      {
        "state": "ACT",
        "price": "1400",
        "price_per_unit": "3500",
        "price_unit": "ML"
      }
    ]
  },
  {
    "source_url": "https://www.woolworths.com.au/shop/productdetails/507600/mcobeauty-jelly-gloss-hydrating-lip-gel-melon-crush",
    "name": "MCoBeauty Jelly Gloss Hydrating Lip Gel Melon Crush 3.8ml",
    "image_url": "https://cdn1.woolworths.media/content/wowproductimages/large/507600.jpg",
    "source_id": "Woolworths - 507600",
    "barcode": "9331880029449",
    "category_id": "1_894D0A8",
    "shop": "Woolworths",
    "weight": "10ML",
    "prices": [
      {
        "state": "NSW",
        "price": "1400",
        "price_per_unit": "3500",
        "price_unit": "ML"
      },
      {
        "state": "SA",
        "price": "1400",
        "price_per_unit": "3500",
        "price_unit": "ML"
      },
      {
        "state": "ACT",
        "price": "1400",
        "price_per_unit": "3500",
        "price_unit": "ML"
      }
    ]
  },
  {
    "source_url": "https://www.woolworths.com.au/shop/productdetails/136007/mcobeauty-lip-gloss-trio-3-in-1-gloss-keyring-assorted",
    "name": "MCoBeauty Lip Gloss Trio 3 In 1 Gloss Keyring Assorted Each",
    "image_url": "https://cdn1.woolworths.media/content/wowproductimages/large/136007.jpg",
    "source_id": "Woolworths - 136007",
    "barcode": "9331880013721",
    "category_id": "1_894D0A8",
    "shop": "Woolworths",
    "weight": "10ML",
    "prices": [
      {
        "state": "NSW",
        "price": "1100",
        "price_per_unit": "1467",
        "price_unit": "ML"
      },
      {
        "state": "WA",
        "price": "1100",
        "price_per_unit": "1467",
        "price_unit": "ML"
      },
      {
        "state": "SA",
        "price": "1100",
        "price_per_unit": "1467",
        "price_unit": "ML"
      },
      {
        "state": "TAS",
        "price": "1100",
        "price_per_unit": "1467",
        "price_unit": "ML"
      },
      {
        "state": "ACT",
        "price": "1100",
        "price_per_unit": "1467",
        "price_unit": "ML"
      },
      {
        "state": "NT",
        "price": "1100",
        "price_per_unit": "1467",
        "price_unit": "ML"
      }
    ]
  },
  {
    "source_url": "https://www.woolworths.com.au/shop/productdetails/94313/mcobeauty-lip-oil-hydrating-treatment",
    "name": "MCoBeauty Lip Oil Hydrating Treatment 9ml",
    "image_url": "https://cdn1.woolworths.media/content/wowproductimages/large/094313.jpg",
    "source_id": "Woolworths - 94313",
    "barcode": "9331880010966",
    "category_id": "1_894D0A8",
    "shop": "Woolworths",
    "weight": "10ML",
    "prices": [
      {
        "state": "NSW",
        "price": "1400",
        "price_per_unit": "1556",
        "price_unit": "ML"
      },
      {
        "state": "VIC",
        "price": "1400",
        "price_per_unit": "1556",
        "price_unit": "ML"
      },
      {
        "state": "QLD",
        "price": "1400",
        "price_per_unit": "1556",
        "price_unit": "ML"
      },
      {
        "state": "WA",
        "price": "1400",
        "price_per_unit": "1556",
        "price_unit": "ML"
      },
      {
        "state": "SA",
        "price": "1400",
        "price_per_unit": "1556",
        "price_unit": "ML"
      },
      {
        "state": "TAS",
        "price": "1400",
        "price_per_unit": "1556",
        "price_unit": "ML"
      },
      {
        "state": "ACT",
        "price": "1400",
        "price_per_unit": "1556",
        "price_unit": "ML"
      },
      {
        "state": "NT",
        "price": "1400",
        "price_per_unit": "1556",
        "price_unit": "ML"
      }
    ]
  },
  {
    "source_url": "https://www.woolworths.com.au/shop/productdetails/394730/mcobeauty-lip-oil-hydrating-treatment-birthday-cake",
    "name": "MCoBeauty Lip Oil Hydrating Treatment Birthday Cake 9ml",
    "image_url": "https://cdn1.woolworths.media/content/wowproductimages/large/394730.jpg",
    "source_id": "Woolworths - 394730",
    "barcode": "9331880026592",
    "category_id": "1_894D0A8",
    "shop": "Woolworths",
    "weight": "10ML",
    "prices": [
      {
        "state": "NSW",
        "price": "1400",
        "price_per_unit": "1556",
        "price_unit": "ML"
      },
      {
        "state": "VIC",
        "price": "1400",
        "price_per_unit": "1556",
        "price_unit": "ML"
      },
      {
        "state": "QLD",
        "price": "1400",
        "price_per_unit": "1556",
        "price_unit": "ML"
      },
      {
        "state": "WA",
        "price": "1400",
        "price_per_unit": "1556",
        "price_unit": "ML"
      },
      {
        "state": "SA",
        "price": "1400",
        "price_per_unit": "1556",
        "price_unit": "ML"
      },
      {
        "state": "TAS",
        "price": "1400",
        "price_per_unit": "1556",
        "price_unit": "ML"
      },
      {
        "state": "ACT",
        "price": "1400",
        "price_per_unit": "1556",
        "price_unit": "ML"
      },
      {
        "state": "NT",
        "price": "1400",
        "price_per_unit": "1556",
        "price_unit": "ML"
      }
    ]
  },
  {
    "source_url": "https://www.woolworths.com.au/shop/productdetails/198632/mcobeauty-lip-oil-hydrating-treatment",
    "name": "MCoBeauty Lip Oil Hydrating Treatment Each",
    "image_url": "https://cdn1.woolworths.media/content/wowproductimages/large/198632.jpg",
    "source_id": "Woolworths - 198632",
    "barcode": "9331880016302",
    "category_id": "1_894D0A8",
    "shop": "Woolworths",
    "weight": "10ML",
    "prices": [
      {
        "state": "NSW",
        "price": "1400",
        "price_per_unit": "1556",
        "price_unit": "ML"
      },
      {
        "state": "VIC",
        "price": "1400",
        "price_per_unit": "1556",
        "price_unit": "ML"
      },
      {
        "state": "QLD",
        "price": "1400",
        "price_per_unit": "1556",
        "price_unit": "ML"
      },
      {
        "state": "WA",
        "price": "1400",
        "price_per_unit": "1556",
        "price_unit": "ML"
      },
      {
        "state": "SA",
        "price": "1400",
        "price_per_unit": "1556",
        "price_unit": "ML"
      },
      {
        "state": "TAS",
        "price": "1400",
        "price_per_unit": "1556",
        "price_unit": "ML"
      },
      {
        "state": "ACT",
        "price": "1400",
        "price_per_unit": "1556",
        "price_unit": "ML"
      },
      {
        "state": "NT",
        "price": "1400",
        "price_per_unit": "1556",
        "price_unit": "ML"
      }
    ]
  },
  {
    "source_url": "https://www.woolworths.com.au/shop/productdetails/271436/mcobeauty-lip-oil-hydrating-treatment-sheer-red",
    "name": "MCoBeauty Lip Oil Hydrating Treatment Sheer Red Each",
    "image_url": "https://cdn1.woolworths.media/content/wowproductimages/large/271436.jpg",
    "source_id": "Woolworths - 271436",
    "barcode": "9331880021801",
    "category_id": "1_894D0A8",
    "shop": "Woolworths",
    "weight": "10ML",
    "prices": [
      {
        "state": "NSW",
        "price": "1400",
        "price_per_unit": "1556",
        "price_unit": "ML"
      },
      {
        "state": "VIC",
        "price": "1400",
        "price_per_unit": "1556",
        "price_unit": "ML"
      },
      {
        "state": "QLD",
        "price": "1400",
        "price_per_unit": "1556",
        "price_unit": "ML"
      },
      {
        "state": "WA",
        "price": "1400",
        "price_per_unit": "1556",
        "price_unit": "ML"
      },
      {
        "state": "SA",
        "price": "1400",
        "price_per_unit": "1556",
        "price_unit": "ML"
      },
      {
        "state": "TAS",
        "price": "1400",
        "price_per_unit": "1556",
        "price_unit": "ML"
      },
      {
        "state": "ACT",
        "price": "1400",
        "price_per_unit": "1556",
        "price_unit": "ML"
      },
      {
        "state": "NT",
        "price": "1400",
        "price_per_unit": "1556",
        "price_unit": "ML"
      }
    ]
  },
  {
    "source_url": "https://www.woolworths.com.au/shop/productdetails/273903/mcobeauty-lip-oil-hydrating-treatment-sheer-rose",
    "name": "MCoBeauty Lip Oil Hydrating Treatment Sheer Rose Each",
    "image_url": "https://cdn1.woolworths.media/content/wowproductimages/large/273903.jpg",
    "source_id": "Woolworths - 273903",
    "barcode": "9331880021795",
    "category_id": "1_894D0A8",
    "shop": "Woolworths",
    "weight": "10ML",
    "prices": [
      {
        "state": "NSW",
        "price": "1400",
        "price_per_unit": "1556",
        "price_unit": "ML"
      },
      {
        "state": "VIC",
        "price": "1400",
        "price_per_unit": "1556",
        "price_unit": "ML"
      },
      {
        "state": "QLD",
        "price": "1400",
        "price_per_unit": "1556",
        "price_unit": "ML"
      },
      {
        "state": "WA",
        "price": "1400",
        "price_per_unit": "1556",
        "price_unit": "ML"
      },
      {
        "state": "SA",
        "price": "1400",
        "price_per_unit": "1556",
        "price_unit": "ML"
      },
      {
        "state": "TAS",
        "price": "1400",
        "price_per_unit": "1556",
        "price_unit": "ML"
      },
      {
        "state": "ACT",
        "price": "1400",
        "price_per_unit": "1556",
        "price_unit": "ML"
      },
      {
        "state": "NT",
        "price": "1400",
        "price_per_unit": "1556",
        "price_unit": "ML"
      }
    ]
  },
  {
    "source_url": "https://www.woolworths.com.au/shop/productdetails/503717/mcobeauty-lip-oil-hydrating-treatment-sheer-violet",
    "name": "MCoBeauty Lip Oil Hydrating Treatment Sheer Violet 9mL",
    "image_url": "https://cdn1.woolworths.media/content/wowproductimages/large/503717.jpg",
    "source_id": "Woolworths - 503717",
    "barcode": "9331880028114",
    "category_id": "1_894D0A8",
    "shop": "Woolworths",
    "weight": "10ML",
    "prices": [
      {
        "state": "NSW",
        "price": "1400",
        "price_per_unit": "1556",
        "price_unit": "ML"
      },
      {
        "state": "WA",
        "price": "1400",
        "price_per_unit": "1556",
        "price_unit": "ML"
      },
      {
        "state": "SA",
        "price": "1400",
        "price_per_unit": "1556",
        "price_unit": "ML"
      },
      {
        "state": "TAS",
        "price": "1400",
        "price_per_unit": "1556",
        "price_unit": "ML"
      },
      {
        "state": "ACT",
        "price": "1400",
        "price_per_unit": "1556",
        "price_unit": "ML"
      },
      {
        "state": "NT",
        "price": "1400",
        "price_per_unit": "1556",
        "price_unit": "ML"
      }
    ]
  },
  {
    "source_url": "https://www.woolworths.com.au/shop/productdetails/396962/mcobeauty-lip-plump-4-in-1-hydrating-lacquer-emily-nude-pink",
    "name": "MCoBeauty Lip Plump 4 In 1 Hydrating Lacquer Emily Nude Pink 2g",
    "image_url": "https://cdn1.woolworths.media/content/wowproductimages/large/396962.jpg",
    "source_id": "Woolworths - 396962",
    "barcode": "9331880023478",
    "category_id": "1_894D0A8",
    "shop": "Woolworths",
    "weight": "10G",
    "prices": [
      {
        "state": "NSW",
        "price": "1800",
        "price_per_unit": "9000",
        "price_unit": "G"
      },
      {
        "state": "VIC",
        "price": "1800",
        "price_per_unit": "9000",
        "price_unit": "G"
      },
      {
        "state": "QLD",
        "price": "1800",
        "price_per_unit": "9000",
        "price_unit": "G"
      },
      {
        "state": "WA",
        "price": "1800",
        "price_per_unit": "9000",
        "price_unit": "G"
      },
      {
        "state": "SA",
        "price": "1800",
        "price_per_unit": "9000",
        "price_unit": "G"
      },
      {
        "state": "TAS",
        "price": "1800",
        "price_per_unit": "9000",
        "price_unit": "G"
      },
      {
        "state": "ACT",
        "price": "1800",
        "price_per_unit": "9000",
        "price_unit": "G"
      },
      {
        "state": "NT",
        "price": "1800",
        "price_per_unit": "9000",
        "price_unit": "G"
      }
    ]
  },
  {
    "source_url": "https://www.woolworths.com.au/shop/productdetails/394949/mcobeauty-lip-plump-4-in-1-hydrating-lacquer-lily",
    "name": "MCoBeauty Lip Plump 4-In-1 Hydrating Lacquer Lily 2g",
    "image_url": "https://cdn1.woolworths.media/content/wowproductimages/large/394949.jpg",
    "source_id": "Woolworths - 394949",
    "barcode": "9331880023485",
    "category_id": "1_894D0A8",
    "shop": "Woolworths",
    "weight": "10G",
    "prices": [
      {
        "state": "NSW",
        "price": "1800",
        "price_per_unit": "9000",
        "price_unit": "G"
      },
      {
        "state": "VIC",
        "price": "1800",
        "price_per_unit": "9000",
        "price_unit": "G"
      },
      {
        "state": "QLD",
        "price": "1800",
        "price_per_unit": "9000",
        "price_unit": "G"
      },
      {
        "state": "WA",
        "price": "1800",
        "price_per_unit": "9000",
        "price_unit": "G"
      },
      {
        "state": "SA",
        "price": "1800",
        "price_per_unit": "9000",
        "price_unit": "G"
      },
      {
        "state": "TAS",
        "price": "1800",
        "price_per_unit": "9000",
        "price_unit": "G"
      },
      {
        "state": "ACT",
        "price": "1800",
        "price_per_unit": "9000",
        "price_unit": "G"
      },
      {
        "state": "NT",
        "price": "1800",
        "price_per_unit": "9000",
        "price_unit": "G"
      }
    ]
  },
  {
    "source_url": "https://www.woolworths.com.au/shop/productdetails/394736/mcobeauty-lip-plump-4-in-1-hydrating-lacquer-lucy",
    "name": "MCoBeauty Lip Plump 4-In-1 Hydrating Lacquer Lucy 2g",
    "image_url": "https://cdn1.woolworths.media/content/wowproductimages/large/394736.jpg",
    "source_id": "Woolworths - 394736",
    "barcode": "9331880023492",
    "category_id": "1_894D0A8",
    "shop": "Woolworths",
    "weight": "10G",
    "prices": [
      {
        "state": "NSW",
        "price": "1800",
        "price_per_unit": "9000",
        "price_unit": "G"
      },
      {
        "state": "SA",
        "price": "1800",
        "price_per_unit": "9000",
        "price_unit": "G"
      },
      {
        "state": "ACT",
        "price": "1800",
        "price_per_unit": "9000",
        "price_unit": "G"
      }
    ]
  },
  {
    "source_url": "https://www.woolworths.com.au/shop/productdetails/513452/mcobeauty-lip-pop-2-in-1-lip-gloss-balm-gummy-bear",
    "name": "MCoBeauty Lip Pop 2-In-1 Lip Gloss Balm Gummy Bear 1.8ml",
    "image_url": "https://cdn1.woolworths.media/content/wowproductimages/large/513452.jpg",
    "source_id": "Woolworths - 513452",
    "barcode": "9331880029500",
    "category_id": "1_894D0A8",
    "shop": "Woolworths",
    "weight": "10ML",
    "prices": [
      {
        "state": "NSW",
        "price": "2200",
        "price_per_unit": "12222",
        "price_unit": "ML"
      },
      {
        "state": "SA",
        "price": "2200",
        "price_per_unit": "12222",
        "price_unit": "ML"
      },
      {
        "state": "ACT",
        "price": "2200",
        "price_per_unit": "12222",
        "price_unit": "ML"
      }
    ]
  },
  {
    "source_url": "https://www.woolworths.com.au/shop/productdetails/513472/mcobeauty-lip-pop-2-in-1-lip-gloss-balm-strawberry",
    "name": "MCoBeauty Lip Pop 2-In-1 Lip Gloss Balm Strawberry 1.8ml",
    "image_url": "https://cdn1.woolworths.media/content/wowproductimages/large/513472.jpg",
    "source_id": "Woolworths - 513472",
    "barcode": "9331880029494",
    "category_id": "1_894D0A8",
    "shop": "Woolworths",
    "weight": "10ML",
    "prices": [
      {
        "state": "NSW",
        "price": "2200",
        "price_per_unit": "12222",
        "price_unit": "ML"
      },
      {
        "state": "SA",
        "price": "2200",
        "price_per_unit": "12222",
        "price_unit": "ML"
      },
      {
        "state": "ACT",
        "price": "2200",
        "price_per_unit": "12222",
        "price_unit": "ML"
      }
    ]
  },
  {
    "source_url": "https://www.woolworths.com.au/shop/productdetails/394635/mcobeauty-lip-scrub-sugar-exfoliating-balm-clear",
    "name": "MCoBeauty Lip Scrub Sugar Exfoliating Balm Clear 3.5g",
    "image_url": "https://cdn1.woolworths.media/content/wowproductimages/large/394635.jpg",
    "source_id": "Woolworths - 394635",
    "barcode": "9331880023850",
    "category_id": "1_894D0A8",
    "shop": "Woolworths",
    "weight": "10G",
    "prices": [
      {
        "state": "NSW",
        "price": "1800",
        "price_per_unit": "5143",
        "price_unit": "G"
      },
      {
        "state": "WA",
        "price": "1800",
        "price_per_unit": "5143",
        "price_unit": "G"
      },
      {
        "state": "SA",
        "price": "1800",
        "price_per_unit": "5143",
        "price_unit": "G"
      },
      {
        "state": "TAS",
        "price": "1800",
        "price_per_unit": "5143",
        "price_unit": "G"
      },
      {
        "state": "ACT",
        "price": "1800",
        "price_per_unit": "5143",
        "price_unit": "G"
      },
      {
        "state": "NT",
        "price": "1800",
        "price_per_unit": "5143",
        "price_unit": "G"
      }
    ]
  },
  {
    "source_url": "https://www.woolworths.com.au/shop/productdetails/506572/mcobeauty-lip-shimmer-hydrating-oil-glow",
    "name": "MCoBeauty Lip Shimmer Hydrating Oil Glow 7mL",
    "image_url": "https://cdn1.woolworths.media/content/wowproductimages/large/506572.jpg",
    "source_id": "Woolworths - 506572",
    "barcode": "9331880028046",
    "category_id": "1_894D0A8",
    "shop": "Woolworths",
    "weight": "10ML",
    "prices": [
      {
        "state": "NSW",
        "price": "1400",
        "price_per_unit": "2000",
        "price_unit": "ML"
      },
      {
        "state": "WA",
        "price": "1400",
        "price_per_unit": "2000",
        "price_unit": "ML"
      },
      {
        "state": "SA",
        "price": "1400",
        "price_per_unit": "2000",
        "price_unit": "ML"
      },
      {
        "state": "TAS",
        "price": "1400",
        "price_per_unit": "2000",
        "price_unit": "ML"
      },
      {
        "state": "ACT",
        "price": "1400",
        "price_per_unit": "2000",
        "price_unit": "ML"
      },
      {
        "state": "NT",
        "price": "1400",
        "price_per_unit": "2000",
        "price_unit": "ML"
      }
    ]
  },
  {
    "source_url": "https://www.woolworths.com.au/shop/productdetails/506562/mcobeauty-lip-shimmer-hydrating-oil-party",
    "name": "MCoBeauty Lip Shimmer Hydrating Oil Party 7mL",
    "image_url": "https://cdn1.woolworths.media/content/wowproductimages/large/506562.jpg",
    "source_id": "Woolworths - 506562",
    "barcode": "9331880028015",
    "category_id": "1_894D0A8",
    "shop": "Woolworths",
    "weight": "10ML",
    "prices": [
      {
        "state": "NSW",
        "price": "1400",
        "price_per_unit": "2000",
        "price_unit": "ML"
      },
      {
        "state": "WA",
        "price": "1400",
        "price_per_unit": "2000",
        "price_unit": "ML"
      },
      {
        "state": "SA",
        "price": "1400",
        "price_per_unit": "2000",
        "price_unit": "ML"
      },
      {
        "state": "TAS",
        "price": "1400",
        "price_per_unit": "2000",
        "price_unit": "ML"
      },
      {
        "state": "ACT",
        "price": "1400",
        "price_per_unit": "2000",
        "price_unit": "ML"
      },
      {
        "state": "NT",
        "price": "1400",
        "price_per_unit": "2000",
        "price_unit": "ML"
      }
    ]
  },
  {
    "source_url": "https://www.woolworths.com.au/shop/productdetails/899775/mcobeauty-lip-whip-intense-repair-balm-berry",
    "name": "MCoBeauty Lip Whip Intense Repair Balm Berry each",
    "image_url": "https://cdn1.woolworths.media/content/wowproductimages/large/899775.jpg",
    "source_id": "Woolworths - 899775",
    "barcode": "9331880031558",
    "category_id": "1_894D0A8",
    "shop": "Woolworths",
    "weight": "10G",
    "prices": [
      {
        "state": "NSW",
        "price": "1800",
        "price_per_unit": "1286",
        "price_unit": "G"
      },
      {
        "state": "VIC",
        "price": "1800",
        "price_per_unit": "1286",
        "price_unit": "G"
      },
      {
        "state": "QLD",
        "price": "1800",
        "price_per_unit": "1286",
        "price_unit": "G"
      },
      {
        "state": "WA",
        "price": "1800",
        "price_per_unit": "1286",
        "price_unit": "G"
      },
      {
        "state": "SA",
        "price": "1800",
        "price_per_unit": "1286",
        "price_unit": "G"
      },
      {
        "state": "TAS",
        "price": "1800",
        "price_per_unit": "1286",
        "price_unit": "G"
      },
      {
        "state": "ACT",
        "price": "1800",
        "price_per_unit": "1286",
        "price_unit": "G"
      },
      {
        "state": "NT",
        "price": "1800",
        "price_per_unit": "1286",
        "price_unit": "G"
      }
    ]
  },
  {
    "source_url": "https://www.woolworths.com.au/shop/productdetails/898404/mcobeauty-lip-whip-intense-repair-balm-vanilla",
    "name": "MCoBeauty Lip Whip Intense Repair Balm Vanilla each",
    "image_url": "https://cdn1.woolworths.media/content/wowproductimages/large/898404.jpg",
    "source_id": "Woolworths - 898404",
    "barcode": "9331880031565",
    "category_id": "1_894D0A8",
    "shop": "Woolworths",
    "weight": "10G",
    "prices": [
      {
        "state": "NSW",
        "price": "1800",
        "price_per_unit": "1286",
        "price_unit": "G"
      },
      {
        "state": "VIC",
        "price": "1800",
        "price_per_unit": "1286",
        "price_unit": "G"
      },
      {
        "state": "QLD",
        "price": "1800",
        "price_per_unit": "1286",
        "price_unit": "G"
      },
      {
        "state": "WA",
        "price": "1800",
        "price_per_unit": "1286",
        "price_unit": "G"
      },
      {
        "state": "SA",
        "price": "1800",
        "price_per_unit": "1286",
        "price_unit": "G"
      },
      {
        "state": "TAS",
        "price": "1800",
        "price_per_unit": "1286",
        "price_unit": "G"
      },
      {
        "state": "ACT",
        "price": "1800",
        "price_per_unit": "1286",
        "price_unit": "G"
      },
      {
        "state": "NT",
        "price": "1800",
        "price_per_unit": "1286",
        "price_unit": "G"
      }
    ]
  },
  {
    "source_url": "https://www.woolworths.com.au/shop/productdetails/225637/mcobeauty-mini-mega-balm-all-over-ointment",
    "name": "MCoBeauty Mini Mega Balm All Over Ointment 2 Pack",
    "image_url": "https://cdn1.woolworths.media/content/wowproductimages/large/225637.jpg",
    "source_id": "Woolworths - 225637",
    "barcode": "9331880017712",
    "category_id": "1_894D0A8",
    "shop": "Woolworths",
    "weight": "10G",
    "prices": [
      {
        "state": "NSW",
        "price": "1000",
        "price_per_unit": "1000",
        "price_unit": "G"
      },
      {
        "state": "WA",
        "price": "1000",
        "price_per_unit": "1000",
        "price_unit": "G"
      },
      {
        "state": "SA",
        "price": "1000",
        "price_per_unit": "1000",
        "price_unit": "G"
      },
      {
        "state": "TAS",
        "price": "1000",
        "price_per_unit": "1000",
        "price_unit": "G"
      },
      {
        "state": "ACT",
        "price": "1000",
        "price_per_unit": "1000",
        "price_unit": "G"
      },
      {
        "state": "NT",
        "price": "1050",
        "price_per_unit": "1050",
        "price_unit": "G"
      }
    ]
  },
  {
    "source_url": "https://www.woolworths.com.au/shop/productdetails/511385/mcobeauty-overnight-lip-mask-berry",
    "name": "MCoBeauty Overnight Lip Mask Berry 20g",
    "image_url": "https://cdn1.woolworths.media/content/wowproductimages/large/511385.jpg",
    "source_id": "Woolworths - 511385",
    "barcode": "9331880027889",
    "category_id": "1_894D0A8",
    "shop": "Woolworths",
    "weight": "10G",
    "prices": [
      {
        "state": "NSW",
        "price": "1800",
        "price_per_unit": "900",
        "price_unit": "G"
      },
      {
        "state": "VIC",
        "price": "1800",
        "price_per_unit": "900",
        "price_unit": "G"
      },
      {
        "state": "QLD",
        "price": "1800",
        "price_per_unit": "900",
        "price_unit": "G"
      },
      {
        "state": "WA",
        "price": "1800",
        "price_per_unit": "900",
        "price_unit": "G"
      },
      {
        "state": "SA",
        "price": "1800",
        "price_per_unit": "900",
        "price_unit": "G"
      },
      {
        "state": "TAS",
        "price": "1800",
        "price_per_unit": "900",
        "price_unit": "G"
      },
      {
        "state": "ACT",
        "price": "1800",
        "price_per_unit": "900",
        "price_unit": "G"
      },
      {
        "state": "NT",
        "price": "1800",
        "price_per_unit": "900",
        "price_unit": "G"
      }
    ]
  },
  {
    "source_url": "https://www.woolworths.com.au/shop/productdetails/902848/mcobeauty-overnight-lip-mask-bubble-gum",
    "name": "MCoBeauty Overnight Lip Mask Bubble Gum 20g",
    "image_url": "https://cdn1.woolworths.media/content/wowproductimages/large/902848.jpg",
    "source_id": "Woolworths - 902848",
    "barcode": "9331880030995",
    "category_id": "1_894D0A8",
    "shop": "Woolworths",
    "weight": "1EA",
    "prices": [
      {
        "state": "NSW",
        "price": "1800",
        "price_per_unit": "1800",
        "price_unit": "EA"
      },
      {
        "state": "SA",
        "price": "1800",
        "price_per_unit": "1800",
        "price_unit": "EA"
      },
      {
        "state": "ACT",
        "price": "1800",
        "price_per_unit": "1800",
        "price_unit": "EA"
      }
    ]
  },
  {
    "source_url": "https://www.woolworths.com.au/shop/productdetails/507666/mcobeauty-overnight-lip-mask-candy",
    "name": "MCoBeauty Overnight Lip Mask Candy 20g",
    "image_url": "https://cdn1.woolworths.media/content/wowproductimages/large/507666.jpg",
    "source_id": "Woolworths - 507666",
    "barcode": "9331880027896",
    "category_id": "1_894D0A8",
    "shop": "Woolworths",
    "weight": "10G",
    "prices": [
      {
        "state": "NSW",
        "price": "1800",
        "price_per_unit": "900",
        "price_unit": "G"
      },
      {
        "state": "SA",
        "price": "1800",
        "price_per_unit": "900",
        "price_unit": "G"
      },
      {
        "state": "ACT",
        "price": "1800",
        "price_per_unit": "900",
        "price_unit": "G"
      }
    ]
  },
  {
    "source_url": "https://www.woolworths.com.au/shop/productdetails/902849/mcobeauty-overnight-lip-mask-caramel-latte",
    "name": "MCoBeauty Overnight Lip Mask Caramel Latte 20g",
    "image_url": "https://cdn1.woolworths.media/content/wowproductimages/large/902849.jpg",
    "source_id": "Woolworths - 902849",
    "barcode": "9331880031008",
    "category_id": "1_894D0A8",
    "shop": "Woolworths",
    "weight": "10G",
    "prices": [
      {
        "state": "NSW",
        "price": "1800",
        "price_per_unit": "900",
        "price_unit": "G"
      },
      {
        "state": "SA",
        "price": "1800",
        "price_per_unit": "900",
        "price_unit": "G"
      },
      {
        "state": "ACT",
        "price": "1800",
        "price_per_unit": "900",
        "price_unit": "G"
      }
    ]
  },
  {
    "source_url": "https://www.woolworths.com.au/shop/productdetails/502339/mcobeauty-overnight-lip-mask-deluxe",
    "name": "MCoBeauty Overnight Lip Mask Deluxe 3 pack",
    "image_url": "https://cdn1.woolworths.media/content/wowproductimages/large/502339.jpg",
    "source_id": "Woolworths - 502339",
    "barcode": "9331880026769",
    "category_id": "1_894D0A8",
    "shop": "Woolworths",
    "weight": "10G",
    "prices": [
      {
        "state": "NSW",
        "price": "2500",
        "price_per_unit": "8333",
        "price_unit": "G"
      },
      {
        "state": "VIC",
        "price": "2500",
        "price_per_unit": "8333",
        "price_unit": "G"
      },
      {
        "state": "QLD",
        "price": "2500",
        "price_per_unit": "8333",
        "price_unit": "G"
      },
      {
        "state": "WA",
        "price": "2500",
        "price_per_unit": "8333",
        "price_unit": "G"
      },
      {
        "state": "SA",
        "price": "2500",
        "price_per_unit": "8333",
        "price_unit": "G"
      },
      {
        "state": "TAS",
        "price": "2500",
        "price_per_unit": "8333",
        "price_unit": "G"
      },
      {
        "state": "ACT",
        "price": "2500",
        "price_per_unit": "8333",
        "price_unit": "G"
      },
      {
        "state": "NT",
        "price": "2500",
        "price_per_unit": "8333",
        "price_unit": "G"
      }
    ]
  },
  {
    "source_url": "https://www.woolworths.com.au/shop/productdetails/506563/mcobeauty-overnight-lip-mask-fairy-floss",
    "name": "MCoBeauty Overnight Lip Mask Fairy Floss 20g",
    "image_url": "https://cdn1.woolworths.media/content/wowproductimages/large/506563.jpg",
    "source_id": "Woolworths - 506563",
    "barcode": "9331880027902",
    "category_id": "1_894D0A8",
    "shop": "Woolworths",
    "weight": "10G",
    "prices": [
      {
        "state": "NSW",
        "price": "1800",
        "price_per_unit": "900",
        "price_unit": "G"
      },
      {
        "state": "VIC",
        "price": "1800",
        "price_per_unit": "900",
        "price_unit": "G"
      },
      {
        "state": "QLD",
        "price": "1800",
        "price_per_unit": "900",
        "price_unit": "G"
      },
      {
        "state": "WA",
        "price": "1800",
        "price_per_unit": "900",
        "price_unit": "G"
      },
      {
        "state": "SA",
        "price": "1800",
        "price_per_unit": "900",
        "price_unit": "G"
      },
      {
        "state": "TAS",
        "price": "1800",
        "price_per_unit": "900",
        "price_unit": "G"
      },
      {
        "state": "ACT",
        "price": "1800",
        "price_per_unit": "900",
        "price_unit": "G"
      },
      {
        "state": "NT",
        "price": "1800",
        "price_per_unit": "900",
        "price_unit": "G"
      }
    ]
  },
  {
    "source_url": "https://www.woolworths.com.au/shop/productdetails/507635/mcobeauty-overnight-lip-mask-vanilla",
    "name": "MCoBeauty Overnight Lip Mask Vanilla 20g",
    "image_url": "https://cdn1.woolworths.media/content/wowproductimages/large/507635.jpg",
    "source_id": "Woolworths - 507635",
    "barcode": "9331880029166",
    "category_id": "1_894D0A8",
    "shop": "Woolworths",
    "weight": "10G",
    "prices": [
      {
        "state": "NSW",
        "price": "1800",
        "price_per_unit": "900",
        "price_unit": "G"
      },
      {
        "state": "WA",
        "price": "1800",
        "price_per_unit": "900",
        "price_unit": "G"
      },
      {
        "state": "SA",
        "price": "1800",
        "price_per_unit": "900",
        "price_unit": "G"
      },
      {
        "state": "TAS",
        "price": "1800",
        "price_per_unit": "900",
        "price_unit": "G"
      },
      {
        "state": "ACT",
        "price": "1800",
        "price_per_unit": "900",
        "price_unit": "G"
      },
      {
        "state": "NT",
        "price": "1800",
        "price_per_unit": "900",
        "price_unit": "G"
      }
    ]
  },
  {
    "source_url": "https://www.woolworths.com.au/shop/productdetails/902855/mcobeauty-peptide-liptreatment-berry",
    "name": "MCoBeauty Peptide LipTreatment Berry 15g",
    "image_url": "https://cdn1.woolworths.media/content/wowproductimages/large/902855.jpg",
    "source_id": "Woolworths - 902855",
    "barcode": "9331880031619",
    "category_id": "1_894D0A8",
    "shop": "Woolworths",
    "weight": "10G",
    "prices": [
      {
        "state": "NSW",
        "price": "1800",
        "price_per_unit": "1200",
        "price_unit": "G"
      },
      {
        "state": "VIC",
        "price": "1800",
        "price_per_unit": "1200",
        "price_unit": "G"
      },
      {
        "state": "QLD",
        "price": "1800",
        "price_per_unit": "1200",
        "price_unit": "G"
      },
      {
        "state": "WA",
        "price": "1800",
        "price_per_unit": "1200",
        "price_unit": "G"
      },
      {
        "state": "SA",
        "price": "1800",
        "price_per_unit": "1200",
        "price_unit": "G"
      },
      {
        "state": "TAS",
        "price": "1800",
        "price_per_unit": "1200",
        "price_unit": "G"
      },
      {
        "state": "ACT",
        "price": "1800",
        "price_per_unit": "1200",
        "price_unit": "G"
      },
      {
        "state": "NT",
        "price": "1800",
        "price_per_unit": "1200",
        "price_unit": "G"
      }
    ]
  },
  {
    "source_url": "https://www.woolworths.com.au/shop/productdetails/902856/mcobeauty-peptide-liptreatment-buttercream",
    "name": "MCoBeauty Peptide LipTreatment Buttercream 15g",
    "image_url": "https://cdn1.woolworths.media/content/wowproductimages/large/902856.jpg",
    "source_id": "Woolworths - 902856",
    "barcode": "9331880031626",
    "category_id": "1_894D0A8",
    "shop": "Woolworths",
    "weight": "100G",
    "prices": [
      {
        "state": "NSW",
        "price": "1800",
        "price_per_unit": "12000",
        "price_unit": "G"
      },
      {
        "state": "VIC",
        "price": "1800",
        "price_per_unit": "12000",
        "price_unit": "G"
      },
      {
        "state": "QLD",
        "price": "1800",
        "price_per_unit": "12000",
        "price_unit": "G"
      },
      {
        "state": "WA",
        "price": "1800",
        "price_per_unit": "12000",
        "price_unit": "G"
      },
      {
        "state": "SA",
        "price": "1800",
        "price_per_unit": "12000",
        "price_unit": "G"
      },
      {
        "state": "TAS",
        "price": "1800",
        "price_per_unit": "12000",
        "price_unit": "G"
      },
      {
        "state": "ACT",
        "price": "1800",
        "price_per_unit": "12000",
        "price_unit": "G"
      },
      {
        "state": "NT",
        "price": "1800",
        "price_per_unit": "12000",
        "price_unit": "G"
      }
    ]
  },
  {
    "source_url": "https://www.woolworths.com.au/shop/productdetails/902854/mcobeauty-peptide-liptreatment-caramel",
    "name": "MCoBeauty Peptide LipTreatment Caramel 15g",
    "image_url": "https://cdn1.woolworths.media/content/wowproductimages/large/902854.jpg",
    "source_id": "Woolworths - 902854",
    "barcode": "9331880031602",
    "category_id": "1_894D0A8",
    "shop": "Woolworths",
    "weight": "10G",
    "prices": [
      {
        "state": "NSW",
        "price": "1800",
        "price_per_unit": "1200",
        "price_unit": "G"
      },
      {
        "state": "VIC",
        "price": "1800",
        "price_per_unit": "1200",
        "price_unit": "G"
      },
      {
        "state": "QLD",
        "price": "1800",
        "price_per_unit": "1200",
        "price_unit": "G"
      },
      {
        "state": "WA",
        "price": "1800",
        "price_per_unit": "1200",
        "price_unit": "G"
      },
      {
        "state": "SA",
        "price": "1800",
        "price_per_unit": "1200",
        "price_unit": "G"
      },
      {
        "state": "TAS",
        "price": "1800",
        "price_per_unit": "1200",
        "price_unit": "G"
      },
      {
        "state": "ACT",
        "price": "1800",
        "price_per_unit": "1200",
        "price_unit": "G"
      },
      {
        "state": "NT",
        "price": "1800",
        "price_per_unit": "1200",
        "price_unit": "G"
      }
    ]
  },
  {
    "source_url": "https://www.woolworths.com.au/shop/productdetails/902851/mcobeauty-peptide-liptreatment-fairy-floss",
    "name": "MCoBeauty Peptide LipTreatment Fairy Floss 15g",
    "image_url": "https://cdn1.woolworths.media/content/wowproductimages/large/902851.jpg",
    "source_id": "Woolworths - 902851",
    "barcode": "9331880031596",
    "category_id": "1_894D0A8",
    "shop": "Woolworths",
    "weight": "10G",
    "prices": [
      {
        "state": "NSW",
        "price": "1800",
        "price_per_unit": "1200",
        "price_unit": "G"
      },
      {
        "state": "VIC",
        "price": "1800",
        "price_per_unit": "1200",
        "price_unit": "G"
      },
      {
        "state": "QLD",
        "price": "1800",
        "price_per_unit": "1200",
        "price_unit": "G"
      },
      {
        "state": "WA",
        "price": "1800",
        "price_per_unit": "1200",
        "price_unit": "G"
      },
      {
        "state": "SA",
        "price": "1800",
        "price_per_unit": "1200",
        "price_unit": "G"
      },
      {
        "state": "TAS",
        "price": "1800",
        "price_per_unit": "1200",
        "price_unit": "G"
      },
      {
        "state": "ACT",
        "price": "1800",
        "price_per_unit": "1200",
        "price_unit": "G"
      },
      {
        "state": "NT",
        "price": "1800",
        "price_per_unit": "1200",
        "price_unit": "G"
      }
    ]
  },
  {
    "source_url": "https://www.woolworths.com.au/shop/productdetails/902857/mcobeauty-peptide-liptreatment-vanilla-brulee",
    "name": "MCoBeauty Peptide LipTreatment Vanilla Brulee 15g",
    "image_url": "https://cdn1.woolworths.media/content/wowproductimages/large/902857.jpg",
    "source_id": "Woolworths - 902857",
    "barcode": "9331880031633",
    "category_id": "1_894D0A8",
    "shop": "Woolworths",
    "weight": "100G",
    "prices": [
      {
        "state": "NSW",
        "price": "1800",
        "price_per_unit": "12000",
        "price_unit": "G"
      },
      {
        "state": "VIC",
        "price": "1800",
        "price_per_unit": "12000",
        "price_unit": "G"
      },
      {
        "state": "QLD",
        "price": "1800",
        "price_per_unit": "12000",
        "price_unit": "G"
      },
      {
        "state": "WA",
        "price": "1800",
        "price_per_unit": "12000",
        "price_unit": "G"
      },
      {
        "state": "SA",
        "price": "1800",
        "price_per_unit": "12000",
        "price_unit": "G"
      },
      {
        "state": "TAS",
        "price": "1800",
        "price_per_unit": "12000",
        "price_unit": "G"
      },
      {
        "state": "ACT",
        "price": "1800",
        "price_per_unit": "12000",
        "price_unit": "G"
      },
      {
        "state": "NT",
        "price": "1800",
        "price_per_unit": "12000",
        "price_unit": "G"
      }
    ]
  },
  {
    "source_url": "https://www.woolworths.com.au/shop/productdetails/271192/mcobeauty-perfect-pout-lip-liner-cheeky-chat",
    "name": "MCoBeauty Perfect Pout Lip Liner Cheeky Chat 1.2g",
    "image_url": "https://cdn1.woolworths.media/content/wowproductimages/large/271192.jpg",
    "source_id": "Woolworths - 271192",
    "barcode": "9331880021948",
    "category_id": "1_894D0A8",
    "shop": "Woolworths",
    "weight": "10G",
    "prices": [
      {
        "state": "NSW",
        "price": "1400",
        "price_per_unit": "11667",
        "price_unit": "G"
      },
      {
        "state": "VIC",
        "price": "1400",
        "price_per_unit": "11667",
        "price_unit": "G"
      },
      {
        "state": "QLD",
        "price": "1400",
        "price_per_unit": "11667",
        "price_unit": "G"
      },
      {
        "state": "WA",
        "price": "1400",
        "price_per_unit": "11667",
        "price_unit": "G"
      },
      {
        "state": "SA",
        "price": "1400",
        "price_per_unit": "11667",
        "price_unit": "G"
      },
      {
        "state": "TAS",
        "price": "1400",
        "price_per_unit": "11667",
        "price_unit": "G"
      },
      {
        "state": "ACT",
        "price": "1400",
        "price_per_unit": "11667",
        "price_unit": "G"
      },
      {
        "state": "NT",
        "price": "1400",
        "price_per_unit": "11667",
        "price_unit": "G"
      }
    ]
  },
  {
    "source_url": "https://www.woolworths.com.au/shop/productdetails/394636/mcobeauty-perfect-pout-lip-liner-rose-saturn",
    "name": "MCoBeauty Perfect Pout Lip Liner Rose Saturn 1.2g",
    "image_url": "https://cdn1.woolworths.media/content/wowproductimages/large/394636.jpg",
    "source_id": "Woolworths - 394636",
    "barcode": "9331880023720",
    "category_id": "1_894D0A8",
    "shop": "Woolworths",
    "weight": "10G",
    "prices": [
      {
        "state": "NSW",
        "price": "1400",
        "price_per_unit": "11667",
        "price_unit": "G"
      },
      {
        "state": "SA",
        "price": "1400",
        "price_per_unit": "11667",
        "price_unit": "G"
      },
      {
        "state": "ACT",
        "price": "1400",
        "price_per_unit": "11667",
        "price_unit": "G"
      }
    ]
  },
  {
    "source_url": "https://www.woolworths.com.au/shop/productdetails/177596/mcobeauty-pout-gloss-ultra-shine-lip-gloss-clear",
    "name": "MCoBeauty Pout Gloss Ultra Shine Lip Gloss Clear 6mL",
    "image_url": "https://cdn1.woolworths.media/content/wowproductimages/large/177596.jpg",
    "source_id": "Woolworths - 177596",
    "barcode": "9331880014599",
    "category_id": "1_894D0A8",
    "shop": "Woolworths",
    "weight": "10ML",
    "prices": [
      {
        "state": "NSW",
        "price": "1400",
        "price_per_unit": "2333",
        "price_unit": "ML"
      },
      {
        "state": "WA",
        "price": "1400",
        "price_per_unit": "2333",
        "price_unit": "ML"
      },
      {
        "state": "SA",
        "price": "1400",
        "price_per_unit": "2333",
        "price_unit": "ML"
      },
      {
        "state": "TAS",
        "price": "1400",
        "price_per_unit": "2333",
        "price_unit": "ML"
      },
      {
        "state": "ACT",
        "price": "1400",
        "price_per_unit": "2333",
        "price_unit": "ML"
      }
    ]
  },
  {
    "source_url": "https://www.woolworths.com.au/shop/productdetails/178482/mcobeauty-pout-gloss-ultra-shine-lip-gloss-fairy-floss",
    "name": "MCoBeauty Pout Gloss Ultra Shine Lip Gloss Fairy Floss 6mL",
    "image_url": "https://cdn1.woolworths.media/content/wowproductimages/large/178482.jpg",
    "source_id": "Woolworths - 178482",
    "barcode": "9331880014605",
    "category_id": "1_894D0A8",
    "shop": "Woolworths",
    "weight": "10ML",
    "prices": [
      {
        "state": "NSW",
        "price": "1400",
        "price_per_unit": "2333",
        "price_unit": "ML"
      },
      {
        "state": "WA",
        "price": "1400",
        "price_per_unit": "2333",
        "price_unit": "ML"
      },
      {
        "state": "SA",
        "price": "1400",
        "price_per_unit": "2333",
        "price_unit": "ML"
      },
      {
        "state": "TAS",
        "price": "1400",
        "price_per_unit": "2333",
        "price_unit": "ML"
      },
      {
        "state": "ACT",
        "price": "1400",
        "price_per_unit": "2333",
        "price_unit": "ML"
      },
      {
        "state": "NT",
        "price": "1200",
        "price_per_unit": "2000",
        "price_unit": "ML"
      }
    ]
  },
  {
    "source_url": "https://www.woolworths.com.au/shop/productdetails/277077/mcobeauty-sheer-tint-lip-balm-bella-vita",
    "name": "MCoBeauty Sheer Tint Lip Balm Bella Vita Each",
    "image_url": "https://cdn1.woolworths.media/content/wowproductimages/large/277077.jpg",
    "source_id": "Woolworths - 277077",
    "barcode": "9331880022099",
    "category_id": "1_894D0A8",
    "shop": "Woolworths",
    "weight": "10G",
    "prices": [
      {
        "state": "NSW",
        "price": "2200",
        "price_per_unit": "7333",
        "price_unit": "G"
      },
      {
        "state": "SA",
        "price": "2200",
        "price_per_unit": "7333",
        "price_unit": "G"
      },
      {
        "state": "ACT",
        "price": "2200",
        "price_per_unit": "7333",
        "price_unit": "G"
      }
    ]
  },
  {
    "source_url": "https://www.woolworths.com.au/shop/productdetails/277073/mcobeauty-sheer-tint-lip-balm-passion",
    "name": "MCoBeauty Sheer Tint Lip Balm Passion Each",
    "image_url": "https://cdn1.woolworths.media/content/wowproductimages/large/277073.jpg",
    "source_id": "Woolworths - 277073",
    "barcode": "9331880022075",
    "category_id": "1_894D0A8",
    "shop": "Woolworths",
    "weight": "10G",
    "prices": [
      {
        "state": "NSW",
        "price": "2200",
        "price_per_unit": "7333",
        "price_unit": "G"
      },
      {
        "state": "SA",
        "price": "2200",
        "price_per_unit": "7333",
        "price_unit": "G"
      },
      {
        "state": "ACT",
        "price": "2200",
        "price_per_unit": "7333",
        "price_unit": "G"
      }
    ]
  },
  {
    "source_url": "https://www.woolworths.com.au/shop/productdetails/902872/mcobeauty-shimmer-lip-plump-4-in-1-hydrating-lacquer-dusty-rose",
    "name": "MCoBeauty Shimmer Lip Plump 4 In 1 Hydrating Lacquer Dusty Rose each",
    "image_url": "https://cdn1.woolworths.media/content/wowproductimages/large/902872.jpg",
    "source_id": "Woolworths - 902872",
    "barcode": "9331880031855",
    "category_id": "1_894D0A8",
    "shop": "Woolworths",
    "weight": "1EA",
    "prices": [
      {
        "state": "NSW",
        "price": "1800",
        "price_per_unit": "1800",
        "price_unit": "EA"
      },
      {
        "state": "WA",
        "price": "1800",
        "price_per_unit": "1800",
        "price_unit": "EA"
      },
      {
        "state": "SA",
        "price": "1800",
        "price_per_unit": "1800",
        "price_unit": "EA"
      },
      {
        "state": "TAS",
        "price": "1800",
        "price_per_unit": "1800",
        "price_unit": "EA"
      },
      {
        "state": "ACT",
        "price": "1800",
        "price_per_unit": "1800",
        "price_unit": "EA"
      },
      {
        "state": "NT",
        "price": "1800",
        "price_per_unit": "1800",
        "price_unit": "EA"
      }
    ]
  },
  {
    "source_url": "https://www.woolworths.com.au/shop/productdetails/902871/mcobeauty-shimmer-lip-plump-4-in-1-hydrating-lacquer-soft-peach",
    "name": "MCoBeauty Shimmer Lip Plump 4 In 1 Hydrating Lacquer Soft Peach each",
    "image_url": "https://cdn1.woolworths.media/content/wowproductimages/large/902871.jpg",
    "source_id": "Woolworths - 902871",
    "barcode": "9331880031848",
    "category_id": "1_894D0A8",
    "shop": "Woolworths",
    "weight": "1EA",
    "prices": [
      {
        "state": "NSW",
        "price": "1800",
        "price_per_unit": "1800",
        "price_unit": "EA"
      },
      {
        "state": "SA",
        "price": "1800",
        "price_per_unit": "1800",
        "price_unit": "EA"
      },
      {
        "state": "ACT",
        "price": "1800",
        "price_per_unit": "1800",
        "price_unit": "EA"
      }
    ]
  },
  {
    "source_url": "https://www.woolworths.com.au/shop/productdetails/63896/mcobeauty-sophie-monk-pout-gloss-tickle-striptease-shade-",
    "name": "MCoBeauty Sophie Monk Pout Gloss Tickle (Striptease Shade) 6ml",
    "image_url": "https://cdn1.woolworths.media/content/wowproductimages/large/063896.jpg",
    "source_id": "Woolworths - 63896",
    "barcode": "9331880009465",
    "category_id": "1_894D0A8",
    "shop": "Woolworths",
    "weight": "10ML",
    "prices": [
      {
        "state": "NSW",
        "price": "1400",
        "price_per_unit": "2333",
        "price_unit": "ML"
      },
      {
        "state": "WA",
        "price": "1400",
        "price_per_unit": "2333",
        "price_unit": "ML"
      },
      {
        "state": "SA",
        "price": "1400",
        "price_per_unit": "2333",
        "price_unit": "ML"
      },
      {
        "state": "TAS",
        "price": "1400",
        "price_per_unit": "2333",
        "price_unit": "ML"
      },
      {
        "state": "ACT",
        "price": "1400",
        "price_per_unit": "2333",
        "price_unit": "ML"
      },
      {
        "state": "NT",
        "price": "1200",
        "price_per_unit": "2000",
        "price_unit": "ML"
      }
    ]
  },
  {
    "source_url": "https://www.woolworths.com.au/shop/productdetails/899882/mcobeauty-summer-daze-tinted-lip-oil-date-night",
    "name": "MCoBeauty Summer Daze Tinted Lip Oil Date Night 5.2mL",
    "image_url": "https://cdn1.woolworths.media/content/wowproductimages/large/899882.jpg",
    "source_id": "Woolworths - 899882",
    "barcode": "9331880031749",
    "category_id": "1_894D0A8",
    "shop": "Woolworths",
    "weight": "10ML",
    "prices": [
      {
        "state": "NSW",
        "price": "1800",
        "price_per_unit": "3462",
        "price_unit": "ML"
      },
      {
        "state": "SA",
        "price": "1800",
        "price_per_unit": "3462",
        "price_unit": "ML"
      },
      {
        "state": "ACT",
        "price": "1800",
        "price_per_unit": "3462",
        "price_unit": "ML"
      }
    ]
  },
  {
    "source_url": "https://www.woolworths.com.au/shop/productdetails/898973/mcobeauty-summer-daze-tinted-lip-oil-keep-dreaming",
    "name": "MCoBeauty Summer Daze Tinted Lip Oil Keep Dreaming 5.2mL",
    "image_url": "https://cdn1.woolworths.media/content/wowproductimages/large/898973.jpg",
    "source_id": "Woolworths - 898973",
    "barcode": "9331880031718",
    "category_id": "1_894D0A8",
    "shop": "Woolworths",
    "weight": "10ML",
    "prices": [
      {
        "state": "NSW",
        "price": "1800",
        "price_per_unit": "3462",
        "price_unit": "ML"
      },
      {
        "state": "SA",
        "price": "1800",
        "price_per_unit": "3462",
        "price_unit": "ML"
      },
      {
        "state": "ACT",
        "price": "1800",
        "price_per_unit": "3462",
        "price_unit": "ML"
      }
    ]
  },
  {
    "source_url": "https://www.woolworths.com.au/shop/productdetails/899862/mcobeauty-summer-daze-tinted-lip-oil-made-you-blush",
    "name": "MCoBeauty Summer Daze Tinted Lip Oil Made You Blush 5.2mL",
    "image_url": "https://cdn1.woolworths.media/content/wowproductimages/large/899862.jpg",
    "source_id": "Woolworths - 899862",
    "barcode": "9331880031732",
    "category_id": "1_894D0A8",
    "shop": "Woolworths",
    "weight": "10ML",
    "prices": [
      {
        "state": "NSW",
        "price": "1800",
        "price_per_unit": "3462",
        "price_unit": "ML"
      },
      {
        "state": "SA",
        "price": "1800",
        "price_per_unit": "3462",
        "price_unit": "ML"
      },
      {
        "state": "ACT",
        "price": "1800",
        "price_per_unit": "3462",
        "price_unit": "ML"
      }
    ]
  },
  {
    "source_url": "https://www.woolworths.com.au/shop/productdetails/899812/mcobeauty-summer-daze-tinted-lip-oil-mauve-muse",
    "name": "MCoBeauty Summer Daze Tinted Lip Oil Mauve Muse 5.2mL",
    "image_url": "https://cdn1.woolworths.media/content/wowproductimages/large/899812.jpg",
    "source_id": "Woolworths - 899812",
    "barcode": "9331880031725",
    "category_id": "1_894D0A8",
    "shop": "Woolworths",
    "weight": "10ML",
    "prices": [
      {
        "state": "NSW",
        "price": "1800",
        "price_per_unit": "3462",
        "price_unit": "ML"
      },
      {
        "state": "SA",
        "price": "1800",
        "price_per_unit": "3462",
        "price_unit": "ML"
      },
      {
        "state": "ACT",
        "price": "1800",
        "price_per_unit": "3462",
        "price_unit": "ML"
      }
    ]
  },
  {
    "source_url": "https://www.woolworths.com.au/shop/productdetails/669209/revlon-colorstay-lipliner-nude",
    "name": "Revlon Colorstay Lipliner Nude 0.28g",
    "image_url": "https://cdn1.woolworths.media/content/wowproductimages/large/669209.jpg",
    "source_id": "Woolworths - 669209",
    "barcode": "29370700301352",
    "category_id": "1_894D0A8",
    "shop": "Woolworths",
    "weight": "10G",
    "prices": [
      {
        "state": "NSW",
        "price": "1750",
        "price_per_unit": "62500",
        "price_unit": "G"
      },
      {
        "state": "VIC",
        "price": "1750",
        "price_per_unit": "62500",
        "price_unit": "G"
      },
      {
        "state": "QLD",
        "price": "1750",
        "price_per_unit": "62500",
        "price_unit": "G"
      },
      {
        "state": "WA",
        "price": "1750",
        "price_per_unit": "62500",
        "price_unit": "G"
      },
      {
        "state": "SA",
        "price": "1750",
        "price_per_unit": "62500",
        "price_unit": "G"
      },
      {
        "state": "TAS",
        "price": "1750",
        "price_per_unit": "62500",
        "price_unit": "G"
      },
      {
        "state": "ACT",
        "price": "1750",
        "price_per_unit": "62500",
        "price_unit": "G"
      },
      {
        "state": "NT",
        "price": "1750",
        "price_per_unit": "62500",
        "price_unit": "G"
      }
    ]
  },
  {
    "source_url": "https://www.woolworths.com.au/shop/productdetails/669965/revlon-colorstay-overtime-lipcolor-bare-maximum-lipstick",
    "name": "Revlon Colorstay Overtime Lipcolor Bare Maximum Lipstick 2.0ml",
    "image_url": "https://cdn1.woolworths.media/content/wowproductimages/large/669965.jpg",
    "source_id": "Woolworths - 669965",
    "barcode": "9370700293462",
    "category_id": "1_894D0A8",
    "shop": "Woolworths",
    "weight": "10ML",
    "prices": [
      {
        "state": "NSW",
        "price": "2240",
        "price_per_unit": "11200",
        "price_unit": "ML"
      },
      {
        "state": "VIC",
        "price": "2240",
        "price_per_unit": "11200",
        "price_unit": "ML"
      },
      {
        "state": "QLD",
        "price": "2240",
        "price_per_unit": "11200",
        "price_unit": "ML"
      },
      {
        "state": "WA",
        "price": "2240",
        "price_per_unit": "11200",
        "price_unit": "ML"
      },
      {
        "state": "SA",
        "price": "2240",
        "price_per_unit": "11200",
        "price_unit": "ML"
      },
      {
        "state": "TAS",
        "price": "2240",
        "price_per_unit": "11200",
        "price_unit": "ML"
      },
      {
        "state": "ACT",
        "price": "2240",
        "price_per_unit": "11200",
        "price_unit": "ML"
      },
      {
        "state": "NT",
        "price": "2240",
        "price_per_unit": "11200",
        "price_unit": "ML"
      }
    ]
  },
  {
    "source_url": "https://www.woolworths.com.au/shop/productdetails/669963/revlon-colorstay-overtime-lipcolor-endless-spice-lipstick",
    "name": "Revlon Colorstay Overtime Lipcolor Endless Spice Lipstick 2.0ml",
    "image_url": "https://cdn1.woolworths.media/content/wowproductimages/large/669963.jpg",
    "source_id": "Woolworths - 669963",
    "barcode": "9370700293424",
    "category_id": "1_894D0A8",
    "shop": "Woolworths",
    "weight": "10ML",
    "prices": [
      {
        "state": "NSW",
        "price": "2240",
        "price_per_unit": "11200",
        "price_unit": "ML"
      },
      {
        "state": "VIC",
        "price": "2240",
        "price_per_unit": "11200",
        "price_unit": "ML"
      },
      {
        "state": "QLD",
        "price": "2240",
        "price_per_unit": "11200",
        "price_unit": "ML"
      },
      {
        "state": "WA",
        "price": "2240",
        "price_per_unit": "11200",
        "price_unit": "ML"
      },
      {
        "state": "SA",
        "price": "2240",
        "price_per_unit": "11200",
        "price_unit": "ML"
      },
      {
        "state": "TAS",
        "price": "2240",
        "price_per_unit": "11200",
        "price_unit": "ML"
      },
      {
        "state": "ACT",
        "price": "2240",
        "price_per_unit": "11200",
        "price_unit": "ML"
      },
      {
        "state": "NT",
        "price": "2240",
        "price_per_unit": "11200",
        "price_unit": "ML"
      }
    ]
  },
  {
    "source_url": "https://www.woolworths.com.au/shop/productdetails/669971/revlon-colorstay-overtime-lipcolor-infinite-raspberry-lipstick",
    "name": "Revlon Colorstay Overtime Lipcolor Infinite Raspberry Lipstick 2.0ml",
    "image_url": "https://cdn1.woolworths.media/content/wowproductimages/large/669971.jpg",
    "source_id": "Woolworths - 669971",
    "barcode": "9370700293547",
    "category_id": "1_894D0A8",
    "shop": "Woolworths",
    "weight": "10ML",
    "prices": [
      {
        "state": "NSW",
        "price": "2240",
        "price_per_unit": "11200",
        "price_unit": "ML"
      },
      {
        "state": "VIC",
        "price": "2240",
        "price_per_unit": "11200",
        "price_unit": "ML"
      },
      {
        "state": "QLD",
        "price": "2240",
        "price_per_unit": "11200",
        "price_unit": "ML"
      },
      {
        "state": "WA",
        "price": "2240",
        "price_per_unit": "11200",
        "price_unit": "ML"
      },
      {
        "state": "SA",
        "price": "2240",
        "price_per_unit": "11200",
        "price_unit": "ML"
      },
      {
        "state": "TAS",
        "price": "2240",
        "price_per_unit": "11200",
        "price_unit": "ML"
      },
      {
        "state": "ACT",
        "price": "2240",
        "price_per_unit": "11200",
        "price_unit": "ML"
      },
      {
        "state": "NT",
        "price": "2240",
        "price_per_unit": "11200",
        "price_unit": "ML"
      }
    ]
  },
  {
    "source_url": "https://www.woolworths.com.au/shop/productdetails/548420/revlon-kiss-lip-balm-fresh-strawberry",
    "name": "Revlon Kiss Lip Balm Fresh Strawberry 2.6g",
    "image_url": "https://cdn1.woolworths.media/content/wowproductimages/large/548420.jpg",
    "source_id": "Woolworths - 548420",
    "barcode": "309971879203",
    "category_id": "1_894D0A8",
    "shop": "Woolworths",
    "weight": "10G",
    "prices": [
      {
        "state": "NSW",
        "price": "630",
        "price_per_unit": "2423",
        "price_unit": "G"
      },
      {
        "state": "WA",
        "price": "630",
        "price_per_unit": "2423",
        "price_unit": "G"
      },
      {
        "state": "SA",
        "price": "630",
        "price_per_unit": "2423",
        "price_unit": "G"
      },
      {
        "state": "ACT",
        "price": "630",
        "price_per_unit": "2423",
        "price_unit": "G"
      }
    ]
  },
  {
    "source_url": "https://www.woolworths.com.au/shop/productdetails/815311/revlon-super-lustrous-lipstick-blushed",
    "name": "Revlon Super Lustrous Lipstick Blushed Each",
    "image_url": "https://cdn1.woolworths.media/content/wowproductimages/large/815311.jpg",
    "source_id": "Woolworths - 815311",
    "barcode": "9370700003283",
    "category_id": "1_894D0A8",
    "shop": "Woolworths",
    "weight": "10G",
    "prices": [
      {
        "state": "NSW",
        "price": "1960",
        "price_per_unit": "4667",
        "price_unit": "G"
      },
      {
        "state": "WA",
        "price": "1960",
        "price_per_unit": "4667",
        "price_unit": "G"
      },
      {
        "state": "SA",
        "price": "1960",
        "price_per_unit": "4667",
        "price_unit": "G"
      },
      {
        "state": "ACT",
        "price": "1960",
        "price_per_unit": "4667",
        "price_unit": "G"
      }
    ]
  },
  {
    "source_url": "https://www.woolworths.com.au/shop/productdetails/815303/revlon-super-lustrous-lipstick-rum-raisin",
    "name": "Revlon Super Lustrous Lipstick Rum Raisin Each",
    "image_url": "https://cdn1.woolworths.media/content/wowproductimages/large/815303.jpg",
    "source_id": "Woolworths - 815303",
    "barcode": "9370700003641",
    "category_id": "1_894D0A8",
    "shop": "Woolworths",
    "weight": "10G",
    "prices": [
      {
        "state": "NSW",
        "price": "1960",
        "price_per_unit": "4667",
        "price_unit": "G"
      },
      {
        "state": "WA",
        "price": "1960",
        "price_per_unit": "4667",
        "price_unit": "G"
      },
      {
        "state": "SA",
        "price": "1960",
        "price_per_unit": "4667",
        "price_unit": "G"
      },
      {
        "state": "ACT",
        "price": "1960",
        "price_per_unit": "4667",
        "price_unit": "G"
      }
    ]
  },
  {
    "source_url": "https://www.woolworths.com.au/shop/productdetails/815310/revlon-super-lustrous-lipstick-smokey-rose",
    "name": "Revlon Super Lustrous Lipstick Smokey Rose Each",
    "image_url": "https://cdn1.woolworths.media/content/wowproductimages/large/815310.jpg",
    "source_id": "Woolworths - 815310",
    "barcode": "9370700003276",
    "category_id": "1_894D0A8",
    "shop": "Woolworths",
    "weight": "10G",
    "prices": [
      {
        "state": "NSW",
        "price": "1960",
        "price_per_unit": "4667",
        "price_unit": "G"
      },
      {
        "state": "WA",
        "price": "1960",
        "price_per_unit": "4667",
        "price_unit": "G"
      },
      {
        "state": "SA",
        "price": "1960",
        "price_per_unit": "4667",
        "price_unit": "G"
      },
      {
        "state": "ACT",
        "price": "1960",
        "price_per_unit": "4667",
        "price_unit": "G"
      }
    ]
  },
  {
    "source_url": "https://www.woolworths.com.au/shop/productdetails/815298/revlon-super-lustrous-lipstick-soft-silver-rose",
    "name": "Revlon Super Lustrous Lipstick Soft Silver Rose Each",
    "image_url": "https://cdn1.woolworths.media/content/wowproductimages/large/815298.jpg",
    "source_id": "Woolworths - 815298",
    "barcode": "9370700003269",
    "category_id": "1_894D0A8",
    "shop": "Woolworths",
    "weight": "10G",
    "prices": [
      {
        "state": "NSW",
        "price": "1960",
        "price_per_unit": "4667",
        "price_unit": "G"
      },
      {
        "state": "WA",
        "price": "1960",
        "price_per_unit": "4667",
        "price_unit": "G"
      },
      {
        "state": "SA",
        "price": "1960",
        "price_per_unit": "4667",
        "price_unit": "G"
      },
      {
        "state": "ACT",
        "price": "1960",
        "price_per_unit": "4667",
        "price_unit": "G"
      }
    ]
  },
  {
    "source_url": "https://www.woolworths.com.au/shop/productdetails/815304/revlon-super-lustrous-lipstick-wine-everything",
    "name": "Revlon Super Lustrous Lipstick Wine Everything Each",
    "image_url": "https://cdn1.woolworths.media/content/wowproductimages/large/815304.jpg",
    "source_id": "Woolworths - 815304",
    "barcode": "9370700003252",
    "category_id": "1_894D0A8",
    "shop": "Woolworths",
    "weight": "10G",
    "prices": [
      {
        "state": "NSW",
        "price": "1960",
        "price_per_unit": "4667",
        "price_unit": "G"
      },
      {
        "state": "WA",
        "price": "1960",
        "price_per_unit": "4667",
        "price_unit": "G"
      },
      {
        "state": "SA",
        "price": "1960",
        "price_per_unit": "4667",
        "price_unit": "G"
      },
      {
        "state": "ACT",
        "price": "1960",
        "price_per_unit": "4667",
        "price_unit": "G"
      }
    ]
  },
  {
    "source_url": "https://www.woolworths.com.au/shop/productdetails/245566/revlon-super-lustrous-the-gloss",
    "name": "Revlon Super Lustrous The Gloss 3.8ml",
    "image_url": "https://cdn1.woolworths.media/content/wowproductimages/large/245566.jpg",
    "source_id": "Woolworths - 245566",
    "barcode": "9370700030128",
    "category_id": "1_894D0A8",
    "shop": "Woolworths",
    "weight": "10ML",
    "prices": [
      {
        "state": "NSW",
        "price": "1820",
        "price_per_unit": "4789",
        "price_unit": "ML"
      },
      {
        "state": "WA",
        "price": "1820",
        "price_per_unit": "4789",
        "price_unit": "ML"
      },
      {
        "state": "SA",
        "price": "1820",
        "price_per_unit": "4789",
        "price_unit": "ML"
      },
      {
        "state": "ACT",
        "price": "1820",
        "price_per_unit": "4789",
        "price_unit": "ML"
      }
    ]
  },
  {
    "source_url": "https://www.woolworths.com.au/shop/productdetails/63796/rimmel-london-oh-my-gloss-lip-oil-001-pink-flush",
    "name": "Rimmel London Oh My Gloss Lip Oil 001 Pink Flush 6.5mL",
    "image_url": "https://cdn1.woolworths.media/content/wowproductimages/large/063796.jpg",
    "source_id": "Woolworths - 63796",
    "barcode": "3616306821644",
    "category_id": "1_894D0A8",
    "shop": "Woolworths",
    "weight": "10ML",
    "prices": [
      {
        "state": "NSW",
        "price": "2400",
        "price_per_unit": "3692",
        "price_unit": "ML"
      },
      {
        "state": "VIC",
        "price": "2400",
        "price_per_unit": "3692",
        "price_unit": "ML"
      },
      {
        "state": "QLD",
        "price": "2400",
        "price_per_unit": "3692",
        "price_unit": "ML"
      },
      {
        "state": "WA",
        "price": "2400",
        "price_per_unit": "3692",
        "price_unit": "ML"
      },
      {
        "state": "SA",
        "price": "2400",
        "price_per_unit": "3692",
        "price_unit": "ML"
      },
      {
        "state": "TAS",
        "price": "2400",
        "price_per_unit": "3692",
        "price_unit": "ML"
      },
      {
        "state": "ACT",
        "price": "2400",
        "price_per_unit": "3692",
        "price_unit": "ML"
      },
      {
        "state": "NT",
        "price": "2400",
        "price_per_unit": "3692",
        "price_unit": "ML"
      }
    ]
  },
  {
    "source_url": "https://www.woolworths.com.au/shop/productdetails/59813/mcobeauty-golden-glow-lip-oil-watermelon-shimmer",
    "name": "MCoBeauty Golden Glow Lip Oil Watermelon Shimmer each",
    "image_url": "https://cdn1.woolworths.media/content/wowproductimages/large/059813.jpg",
    "source_id": "Woolworths - 59813",
    "barcode": "9331880036294",
    "category_id": "1_894D0A8",
    "shop": "Woolworths",
    "weight": "1EA",
    "prices": [
      {
        "state": "VIC",
        "price": "1600",
        "price_per_unit": "1600",
        "price_unit": "EA"
      },
      {
        "state": "QLD",
        "price": "1600",
        "price_per_unit": "1600",
        "price_unit": "EA"
      },
      {
        "state": "WA",
        "price": "1600",
        "price_per_unit": "1600",
        "price_unit": "EA"
      },
      {
        "state": "SA",
        "price": "1600",
        "price_per_unit": "1600",
        "price_unit": "EA"
      },
      {
        "state": "TAS",
        "price": "1600",
        "price_per_unit": "1600",
        "price_unit": "EA"
      },
      {
        "state": "ACT",
        "price": "1600",
        "price_per_unit": "1600",
        "price_unit": "EA"
      },
      {
        "state": "NT",
        "price": "1600",
        "price_per_unit": "1600",
        "price_unit": "EA"
      }
    ]
  },
  {
    "source_url": "https://www.woolworths.com.au/shop/productdetails/669208/revlon-colorstay-lipliner-blush",
    "name": "Revlon Colorstay Lipliner Blush 0.28g",
    "image_url": "https://cdn1.woolworths.media/content/wowproductimages/large/669208.jpg",
    "source_id": "Woolworths - 669208",
    "barcode": "29370700301369",
    "category_id": "1_894D0A8",
    "shop": "Woolworths",
    "weight": "10G",
    "prices": [
      {
        "state": "VIC",
        "price": "1750",
        "price_per_unit": "62500",
        "price_unit": "G"
      },
      {
        "state": "QLD",
        "price": "1750",
        "price_per_unit": "62500",
        "price_unit": "G"
      },
      {
        "state": "WA",
        "price": "1750",
        "price_per_unit": "62500",
        "price_unit": "G"
      },
      {
        "state": "SA",
        "price": "1750",
        "price_per_unit": "62500",
        "price_unit": "G"
      },
      {
        "state": "TAS",
        "price": "1750",
        "price_per_unit": "62500",
        "price_unit": "G"
      },
      {
        "state": "ACT",
        "price": "1750",
        "price_per_unit": "62500",
        "price_unit": "G"
      },
      {
        "state": "NT",
        "price": "1750",
        "price_per_unit": "62500",
        "price_unit": "G"
      }
    ]
  },
  {
    "source_url": "https://www.woolworths.com.au/shop/productdetails/675771/revlon-colorstay-lipliner-mauve-lipliner-mauve",
    "name": "Revlon Colorstay Lipliner Mauve Lipliner Mauve 0.28g",
    "image_url": "https://cdn1.woolworths.media/content/wowproductimages/large/675771.jpg",
    "source_id": "Woolworths - 675771",
    "barcode": "309974172196",
    "category_id": "1_894D0A8",
    "shop": "Woolworths",
    "weight": "1EA",
    "prices": [
      {
        "state": "VIC",
        "price": "1750",
        "price_per_unit": "1750",
        "price_unit": "EA"
      },
      {
        "state": "QLD",
        "price": "1750",
        "price_per_unit": "1750",
        "price_unit": "EA"
      },
      {
        "state": "WA",
        "price": "1750",
        "price_per_unit": "1750",
        "price_unit": "EA"
      },
      {
        "state": "SA",
        "price": "1750",
        "price_per_unit": "1750",
        "price_unit": "EA"
      },
      {
        "state": "TAS",
        "price": "1750",
        "price_per_unit": "1750",
        "price_unit": "EA"
      },
      {
        "state": "ACT",
        "price": "1750",
        "price_per_unit": "1750",
        "price_unit": "EA"
      },
      {
        "state": "NT",
        "price": "1750",
        "price_per_unit": "1750",
        "price_unit": "EA"
      }
    ]
  },
  {
    "source_url": "https://www.woolworths.com.au/shop/productdetails/393602/revlon-super-lustrous-lip-gloss-super-natural",
    "name": "Revlon Super Lustrous Lip Gloss Super Natural 3.8ml",
    "image_url": "https://cdn1.woolworths.media/content/wowproductimages/large/393602.jpg",
    "source_id": "Woolworths - 393602",
    "barcode": "9370700011677",
    "category_id": "1_894D0A8",
    "shop": "Woolworths",
    "weight": "10ML",
    "prices": [
      {
        "state": "VIC",
        "price": "1820",
        "price_per_unit": "4789",
        "price_unit": "ML"
      },
      {
        "state": "QLD",
        "price": "1820",
        "price_per_unit": "4789",
        "price_unit": "ML"
      },
      {
        "state": "WA",
        "price": "1820",
        "price_per_unit": "4789",
        "price_unit": "ML"
      },
      {
        "state": "TAS",
        "price": "1820",
        "price_per_unit": "4789",
        "price_unit": "ML"
      },
      {
        "state": "NT",
        "price": "1820",
        "price_per_unit": "4789",
        "price_unit": "ML"
      }
    ]
  },
  {
    "source_url": "https://www.woolworths.com.au/shop/productdetails/972248/rimmel-london-oh-my-gloss-lip-oil-clear-cloud-000",
    "name": "Rimmel London Oh My Gloss Lip Oil Clear Cloud 000 each",
    "image_url": "https://cdn1.woolworths.media/content/wowproductimages/large/972248.jpg",
    "source_id": "Woolworths - 972248",
    "barcode": "3616306821637",
    "category_id": "1_894D0A8",
    "shop": "Woolworths",
    "weight": "10ML",
    "prices": [
      {
        "state": "VIC",
        "price": "2400",
        "price_per_unit": "5333",
        "price_unit": "ML"
      },
      {
        "state": "QLD",
        "price": "2400",
        "price_per_unit": "5333",
        "price_unit": "ML"
      },
      {
        "state": "SA",
        "price": "2400",
        "price_per_unit": "5333",
        "price_unit": "ML"
      },
      {
        "state": "TAS",
        "price": "2400",
        "price_per_unit": "5333",
        "price_unit": "ML"
      },
      {
        "state": "ACT",
        "price": "2400",
        "price_per_unit": "5333",
        "price_unit": "ML"
      },
      {
        "state": "NT",
        "price": "2400",
        "price_per_unit": "5333",
        "price_unit": "ML"
      }
    ]
  },
  {
    "source_url": "https://www.woolworths.com.au/shop/productdetails/104296/maybelline-superstay-vinyl-ink-lipstick-coy",
    "name": "Maybelline Superstay Vinyl Ink Lipstick Coy each",
    "image_url": "https://cdn1.woolworths.media/content/wowproductimages/large/104296.jpg",
    "source_id": "Woolworths - 104296",
    "barcode": "9344329261447",
    "category_id": "1_894D0A8",
    "shop": "Woolworths",
    "weight": "10ML",
    "prices": [
      {
        "state": "SA",
        "price": "2700",
        "price_per_unit": "6429",
        "price_unit": "ML"
      },
      {
        "state": "ACT",
        "price": "2700",
        "price_per_unit": "6429",
        "price_unit": "ML"
      }
    ]
  },
  {
    "source_url": "https://www.woolworths.com.au/shop/productdetails/394859/maybelline-superstay-vinyl-ink-peachy",
    "name": "Maybelline Superstay Vinyl Ink Peachy Each",
    "image_url": "https://cdn1.woolworths.media/content/wowproductimages/large/394859.jpg",
    "source_id": "Woolworths - 394859",
    "barcode": "9344329254852",
    "category_id": "1_894D0A8",
    "shop": "Woolworths",
    "weight": "10ML",
    "prices": [
      {
        "state": "TAS",
        "price": "2700",
        "price_per_unit": "6429",
        "price_unit": "ML"
      }
    ]
  },
  {
    "source_url": "https://www.woolworths.com.au/shop/productdetails/500878/mcobeauty-butter-lip-balm-rose",
    "name": "MCoBeauty Butter Lip Balm Rose 15g",
    "image_url": "https://cdn1.woolworths.media/content/wowproductimages/large/500878.jpg",
    "source_id": "Woolworths - 500878",
    "barcode": "9331880028220",
    "category_id": "1_894D0A8",
    "shop": "Woolworths",
    "weight": "10G",
    "prices": [
      {
        "state": "ACT",
        "price": "1600",
        "price_per_unit": "1067",
        "price_unit": "G"
      }
    ]
  },
  {
    "source_url": "https://www.woolworths.com.au/shop/productdetails/78087/mcobeauty-cheek-lip-tint-tango",
    "name": "MCoBeauty Cheek & Lip Tint Tango Each",
    "image_url": "https://cdn1.woolworths.media/content/wowproductimages/large/078087.jpg",
    "source_id": "Woolworths - 78087",
    "barcode": "9331880010225",
    "category_id": "1_894D0A8",
    "shop": "Woolworths",
    "weight": "10ML",
    "prices": [
      {
        "state": "ACT",
        "price": "1400",
        "price_per_unit": "41176",
        "price_unit": "ML"
      }
    ]
  },
  {
    "source_url": "https://www.woolworths.com.au/shop/productdetails/500626/mcobeauty-dream-lip-tint-hydrating-gel-nude-peach",
    "name": "MCoBeauty Dream Lip Tint Hydrating Gel Nude Peach 3mL",
    "image_url": "https://cdn1.woolworths.media/content/wowproductimages/large/500626.jpg",
    "source_id": "Woolworths - 500626",
    "barcode": "9331880027988",
    "category_id": "1_894D0A8",
    "shop": "Woolworths",
    "weight": "10ML",
    "prices": [
      {
        "state": "ACT",
        "price": "2500",
        "price_per_unit": "8333",
        "price_unit": "ML"
      }
    ]
  },
  {
    "source_url": "https://www.woolworths.com.au/shop/productdetails/504013/mcobeauty-dream-lip-tint-hydrating-gel-soft-peach",
    "name": "MCoBeauty Dream Lip Tint Hydrating Gel Soft Peach 3mL",
    "image_url": "https://cdn1.woolworths.media/content/wowproductimages/large/504013.jpg",
    "source_id": "Woolworths - 504013",
    "barcode": "9331880027971",
    "category_id": "1_894D0A8",
    "shop": "Woolworths",
    "weight": "10ML",
    "prices": [
      {
        "state": "ACT",
        "price": "2500",
        "price_per_unit": "8333",
        "price_unit": "ML"
      }
    ]
  },
  {
    "source_url": "https://www.woolworths.com.au/shop/productdetails/506561/mcobeauty-glass-lip-gloss-coconut",
    "name": "MCoBeauty Glass Lip Gloss Coconut 10ml",
    "image_url": "https://cdn1.woolworths.media/content/wowproductimages/large/506561.jpg",
    "source_id": "Woolworths - 506561",
    "barcode": "9331880029401",
    "category_id": "1_894D0A8",
    "shop": "Woolworths",
    "weight": "10ML",
    "prices": [
      {
        "state": "ACT",
        "price": "1400",
        "price_per_unit": "1400",
        "price_unit": "ML"
      }
    ]
  },
  {
    "source_url": "https://www.woolworths.com.au/shop/productdetails/502348/mcobeauty-glass-lip-gloss-tutti-frutti",
    "name": "MCoBeauty Glass Lip Gloss Tutti Frutti 10mL",
    "image_url": "https://cdn1.woolworths.media/content/wowproductimages/large/502348.jpg",
    "source_id": "Woolworths - 502348",
    "barcode": "9331880029432",
    "category_id": "1_894D0A8",
    "shop": "Woolworths",
    "weight": "10ML",
    "prices": [
      {
        "state": "ACT",
        "price": "1400",
        "price_per_unit": "1400",
        "price_unit": "ML"
      }
    ]
  },
  {
    "source_url": "https://www.woolworths.com.au/shop/productdetails/394737/mcobeauty-lip-plump-4-in-1-hydrating-lacquer-luella",
    "name": "MCoBeauty Lip Plump 4-In-1 Hydrating Lacquer Luella 2g",
    "image_url": "https://cdn1.woolworths.media/content/wowproductimages/large/394737.jpg",
    "source_id": "Woolworths - 394737",
    "barcode": "9331880023508",
    "category_id": "1_894D0A8",
    "shop": "Woolworths",
    "weight": "10G",
    "prices": [
      {
        "state": "ACT",
        "price": "1800",
        "price_per_unit": "9000",
        "price_unit": "G"
      }
    ]
  },
  {
    "source_url": "https://www.woolworths.com.au/shop/productdetails/506565/mcobeauty-lip-pop-2-in-1-lip-gloss-balm-tutti-frutti",
    "name": "MCoBeauty Lip Pop 2-In-1 Lip Gloss Balm Tutti Frutti 1.8ml",
    "image_url": "https://cdn1.woolworths.media/content/wowproductimages/large/506565.jpg",
    "source_id": "Woolworths - 506565",
    "barcode": "9331880029470",
    "category_id": "1_894D0A8",
    "shop": "Woolworths",
    "weight": "10ML",
    "prices": [
      {
        "state": "ACT",
        "price": "2200",
        "price_per_unit": "12222",
        "price_unit": "ML"
      }
    ]
  },
  {
    "source_url": "https://www.woolworths.com.au/shop/productdetails/507604/mcobeauty-lip-pop-2-in-1-lip-gloss-balm-watermelon",
    "name": "MCoBeauty Lip Pop 2-In-1 Lip Gloss Balm Watermelon 1.8ml",
    "image_url": "https://cdn1.woolworths.media/content/wowproductimages/large/507604.jpg",
    "source_id": "Woolworths - 507604",
    "barcode": "9331880029517",
    "category_id": "1_894D0A8",
    "shop": "Woolworths",
    "weight": "10ML",
    "prices": [
      {
        "state": "ACT",
        "price": "2200",
        "price_per_unit": "12222",
        "price_unit": "ML"
      }
    ]
  },
  {
    "source_url": "https://www.woolworths.com.au/shop/productdetails/520196/mcobeauty-lip-pop-2-in-1-lip-gloss-pina-colada",
    "name": "MCoBeauty Lip Pop 2-In-1 Lip Gloss Pina Colada 1.8ml",
    "image_url": "https://cdn1.woolworths.media/content/wowproductimages/large/520196.jpg",
    "source_id": "Woolworths - 520196",
    "barcode": "9331880029487",
    "category_id": "1_894D0A8",
    "shop": "Woolworths",
    "weight": "10ML",
    "prices": [
      {
        "state": "ACT",
        "price": "2200",
        "price_per_unit": "12222",
        "price_unit": "ML"
      }
    ]
  },
  {
    "source_url": "https://www.woolworths.com.au/shop/productdetails/502346/mcobeauty-lip-shimmer-hydrating-oil-disco",
    "name": "MCoBeauty Lip Shimmer Hydrating Oil Disco 3.8mL",
    "image_url": "https://cdn1.woolworths.media/content/wowproductimages/large/502346.jpg",
    "source_id": "Woolworths - 502346",
    "barcode": "9331880028008",
    "category_id": "1_894D0A8",
    "shop": "Woolworths",
    "weight": "10ML",
    "prices": [
      {
        "state": "ACT",
        "price": "1400",
        "price_per_unit": "3684",
        "price_unit": "ML"
      }
    ]
  },
  {
    "source_url": "https://www.woolworths.com.au/shop/productdetails/504864/mcobeauty-lip-shimmer-hydrating-oil-diva",
    "name": "MCoBeauty Lip Shimmer Hydrating Oil Diva 7mL",
    "image_url": "https://cdn1.woolworths.media/content/wowproductimages/large/504864.jpg",
    "source_id": "Woolworths - 504864",
    "barcode": "9331880028022",
    "category_id": "1_894D0A8",
    "shop": "Woolworths",
    "weight": "10ML",
    "prices": [
      {
        "state": "ACT",
        "price": "1400",
        "price_per_unit": "2000",
        "price_unit": "ML"
      }
    ]
  },
  {
    "source_url": "https://www.woolworths.com.au/shop/productdetails/502347/mcobeauty-lip-shimmer-hydrating-oil-retro",
    "name": "MCoBeauty Lip Shimmer Hydrating Oil Retro 7mL",
    "image_url": "https://cdn1.woolworths.media/content/wowproductimages/large/502347.jpg",
    "source_id": "Woolworths - 502347",
    "barcode": "9331880028039",
    "category_id": "1_894D0A8",
    "shop": "Woolworths",
    "weight": "10ML",
    "prices": [
      {
        "state": "ACT",
        "price": "1400",
        "price_per_unit": "2000",
        "price_unit": "ML"
      }
    ]
  },
  {
    "source_url": "https://www.woolworths.com.au/shop/productdetails/507644/mcobeauty-luxe-lipstick-cr-me-matte-prance-proudly",
    "name": "MCoBeauty Luxe Lipstick Crème Matte Prance Proudly 3.5g",
    "image_url": "https://cdn1.woolworths.media/content/wowproductimages/large/507644.jpg",
    "source_id": "Woolworths - 507644",
    "barcode": "9331880026585",
    "category_id": "1_894D0A8",
    "shop": "Woolworths",
    "weight": "10G",
    "prices": [
      {
        "state": "ACT",
        "price": "2000",
        "price_per_unit": "5714",
        "price_unit": "G"
      }
    ]
  },
  {
    "source_url": "https://www.woolworths.com.au/shop/productdetails/176803/mcobeauty-mega-balm-all-over-ointment-coconut",
    "name": "MCoBeauty Mega Balm All Over Ointment Coconut 14g",
    "image_url": "https://cdn1.woolworths.media/content/wowproductimages/large/176803.jpg",
    "source_id": "Woolworths - 176803",
    "barcode": "9331880014612",
    "category_id": "1_894D0A8",
    "shop": "Woolworths",
    "weight": "10G",
    "prices": [
      {
        "state": "ACT",
        "price": "1200",
        "price_per_unit": "857",
        "price_unit": "G"
      }
    ]
  },
  {
    "source_url": "https://www.woolworths.com.au/shop/productdetails/390961/mcobeauty-sheer-tint-lip-balm-crystal-clear",
    "name": "MCoBeauty Sheer Tint Lip Balm Crystal Clear 3g",
    "image_url": "https://cdn1.woolworths.media/content/wowproductimages/large/390961.jpg",
    "source_id": "Woolworths - 390961",
    "barcode": "9331880023461",
    "category_id": "1_894D0A8",
    "shop": "Woolworths",
    "weight": "10G",
    "prices": [
      {
        "state": "ACT",
        "price": "2200",
        "price_per_unit": "7333",
        "price_unit": "G"
      }
    ]
  },
  {
    "source_url": "https://www.woolworths.com.au/shop/productdetails/277076/mcobeauty-sheer-tint-lip-balm-girl-boss",
    "name": "MCoBeauty Sheer Tint Lip Balm Girl Boss Each",
    "image_url": "https://cdn1.woolworths.media/content/wowproductimages/large/277076.jpg",
    "source_id": "Woolworths - 277076",
    "barcode": "9331880022082",
    "category_id": "1_894D0A8",
    "shop": "Woolworths",
    "weight": "10G",
    "prices": [
      {
        "state": "ACT",
        "price": "2200",
        "price_per_unit": "7333",
        "price_unit": "G"
      }
    ]
  }
]