[
  {
    "source_url": "https://www.woolworths.com.au/shop/productdetails/790094/baby-bellies-organic-puffs-blueberry",
    "name": "Baby Bellies Organic Puffs Blueberry 12g",
    "image_url": "https://cdn1.woolworths.media/content/wowproductimages/large/790094.jpg",
    "source_id": "Woolworths - 790094",
    "barcode": "9337824001670",
    "category_id": "1_717A94B",
    "shop": "Woolworths",
    "weight": "100G",
    "prices": [
      {
        "state": "NSW",
        "price": "185",
        "price_per_unit": "1542",
        "price_unit": "G"
      },
      {
        "state": "VIC",
        "price": "185",
        "price_per_unit": "1542",
        "price_unit": "G"
      },
      {
        "state": "QLD",
        "price": "185",
        "price_per_unit": "1542",
        "price_unit": "G"
      },
      {
        "state": "WA",
        "price": "185",
        "price_per_unit": "1542",
        "price_unit": "G"
      },
      {
        "state": "SA",
        "price": "185",
        "price_per_unit": "1542",
        "price_unit": "G"
      },
      {
        "state": "TAS",
        "price": "185",
        "price_per_unit": "1542",
        "price_unit": "G"
      },
      {
        "state": "ACT",
        "price": "185",
        "price_per_unit": "1542",
        "price_unit": "G"
      },
      {
        "state": "NT",
        "price": "185",
        "price_per_unit": "1542",
        "price_unit": "G"
      }
    ]
  },
  {
    "source_url": "https://www.woolworths.com.au/shop/productdetails/796421/bellamy-s-organic-organic-banana-apple-porridge-4-months",
    "name": "Bellamy's Organic Banana & Apple Porridge 4 Months 120g",
    "image_url": "https://cdn1.woolworths.media/content/wowproductimages/large/796421.jpg",
    "source_id": "Woolworths - 796421",
    "barcode": "9332045001225",
    "category_id": "1_717A94B",
    "shop": "Woolworths",
    "weight": "100G",
    "prices": [
      {
        "state": "NSW",
        "price": "180",
        "price_per_unit": "150",
        "price_unit": "G"
      },
      {
        "state": "WA",
        "price": "180",
        "price_per_unit": "150",
        "price_unit": "G"
      },
      {
        "state": "SA",
        "price": "180",
        "price_per_unit": "150",
        "price_unit": "G"
      },
      {
        "state": "ACT",
        "price": "180",
        "price_per_unit": "150",
        "price_unit": "G"
      },
      {
        "state": "NT",
        "price": "180",
        "price_per_unit": "150",
        "price_unit": "G"
      }
    ]
  },
  {
    "source_url": "https://www.woolworths.com.au/shop/productdetails/796215/bellamy-s-organic-organic-vanilla-pear-custard-with-chia-seeds-8-months",
    "name": "Bellamy's Organic Vanilla & Pear Custard With Chia Seeds 8 Months 120g",
    "image_url": "https://cdn1.woolworths.media/content/wowproductimages/large/796215.jpg",
    "source_id": "Woolworths - 796215",
    "barcode": "9332045001942",
    "category_id": "1_717A94B",
    "shop": "Woolworths",
    "weight": "100G",
    "prices": [
      {
        "state": "NSW",
        "price": "180",
        "price_per_unit": "150",
        "price_unit": "G"
      },
      {
        "state": "WA",
        "price": "180",
        "price_per_unit": "150",
        "price_unit": "G"
      },
      {
        "state": "SA",
        "price": "180",
        "price_per_unit": "150",
        "price_unit": "G"
      },
      {
        "state": "ACT",
        "price": "180",
        "price_per_unit": "150",
        "price_unit": "G"
      },
      {
        "state": "NT",
        "price": "180",
        "price_per_unit": "150",
        "price_unit": "G"
      }
    ]
  },
  {
    "source_url": "https://www.woolworths.com.au/shop/productdetails/627754/little-bellies-organic-banana-softcorn",
    "name": "Little Bellies Organic Banana Softcorn 8g",
    "image_url": "https://cdn1.woolworths.media/content/wowproductimages/large/627754.jpg",
    "source_id": "Woolworths - 627754",
    "barcode": "9337824002219",
    "category_id": "1_717A94B",
    "shop": "Woolworths",
    "weight": "100G",
    "prices": [
      {
        "state": "NSW",
        "price": "185",
        "price_per_unit": "2313",
        "price_unit": "G"
      },
      {
        "state": "VIC",
        "price": "185",
        "price_per_unit": "2313",
        "price_unit": "G"
      },
      {
        "state": "QLD",
        "price": "185",
        "price_per_unit": "2313",
        "price_unit": "G"
      },
      {
        "state": "WA",
        "price": "185",
        "price_per_unit": "2313",
        "price_unit": "G"
      },
      {
        "state": "SA",
        "price": "185",
        "price_per_unit": "2313",
        "price_unit": "G"
      },
      {
        "state": "TAS",
        "price": "185",
        "price_per_unit": "2313",
        "price_unit": "G"
      },
      {
        "state": "ACT",
        "price": "185",
        "price_per_unit": "2313",
        "price_unit": "G"
      },
      {
        "state": "NT",
        "price": "185",
        "price_per_unit": "2313",
        "price_unit": "G"
      }
    ]
  },
  {
    "source_url": "https://www.woolworths.com.au/shop/productdetails/627742/little-bellies-organic-berry-apple-softcorn",
    "name": "Little Bellies Organic Berry & Apple Softcorn 8g",
    "image_url": "https://cdn1.woolworths.media/content/wowproductimages/large/627742.jpg",
    "source_id": "Woolworths - 627742",
    "barcode": "9337824002233",
    "category_id": "1_717A94B",
    "shop": "Woolworths",
    "weight": "100G",
    "prices": [
      {
        "state": "NSW",
        "price": "185",
        "price_per_unit": "2313",
        "price_unit": "G"
      },
      {
        "state": "VIC",
        "price": "185",
        "price_per_unit": "2313",
        "price_unit": "G"
      },
      {
        "state": "QLD",
        "price": "185",
        "price_per_unit": "2313",
        "price_unit": "G"
      },
      {
        "state": "WA",
        "price": "185",
        "price_per_unit": "2313",
        "price_unit": "G"
      },
      {
        "state": "SA",
        "price": "185",
        "price_per_unit": "2313",
        "price_unit": "G"
      },
      {
        "state": "TAS",
        "price": "185",
        "price_per_unit": "2313",
        "price_unit": "G"
      },
      {
        "state": "ACT",
        "price": "185",
        "price_per_unit": "2313",
        "price_unit": "G"
      },
      {
        "state": "NT",
        "price": "185",
        "price_per_unit": "2313",
        "price_unit": "G"
      }
    ]
  },
  {
    "source_url": "https://www.woolworths.com.au/shop/productdetails/790107/little-bellies-organic-carrot-puffs",
    "name": "Little Bellies Organic Carrot Puffs 12g",
    "image_url": "https://cdn1.woolworths.media/content/wowproductimages/large/790107.jpg",
    "source_id": "Woolworths - 790107",
    "barcode": "9337824001663",
    "category_id": "1_717A94B",
    "shop": "Woolworths",
    "weight": "100G",
    "prices": [
      {
        "state": "NSW",
        "price": "185",
        "price_per_unit": "1542",
        "price_unit": "G"
      },
      {
        "state": "VIC",
        "price": "185",
        "price_per_unit": "1542",
        "price_unit": "G"
      },
      {
        "state": "QLD",
        "price": "185",
        "price_per_unit": "1542",
        "price_unit": "G"
      },
      {
        "state": "WA",
        "price": "185",
        "price_per_unit": "1542",
        "price_unit": "G"
      },
      {
        "state": "SA",
        "price": "185",
        "price_per_unit": "1542",
        "price_unit": "G"
      },
      {
        "state": "TAS",
        "price": "185",
        "price_per_unit": "1542",
        "price_unit": "G"
      },
      {
        "state": "ACT",
        "price": "185",
        "price_per_unit": "1542",
        "price_unit": "G"
      },
      {
        "state": "NT",
        "price": "185",
        "price_per_unit": "1542",
        "price_unit": "G"
      }
    ]
  },
  {
    "source_url": "https://www.woolworths.com.au/shop/productdetails/414360/little-bellies-organic-puffs-apple-cinnamon",
    "name": "Little Bellies Organic Puffs Apple & Cinnamon 12g",
    "image_url": "https://cdn1.woolworths.media/content/wowproductimages/large/414360.jpg",
    "source_id": "Woolworths - 414360",
    "barcode": "9337824001991",
    "category_id": "1_717A94B",
    "shop": "Woolworths",
    "weight": "100G",
    "prices": [
      {
        "state": "NSW",
        "price": "185",
        "price_per_unit": "1542",
        "price_unit": "G"
      },
      {
        "state": "VIC",
        "price": "185",
        "price_per_unit": "1542",
        "price_unit": "G"
      },
      {
        "state": "QLD",
        "price": "185",
        "price_per_unit": "1542",
        "price_unit": "G"
      },
      {
        "state": "WA",
        "price": "185",
        "price_per_unit": "1542",
        "price_unit": "G"
      },
      {
        "state": "SA",
        "price": "185",
        "price_per_unit": "1542",
        "price_unit": "G"
      },
      {
        "state": "TAS",
        "price": "185",
        "price_per_unit": "1542",
        "price_unit": "G"
      },
      {
        "state": "ACT",
        "price": "185",
        "price_per_unit": "1542",
        "price_unit": "G"
      },
      {
        "state": "NT",
        "price": "185",
        "price_per_unit": "1542",
        "price_unit": "G"
      }
    ]
  },
  {
    "source_url": "https://www.woolworths.com.au/shop/productdetails/59516/little-bellies-organic-strawberry-pick-up-sticks",
    "name": "Little Bellies Organic Strawberry Pick-Up Sticks 16g",
    "image_url": "https://cdn1.woolworths.media/content/wowproductimages/large/059516.jpg",
    "source_id": "Woolworths - 59516",
    "barcode": "9337824003056",
    "category_id": "1_717A94B",
    "shop": "Woolworths",
    "weight": "100G",
    "prices": [
      {
        "state": "NSW",
        "price": "375",
        "price_per_unit": "2344",
        "price_unit": "G"
      },
      {
        "state": "VIC",
        "price": "375",
        "price_per_unit": "2344",
        "price_unit": "G"
      },
      {
        "state": "QLD",
        "price": "375",
        "price_per_unit": "2344",
        "price_unit": "G"
      },
      {
        "state": "WA",
        "price": "375",
        "price_per_unit": "2344",
        "price_unit": "G"
      },
      {
        "state": "SA",
        "price": "375",
        "price_per_unit": "2344",
        "price_unit": "G"
      },
      {
        "state": "TAS",
        "price": "375",
        "price_per_unit": "2344",
        "price_unit": "G"
      },
      {
        "state": "ACT",
        "price": "375",
        "price_per_unit": "2344",
        "price_unit": "G"
      },
      {
        "state": "NT",
        "price": "395",
        "price_per_unit": "2469",
        "price_unit": "G"
      }
    ]
  },
  {
    "source_url": "https://www.woolworths.com.au/shop/productdetails/59517/little-bellies-organic-sweet-potato-pick-up-sticks",
    "name": "Little Bellies Organic Sweet Potato Pick-Up Sticks 16g",
    "image_url": "https://cdn1.woolworths.media/content/wowproductimages/large/059517.jpg",
    "source_id": "Woolworths - 59517",
    "barcode": "9337824003063",
    "category_id": "1_717A94B",
    "shop": "Woolworths",
    "weight": "100G",
    "prices": [
      {
        "state": "NSW",
        "price": "375",
        "price_per_unit": "2344",
        "price_unit": "G"
      },
      {
        "state": "VIC",
        "price": "375",
        "price_per_unit": "2344",
        "price_unit": "G"
      },
      {
        "state": "QLD",
        "price": "375",
        "price_per_unit": "2344",
        "price_unit": "G"
      },
      {
        "state": "WA",
        "price": "375",
        "price_per_unit": "2344",
        "price_unit": "G"
      },
      {
        "state": "SA",
        "price": "375",
        "price_per_unit": "2344",
        "price_unit": "G"
      },
      {
        "state": "TAS",
        "price": "375",
        "price_per_unit": "2344",
        "price_unit": "G"
      },
      {
        "state": "ACT",
        "price": "375",
        "price_per_unit": "2344",
        "price_unit": "G"
      },
      {
        "state": "NT",
        "price": "395",
        "price_per_unit": "2469",
        "price_unit": "G"
      }
    ]
  },
  {
    "source_url": "https://www.woolworths.com.au/shop/productdetails/839243/little-bellies-organic-sweetcorn-round-a-bouts",
    "name": "Little Bellies Organic Sweetcorn Round-a-bouts 12g",
    "image_url": "https://cdn1.woolworths.media/content/wowproductimages/large/839243.jpg",
    "source_id": "Woolworths - 839243",
    "barcode": "9337824001908",
    "category_id": "1_717A94B",
    "shop": "Woolworths",
    "weight": "100G",
    "prices": [
      {
        "state": "NSW",
        "price": "185",
        "price_per_unit": "1542",
        "price_unit": "G"
      },
      {
        "state": "VIC",
        "price": "185",
        "price_per_unit": "1542",
        "price_unit": "G"
      },
      {
        "state": "QLD",
        "price": "185",
        "price_per_unit": "1542",
        "price_unit": "G"
      },
      {
        "state": "WA",
        "price": "185",
        "price_per_unit": "1542",
        "price_unit": "G"
      },
      {
        "state": "SA",
        "price": "185",
        "price_per_unit": "1542",
        "price_unit": "G"
      },
      {
        "state": "ACT",
        "price": "185",
        "price_per_unit": "1542",
        "price_unit": "G"
      },
      {
        "state": "NT",
        "price": "185",
        "price_per_unit": "1542",
        "price_unit": "G"
      }
    ]
  },
  {
    "source_url": "https://www.woolworths.com.au/shop/productdetails/713590/macro-organic-baby-food-apple-blueberry-6m",
    "name": "Macro Organic Baby Food Apple & Blueberry 6m 120g",
    "image_url": "https://cdn1.woolworths.media/content/wowproductimages/large/713590.jpg",
    "source_id": "Woolworths - 713590",
    "barcode": "9300633268923",
    "category_id": "1_717A94B",
    "shop": "Woolworths",
    "weight": "100G",
    "prices": [
      {
        "state": "NSW",
        "price": "160",
        "price_per_unit": "133",
        "price_unit": "G"
      },
      {
        "state": "VIC",
        "price": "160",
        "price_per_unit": "133",
        "price_unit": "G"
      },
      {
        "state": "QLD",
        "price": "160",
        "price_per_unit": "133",
        "price_unit": "G"
      },
      {
        "state": "WA",
        "price": "160",
        "price_per_unit": "133",
        "price_unit": "G"
      },
      {
        "state": "SA",
        "price": "160",
        "price_per_unit": "133",
        "price_unit": "G"
      },
      {
        "state": "TAS",
        "price": "160",
        "price_per_unit": "133",
        "price_unit": "G"
      },
      {
        "state": "ACT",
        "price": "160",
        "price_per_unit": "133",
        "price_unit": "G"
      },
      {
        "state": "NT",
        "price": "175",
        "price_per_unit": "146",
        "price_unit": "G"
      }
    ]
  },
  {
    "source_url": "https://www.woolworths.com.au/shop/productdetails/713568/macro-organic-baby-food-apple-pear-6m",
    "name": "Macro Organic Baby Food Apple & Pear 6m 120g",
    "image_url": "https://cdn1.woolworths.media/content/wowproductimages/large/713568.jpg",
    "source_id": "Woolworths - 713568",
    "barcode": "9300633268909",
    "category_id": "1_717A94B",
    "shop": "Woolworths",
    "weight": "100G",
    "prices": [
      {
        "state": "NSW",
        "price": "160",
        "price_per_unit": "133",
        "price_unit": "G"
      },
      {
        "state": "VIC",
        "price": "160",
        "price_per_unit": "133",
        "price_unit": "G"
      },
      {
        "state": "QLD",
        "price": "160",
        "price_per_unit": "133",
        "price_unit": "G"
      },
      {
        "state": "WA",
        "price": "160",
        "price_per_unit": "133",
        "price_unit": "G"
      },
      {
        "state": "SA",
        "price": "160",
        "price_per_unit": "133",
        "price_unit": "G"
      },
      {
        "state": "TAS",
        "price": "160",
        "price_per_unit": "133",
        "price_unit": "G"
      },
      {
        "state": "ACT",
        "price": "160",
        "price_per_unit": "133",
        "price_unit": "G"
      },
      {
        "state": "NT",
        "price": "175",
        "price_per_unit": "146",
        "price_unit": "G"
      }
    ]
  },
  {
    "source_url": "https://www.woolworths.com.au/shop/productdetails/669657/macro-organic-baby-food-apple-berries-fig-with-yoghurt",
    "name": "Macro Organic Baby Food Apple Berries & Fig With Yoghurt 120g",
    "image_url": "https://cdn1.woolworths.media/content/wowproductimages/large/669657.jpg",
    "source_id": "Woolworths - 669657",
    "barcode": "9339687020973",
    "category_id": "1_717A94B",
    "shop": "Woolworths",
    "weight": "100G",
    "prices": [
      {
        "state": "NSW",
        "price": "160",
        "price_per_unit": "133",
        "price_unit": "G"
      },
      {
        "state": "QLD",
        "price": "160",
        "price_per_unit": "133",
        "price_unit": "G"
      },
      {
        "state": "WA",
        "price": "160",
        "price_per_unit": "133",
        "price_unit": "G"
      },
      {
        "state": "SA",
        "price": "160",
        "price_per_unit": "133",
        "price_unit": "G"
      },
      {
        "state": "ACT",
        "price": "160",
        "price_per_unit": "133",
        "price_unit": "G"
      },
      {
        "state": "NT",
        "price": "175",
        "price_per_unit": "146",
        "price_unit": "G"
      }
    ]
  },
  {
    "source_url": "https://www.woolworths.com.au/shop/productdetails/398228/macro-organic-baby-food-apple-strawberry-beetroot-vanilla-custard",
    "name": "Macro Organic Baby Food Apple, Strawberry, Beetroot & Vanilla Custard 120g",
    "image_url": "https://cdn1.woolworths.media/content/wowproductimages/large/398228.jpg",
    "source_id": "Woolworths - 398228",
    "barcode": "9339687358533",
    "category_id": "1_717A94B",
    "shop": "Woolworths",
    "weight": "100G",
    "prices": [
      {
        "state": "NSW",
        "price": "160",
        "price_per_unit": "133",
        "price_unit": "G"
      },
      {
        "state": "VIC",
        "price": "160",
        "price_per_unit": "133",
        "price_unit": "G"
      },
      {
        "state": "QLD",
        "price": "160",
        "price_per_unit": "133",
        "price_unit": "G"
      },
      {
        "state": "WA",
        "price": "160",
        "price_per_unit": "133",
        "price_unit": "G"
      },
      {
        "state": "SA",
        "price": "160",
        "price_per_unit": "133",
        "price_unit": "G"
      },
      {
        "state": "TAS",
        "price": "160",
        "price_per_unit": "133",
        "price_unit": "G"
      },
      {
        "state": "ACT",
        "price": "160",
        "price_per_unit": "133",
        "price_unit": "G"
      },
      {
        "state": "NT",
        "price": "175",
        "price_per_unit": "146",
        "price_unit": "G"
      }
    ]
  },
  {
    "source_url": "https://www.woolworths.com.au/shop/productdetails/713596/macro-organic-baby-food-beef-vegetables-rice-6m",
    "name": "Macro Organic Baby Food Beef Vegetables & Rice 6m 120g",
    "image_url": "https://cdn1.woolworths.media/content/wowproductimages/large/713596.jpg",
    "source_id": "Woolworths - 713596",
    "barcode": "9300633268985",
    "category_id": "1_717A94B",
    "shop": "Woolworths",
    "weight": "100G",
    "prices": [
      {
        "state": "NSW",
        "price": "160",
        "price_per_unit": "133",
        "price_unit": "G"
      },
      {
        "state": "VIC",
        "price": "160",
        "price_per_unit": "133",
        "price_unit": "G"
      },
      {
        "state": "QLD",
        "price": "160",
        "price_per_unit": "133",
        "price_unit": "G"
      },
      {
        "state": "WA",
        "price": "160",
        "price_per_unit": "133",
        "price_unit": "G"
      },
      {
        "state": "SA",
        "price": "160",
        "price_per_unit": "133",
        "price_unit": "G"
      },
      {
        "state": "TAS",
        "price": "160",
        "price_per_unit": "133",
        "price_unit": "G"
      },
      {
        "state": "ACT",
        "price": "160",
        "price_per_unit": "133",
        "price_unit": "G"
      },
      {
        "state": "NT",
        "price": "175",
        "price_per_unit": "146",
        "price_unit": "G"
      }
    ]
  },
  {
    "source_url": "https://www.woolworths.com.au/shop/productdetails/713599/macro-organic-baby-food-chicken-sweetcorn-pasta-6m",
    "name": "Macro Organic Baby Food Chicken & Sweetcorn Pasta 6m 120g",
    "image_url": "https://cdn1.woolworths.media/content/wowproductimages/large/713599.jpg",
    "source_id": "Woolworths - 713599",
    "barcode": "9300633269012",
    "category_id": "1_717A94B",
    "shop": "Woolworths",
    "weight": "100G",
    "prices": [
      {
        "state": "NSW",
        "price": "160",
        "price_per_unit": "133",
        "price_unit": "G"
      },
      {
        "state": "VIC",
        "price": "160",
        "price_per_unit": "133",
        "price_unit": "G"
      },
      {
        "state": "QLD",
        "price": "160",
        "price_per_unit": "133",
        "price_unit": "G"
      },
      {
        "state": "WA",
        "price": "160",
        "price_per_unit": "133",
        "price_unit": "G"
      },
      {
        "state": "SA",
        "price": "160",
        "price_per_unit": "133",
        "price_unit": "G"
      },
      {
        "state": "ACT",
        "price": "160",
        "price_per_unit": "133",
        "price_unit": "G"
      },
      {
        "state": "NT",
        "price": "175",
        "price_per_unit": "146",
        "price_unit": "G"
      }
    ]
  },
  {
    "source_url": "https://www.woolworths.com.au/shop/productdetails/399544/macro-organic-baby-food-pumpkin-peach-smoothie-with-yoghurt-oats",
    "name": "Macro Organic Baby Food Pumpkin & Peach Smoothie with Yoghurt & Oats 120g",
    "image_url": "https://cdn1.woolworths.media/content/wowproductimages/large/399544.jpg",
    "source_id": "Woolworths - 399544",
    "barcode": "9339687358526",
    "category_id": "1_717A94B",
    "shop": "Woolworths",
    "weight": "100G",
    "prices": [
      {
        "state": "NSW",
        "price": "160",
        "price_per_unit": "133",
        "price_unit": "G"
      },
      {
        "state": "VIC",
        "price": "160",
        "price_per_unit": "133",
        "price_unit": "G"
      },
      {
        "state": "QLD",
        "price": "160",
        "price_per_unit": "133",
        "price_unit": "G"
      },
      {
        "state": "WA",
        "price": "160",
        "price_per_unit": "133",
        "price_unit": "G"
      },
      {
        "state": "SA",
        "price": "160",
        "price_per_unit": "133",
        "price_unit": "G"
      },
      {
        "state": "ACT",
        "price": "160",
        "price_per_unit": "133",
        "price_unit": "G"
      },
      {
        "state": "NT",
        "price": "175",
        "price_per_unit": "146",
        "price_unit": "G"
      }
    ]
  },
  {
    "source_url": "https://www.woolworths.com.au/shop/productdetails/713592/macro-organic-baby-food-pumpkin-potato-carrot-sweetcorn",
    "name": "Macro Organic Baby Food Pumpkin Potato Carrot & Sweetcorn 120g",
    "image_url": "https://cdn1.woolworths.media/content/wowproductimages/large/713592.jpg",
    "source_id": "Woolworths - 713592",
    "barcode": "9300633268947",
    "category_id": "1_717A94B",
    "shop": "Woolworths",
    "weight": "100G",
    "prices": [
      {
        "state": "NSW",
        "price": "160",
        "price_per_unit": "133",
        "price_unit": "G"
      },
      {
        "state": "VIC",
        "price": "160",
        "price_per_unit": "133",
        "price_unit": "G"
      },
      {
        "state": "QLD",
        "price": "160",
        "price_per_unit": "133",
        "price_unit": "G"
      },
      {
        "state": "WA",
        "price": "160",
        "price_per_unit": "133",
        "price_unit": "G"
      },
      {
        "state": "SA",
        "price": "160",
        "price_per_unit": "133",
        "price_unit": "G"
      },
      {
        "state": "TAS",
        "price": "160",
        "price_per_unit": "133",
        "price_unit": "G"
      },
      {
        "state": "ACT",
        "price": "160",
        "price_per_unit": "133",
        "price_unit": "G"
      },
      {
        "state": "NT",
        "price": "175",
        "price_per_unit": "146",
        "price_unit": "G"
      }
    ]
  },
  {
    "source_url": "https://www.woolworths.com.au/shop/productdetails/669654/macro-organic-baby-food-sweet-potato-carrot-zucchini",
    "name": "Macro Organic Baby Food Sweet Potato Carrot & Zucchini 120g",
    "image_url": "https://cdn1.woolworths.media/content/wowproductimages/large/669654.jpg",
    "source_id": "Woolworths - 669654",
    "barcode": "9339687020942",
    "category_id": "1_717A94B",
    "shop": "Woolworths",
    "weight": "100G",
    "prices": [
      {
        "state": "NSW",
        "price": "160",
        "price_per_unit": "133",
        "price_unit": "G"
      },
      {
        "state": "VIC",
        "price": "160",
        "price_per_unit": "133",
        "price_unit": "G"
      },
      {
        "state": "QLD",
        "price": "160",
        "price_per_unit": "133",
        "price_unit": "G"
      },
      {
        "state": "WA",
        "price": "160",
        "price_per_unit": "133",
        "price_unit": "G"
      },
      {
        "state": "SA",
        "price": "160",
        "price_per_unit": "133",
        "price_unit": "G"
      },
      {
        "state": "TAS",
        "price": "160",
        "price_per_unit": "133",
        "price_unit": "G"
      },
      {
        "state": "ACT",
        "price": "160",
        "price_per_unit": "133",
        "price_unit": "G"
      },
      {
        "state": "NT",
        "price": "175",
        "price_per_unit": "146",
        "price_unit": "G"
      }
    ]
  },
  {
    "source_url": "https://www.woolworths.com.au/shop/productdetails/133168/macro-organic-baby-food-vegetable-lasagna-6m",
    "name": "Macro Organic Baby Food Vegetable Lasagna 6m 120g",
    "image_url": "https://cdn1.woolworths.media/content/wowproductimages/large/133168.jpg",
    "source_id": "Woolworths - 133168",
    "barcode": "9339687221691",
    "category_id": "1_717A94B",
    "shop": "Woolworths",
    "weight": "100G",
    "prices": [
      {
        "state": "NSW",
        "price": "160",
        "price_per_unit": "133",
        "price_unit": "G"
      },
      {
        "state": "VIC",
        "price": "160",
        "price_per_unit": "133",
        "price_unit": "G"
      },
      {
        "state": "QLD",
        "price": "160",
        "price_per_unit": "133",
        "price_unit": "G"
      },
      {
        "state": "WA",
        "price": "160",
        "price_per_unit": "133",
        "price_unit": "G"
      },
      {
        "state": "SA",
        "price": "160",
        "price_per_unit": "133",
        "price_unit": "G"
      },
      {
        "state": "TAS",
        "price": "160",
        "price_per_unit": "133",
        "price_unit": "G"
      },
      {
        "state": "ACT",
        "price": "160",
        "price_per_unit": "133",
        "price_unit": "G"
      },
      {
        "state": "NT",
        "price": "175",
        "price_per_unit": "146",
        "price_unit": "G"
      }
    ]
  },
  {
    "source_url": "https://www.woolworths.com.au/shop/productdetails/749784/macro-organic-baby-foodapple-banana-blueberry-muesli-6m",
    "name": "Macro Organic Baby FoodApple Banana & Blueberry Muesli 6m 120g",
    "image_url": "https://cdn1.woolworths.media/content/wowproductimages/large/749784.jpg",
    "source_id": "Woolworths - 749784",
    "barcode": "9300633394219",
    "category_id": "1_717A94B",
    "shop": "Woolworths",
    "weight": "100G",
    "prices": [
      {
        "state": "NSW",
        "price": "160",
        "price_per_unit": "133",
        "price_unit": "G"
      },
      {
        "state": "QLD",
        "price": "160",
        "price_per_unit": "133",
        "price_unit": "G"
      },
      {
        "state": "WA",
        "price": "160",
        "price_per_unit": "133",
        "price_unit": "G"
      },
      {
        "state": "SA",
        "price": "160",
        "price_per_unit": "133",
        "price_unit": "G"
      },
      {
        "state": "TAS",
        "price": "160",
        "price_per_unit": "133",
        "price_unit": "G"
      },
      {
        "state": "ACT",
        "price": "160",
        "price_per_unit": "133",
        "price_unit": "G"
      },
      {
        "state": "NT",
        "price": "175",
        "price_per_unit": "146",
        "price_unit": "G"
      }
    ]
  },
  {
    "source_url": "https://www.woolworths.com.au/shop/productdetails/322266/only-organic-4-months-apple-peach-apricot",
    "name": "Only Organic 4 Months+ Apple Peach & Apricot 120g",
    "image_url": "https://cdn1.woolworths.media/content/wowproductimages/large/322266.jpg",
    "source_id": "Woolworths - 322266",
    "barcode": "9403145302601",
    "category_id": "1_717A94B",
    "shop": "Woolworths",
    "weight": "100G",
    "prices": [
      {
        "state": "NSW",
        "price": "180",
        "price_per_unit": "150",
        "price_unit": "G"
      },
      {
        "state": "VIC",
        "price": "180",
        "price_per_unit": "150",
        "price_unit": "G"
      },
      {
        "state": "QLD",
        "price": "180",
        "price_per_unit": "150",
        "price_unit": "G"
      },
      {
        "state": "WA",
        "price": "180",
        "price_per_unit": "150",
        "price_unit": "G"
      },
      {
        "state": "SA",
        "price": "180",
        "price_per_unit": "150",
        "price_unit": "G"
      },
      {
        "state": "TAS",
        "price": "180",
        "price_per_unit": "150",
        "price_unit": "G"
      },
      {
        "state": "ACT",
        "price": "180",
        "price_per_unit": "150",
        "price_unit": "G"
      },
      {
        "state": "NT",
        "price": "190",
        "price_per_unit": "158",
        "price_unit": "G"
      }
    ]
  },
  {
    "source_url": "https://www.woolworths.com.au/shop/productdetails/322268/only-organic-4-months-banana-apple",
    "name": "Only Organic 4 Months+ Banana & Apple 120g",
    "image_url": "https://cdn1.woolworths.media/content/wowproductimages/large/322268.jpg",
    "source_id": "Woolworths - 322268",
    "barcode": "9403145302595",
    "category_id": "1_717A94B",
    "shop": "Woolworths",
    "weight": "100G",
    "prices": [
      {
        "state": "NSW",
        "price": "180",
        "price_per_unit": "150",
        "price_unit": "G"
      },
      {
        "state": "VIC",
        "price": "180",
        "price_per_unit": "150",
        "price_unit": "G"
      },
      {
        "state": "QLD",
        "price": "180",
        "price_per_unit": "150",
        "price_unit": "G"
      },
      {
        "state": "WA",
        "price": "180",
        "price_per_unit": "150",
        "price_unit": "G"
      },
      {
        "state": "SA",
        "price": "180",
        "price_per_unit": "150",
        "price_unit": "G"
      },
      {
        "state": "TAS",
        "price": "180",
        "price_per_unit": "150",
        "price_unit": "G"
      },
      {
        "state": "ACT",
        "price": "180",
        "price_per_unit": "150",
        "price_unit": "G"
      },
      {
        "state": "NT",
        "price": "190",
        "price_per_unit": "158",
        "price_unit": "G"
      }
    ]
  },
  {
    "source_url": "https://www.woolworths.com.au/shop/productdetails/333288/only-organic-6-months-apple-banana-mango",
    "name": "Only Organic 6 Months+ Apple Banana & Mango 120g",
    "image_url": "https://cdn1.woolworths.media/content/wowproductimages/large/333288.jpg",
    "source_id": "Woolworths - 333288",
    "barcode": "9403145302748",
    "category_id": "1_717A94B",
    "shop": "Woolworths",
    "weight": "100G",
    "prices": [
      {
        "state": "NSW",
        "price": "180",
        "price_per_unit": "150",
        "price_unit": "G"
      },
      {
        "state": "VIC",
        "price": "180",
        "price_per_unit": "150",
        "price_unit": "G"
      },
      {
        "state": "QLD",
        "price": "180",
        "price_per_unit": "150",
        "price_unit": "G"
      },
      {
        "state": "WA",
        "price": "180",
        "price_per_unit": "150",
        "price_unit": "G"
      },
      {
        "state": "SA",
        "price": "180",
        "price_per_unit": "150",
        "price_unit": "G"
      },
      {
        "state": "TAS",
        "price": "180",
        "price_per_unit": "150",
        "price_unit": "G"
      },
      {
        "state": "ACT",
        "price": "180",
        "price_per_unit": "150",
        "price_unit": "G"
      },
      {
        "state": "NT",
        "price": "190",
        "price_per_unit": "158",
        "price_unit": "G"
      }
    ]
  },
  {
    "source_url": "https://www.woolworths.com.au/shop/productdetails/765211/only-organic-6-months-banana-blueberry-quinoa",
    "name": "Only Organic 6 Months+ Banana Blueberry & Quinoa 120g",
    "image_url": "https://cdn1.woolworths.media/content/wowproductimages/large/765211.jpg",
    "source_id": "Woolworths - 765211",
    "barcode": "9403145303714",
    "category_id": "1_717A94B",
    "shop": "Woolworths",
    "weight": "100G",
    "prices": [
      {
        "state": "NSW",
        "price": "180",
        "price_per_unit": "150",
        "price_unit": "G"
      },
      {
        "state": "VIC",
        "price": "180",
        "price_per_unit": "150",
        "price_unit": "G"
      },
      {
        "state": "QLD",
        "price": "180",
        "price_per_unit": "150",
        "price_unit": "G"
      },
      {
        "state": "WA",
        "price": "180",
        "price_per_unit": "150",
        "price_unit": "G"
      },
      {
        "state": "SA",
        "price": "180",
        "price_per_unit": "150",
        "price_unit": "G"
      },
      {
        "state": "TAS",
        "price": "180",
        "price_per_unit": "150",
        "price_unit": "G"
      },
      {
        "state": "ACT",
        "price": "180",
        "price_per_unit": "150",
        "price_unit": "G"
      },
      {
        "state": "NT",
        "price": "190",
        "price_per_unit": "158",
        "price_unit": "G"
      }
    ]
  },
  {
    "source_url": "https://www.woolworths.com.au/shop/productdetails/372442/only-organic-6-months-vanilla-bean-custard",
    "name": "Only Organic 6 Months+ Vanilla Bean Custard 120g",
    "image_url": "https://cdn1.woolworths.media/content/wowproductimages/large/372442.jpg",
    "source_id": "Woolworths - 372442",
    "barcode": "9403145303172",
    "category_id": "1_717A94B",
    "shop": "Woolworths",
    "weight": "100G",
    "prices": [
      {
        "state": "NSW",
        "price": "180",
        "price_per_unit": "150",
        "price_unit": "G"
      },
      {
        "state": "VIC",
        "price": "180",
        "price_per_unit": "150",
        "price_unit": "G"
      },
      {
        "state": "QLD",
        "price": "180",
        "price_per_unit": "150",
        "price_unit": "G"
      },
      {
        "state": "WA",
        "price": "180",
        "price_per_unit": "150",
        "price_unit": "G"
      },
      {
        "state": "SA",
        "price": "180",
        "price_per_unit": "150",
        "price_unit": "G"
      },
      {
        "state": "TAS",
        "price": "180",
        "price_per_unit": "150",
        "price_unit": "G"
      },
      {
        "state": "ACT",
        "price": "180",
        "price_per_unit": "150",
        "price_unit": "G"
      },
      {
        "state": "NT",
        "price": "190",
        "price_per_unit": "158",
        "price_unit": "G"
      }
    ]
  },
  {
    "source_url": "https://www.woolworths.com.au/shop/productdetails/333290/only-organic-8-months-banana-raspberry-vanilla",
    "name": "Only Organic 8 Months+ Banana Raspberry & Vanilla 120g",
    "image_url": "https://cdn1.woolworths.media/content/wowproductimages/large/333290.jpg",
    "source_id": "Woolworths - 333290",
    "barcode": "9403145302779",
    "category_id": "1_717A94B",
    "shop": "Woolworths",
    "weight": "100G",
    "prices": [
      {
        "state": "NSW",
        "price": "180",
        "price_per_unit": "150",
        "price_unit": "G"
      },
      {
        "state": "VIC",
        "price": "180",
        "price_per_unit": "150",
        "price_unit": "G"
      },
      {
        "state": "QLD",
        "price": "180",
        "price_per_unit": "150",
        "price_unit": "G"
      },
      {
        "state": "WA",
        "price": "180",
        "price_per_unit": "150",
        "price_unit": "G"
      },
      {
        "state": "SA",
        "price": "180",
        "price_per_unit": "150",
        "price_unit": "G"
      },
      {
        "state": "TAS",
        "price": "180",
        "price_per_unit": "150",
        "price_unit": "G"
      },
      {
        "state": "ACT",
        "price": "180",
        "price_per_unit": "150",
        "price_unit": "G"
      },
      {
        "state": "NT",
        "price": "190",
        "price_per_unit": "158",
        "price_unit": "G"
      }
    ]
  },
  {
    "source_url": "https://www.woolworths.com.au/shop/productdetails/710425/only-organic-8-months-carrot-red-lentils-cheddar",
    "name": "Only Organic 8 Months+ Carrot Red Lentils & Cheddar 120g",
    "image_url": "https://cdn1.woolworths.media/content/wowproductimages/large/710425.jpg",
    "source_id": "Woolworths - 710425",
    "barcode": "9403145303417",
    "category_id": "1_717A94B",
    "shop": "Woolworths",
    "weight": "100G",
    "prices": [
      {
        "state": "NSW",
        "price": "180",
        "price_per_unit": "150",
        "price_unit": "G"
      },
      {
        "state": "VIC",
        "price": "180",
        "price_per_unit": "150",
        "price_unit": "G"
      },
      {
        "state": "QLD",
        "price": "180",
        "price_per_unit": "150",
        "price_unit": "G"
      },
      {
        "state": "WA",
        "price": "180",
        "price_per_unit": "150",
        "price_unit": "G"
      },
      {
        "state": "SA",
        "price": "180",
        "price_per_unit": "150",
        "price_unit": "G"
      },
      {
        "state": "TAS",
        "price": "180",
        "price_per_unit": "150",
        "price_unit": "G"
      },
      {
        "state": "ACT",
        "price": "180",
        "price_per_unit": "150",
        "price_unit": "G"
      },
      {
        "state": "NT",
        "price": "195",
        "price_per_unit": "163",
        "price_unit": "G"
      }
    ]
  },
  {
    "source_url": "https://www.woolworths.com.au/shop/productdetails/372450/only-organic-8-months-mango-yoghurt-brekkie",
    "name": "Only Organic 8 Months+ Mango & Yoghurt Brekkie 120g",
    "image_url": "https://cdn1.woolworths.media/content/wowproductimages/large/372450.jpg",
    "source_id": "Woolworths - 372450",
    "barcode": "9403145303202",
    "category_id": "1_717A94B",
    "shop": "Woolworths",
    "weight": "100G",
    "prices": [
      {
        "state": "NSW",
        "price": "180",
        "price_per_unit": "150",
        "price_unit": "G"
      },
      {
        "state": "VIC",
        "price": "180",
        "price_per_unit": "150",
        "price_unit": "G"
      },
      {
        "state": "QLD",
        "price": "180",
        "price_per_unit": "150",
        "price_unit": "G"
      },
      {
        "state": "WA",
        "price": "180",
        "price_per_unit": "150",
        "price_unit": "G"
      },
      {
        "state": "SA",
        "price": "180",
        "price_per_unit": "150",
        "price_unit": "G"
      },
      {
        "state": "TAS",
        "price": "180",
        "price_per_unit": "150",
        "price_unit": "G"
      },
      {
        "state": "ACT",
        "price": "180",
        "price_per_unit": "150",
        "price_unit": "G"
      },
      {
        "state": "NT",
        "price": "190",
        "price_per_unit": "158",
        "price_unit": "G"
      }
    ]
  },
  {
    "source_url": "https://www.woolworths.com.au/shop/productdetails/933166/only-organic-beef-bolognese",
    "name": "Only Organic Beef Bolognese 220g",
    "image_url": "https://cdn1.woolworths.media/content/wowproductimages/large/933166.jpg",
    "source_id": "Woolworths - 933166",
    "barcode": "9403145304209",
    "category_id": "1_717A94B",
    "shop": "Woolworths",
    "weight": "100G",
    "prices": [
      {
        "state": "NSW",
        "price": "350",
        "price_per_unit": "159",
        "price_unit": "G"
      },
      {
        "state": "VIC",
        "price": "350",
        "price_per_unit": "159",
        "price_unit": "G"
      },
      {
        "state": "QLD",
        "price": "350",
        "price_per_unit": "159",
        "price_unit": "G"
      },
      {
        "state": "WA",
        "price": "350",
        "price_per_unit": "159",
        "price_unit": "G"
      },
      {
        "state": "SA",
        "price": "350",
        "price_per_unit": "159",
        "price_unit": "G"
      },
      {
        "state": "TAS",
        "price": "350",
        "price_per_unit": "159",
        "price_unit": "G"
      },
      {
        "state": "ACT",
        "price": "350",
        "price_per_unit": "159",
        "price_unit": "G"
      }
    ]
  },
  {
    "source_url": "https://www.woolworths.com.au/shop/productdetails/132385/only-organic-chicken-sweetcorn-brown-rice-6-months",
    "name": "Only Organic Chicken Sweetcorn & Brown Rice 6+ Months 120g",
    "image_url": "https://cdn1.woolworths.media/content/wowproductimages/large/132385.jpg",
    "source_id": "Woolworths - 132385",
    "barcode": "9403145304896",
    "category_id": "1_717A94B",
    "shop": "Woolworths",
    "weight": "100G",
    "prices": [
      {
        "state": "NSW",
        "price": "180",
        "price_per_unit": "150",
        "price_unit": "G"
      },
      {
        "state": "VIC",
        "price": "180",
        "price_per_unit": "150",
        "price_unit": "G"
      },
      {
        "state": "QLD",
        "price": "180",
        "price_per_unit": "150",
        "price_unit": "G"
      },
      {
        "state": "WA",
        "price": "180",
        "price_per_unit": "150",
        "price_unit": "G"
      },
      {
        "state": "SA",
        "price": "180",
        "price_per_unit": "150",
        "price_unit": "G"
      },
      {
        "state": "TAS",
        "price": "180",
        "price_per_unit": "150",
        "price_unit": "G"
      },
      {
        "state": "ACT",
        "price": "180",
        "price_per_unit": "150",
        "price_unit": "G"
      },
      {
        "state": "NT",
        "price": "195",
        "price_per_unit": "163",
        "price_unit": "G"
      }
    ]
  },
  {
    "source_url": "https://www.woolworths.com.au/shop/productdetails/133046/only-organic-chicken-vegetables-star-pasta",
    "name": "Only Organic Chicken Vegetables & Star Pasta 170g",
    "image_url": "https://cdn1.woolworths.media/content/wowproductimages/large/133046.jpg",
    "source_id": "Woolworths - 133046",
    "barcode": "9403145305190",
    "category_id": "1_717A94B",
    "shop": "Woolworths",
    "weight": "100G",
    "prices": [
      {
        "state": "NSW",
        "price": "250",
        "price_per_unit": "147",
        "price_unit": "G"
      },
      {
        "state": "VIC",
        "price": "250",
        "price_per_unit": "147",
        "price_unit": "G"
      },
      {
        "state": "QLD",
        "price": "250",
        "price_per_unit": "147",
        "price_unit": "G"
      },
      {
        "state": "WA",
        "price": "250",
        "price_per_unit": "147",
        "price_unit": "G"
      },
      {
        "state": "SA",
        "price": "250",
        "price_per_unit": "147",
        "price_unit": "G"
      },
      {
        "state": "TAS",
        "price": "250",
        "price_per_unit": "147",
        "price_unit": "G"
      },
      {
        "state": "ACT",
        "price": "250",
        "price_per_unit": "147",
        "price_unit": "G"
      },
      {
        "state": "NT",
        "price": "270",
        "price_per_unit": "159",
        "price_unit": "G"
      }
    ]
  },
  {
    "source_url": "https://www.woolworths.com.au/shop/productdetails/933164/only-organic-coconut-banana-acai",
    "name": "Only Organic Coconut Banana Acai 100g",
    "image_url": "https://cdn1.woolworths.media/content/wowproductimages/large/933164.jpg",
    "source_id": "Woolworths - 933164",
    "barcode": "9403145304179",
    "category_id": "1_717A94B",
    "shop": "Woolworths",
    "weight": "100G",
    "prices": [
      {
        "state": "NSW",
        "price": "250",
        "price_per_unit": "250",
        "price_unit": "G"
      },
      {
        "state": "VIC",
        "price": "250",
        "price_per_unit": "250",
        "price_unit": "G"
      },
      {
        "state": "QLD",
        "price": "250",
        "price_per_unit": "250",
        "price_unit": "G"
      },
      {
        "state": "WA",
        "price": "250",
        "price_per_unit": "250",
        "price_unit": "G"
      },
      {
        "state": "SA",
        "price": "250",
        "price_per_unit": "250",
        "price_unit": "G"
      },
      {
        "state": "TAS",
        "price": "250",
        "price_per_unit": "250",
        "price_unit": "G"
      },
      {
        "state": "ACT",
        "price": "250",
        "price_per_unit": "250",
        "price_unit": "G"
      },
      {
        "state": "NT",
        "price": "250",
        "price_per_unit": "250",
        "price_unit": "G"
      }
    ]
  },
  {
    "source_url": "https://www.woolworths.com.au/shop/productdetails/934475/only-organic-macaroni-cheese",
    "name": "Only Organic Macaroni Cheese 220g",
    "image_url": "https://cdn1.woolworths.media/content/wowproductimages/large/934475.jpg",
    "source_id": "Woolworths - 934475",
    "barcode": "9403145304223",
    "category_id": "1_717A94B",
    "shop": "Woolworths",
    "weight": "100G",
    "prices": [
      {
        "state": "NSW",
        "price": "350",
        "price_per_unit": "159",
        "price_unit": "G"
      },
      {
        "state": "VIC",
        "price": "350",
        "price_per_unit": "159",
        "price_unit": "G"
      },
      {
        "state": "QLD",
        "price": "350",
        "price_per_unit": "159",
        "price_unit": "G"
      },
      {
        "state": "WA",
        "price": "350",
        "price_per_unit": "159",
        "price_unit": "G"
      },
      {
        "state": "SA",
        "price": "350",
        "price_per_unit": "159",
        "price_unit": "G"
      },
      {
        "state": "TAS",
        "price": "350",
        "price_per_unit": "159",
        "price_unit": "G"
      },
      {
        "state": "ACT",
        "price": "350",
        "price_per_unit": "159",
        "price_unit": "G"
      },
      {
        "state": "NT",
        "price": "360",
        "price_per_unit": "164",
        "price_unit": "G"
      }
    ]
  },
  {
    "source_url": "https://www.woolworths.com.au/shop/productdetails/682039/only-organic-mango-chicken-coconut-rice",
    "name": "Only Organic Mango Chicken & Coconut Rice 170g",
    "image_url": "https://cdn1.woolworths.media/content/wowproductimages/large/682039.jpg",
    "source_id": "Woolworths - 682039",
    "barcode": "9403145304650",
    "category_id": "1_717A94B",
    "shop": "Woolworths",
    "weight": "100G",
    "prices": [
      {
        "state": "NSW",
        "price": "250",
        "price_per_unit": "147",
        "price_unit": "G"
      },
      {
        "state": "VIC",
        "price": "250",
        "price_per_unit": "147",
        "price_unit": "G"
      },
      {
        "state": "QLD",
        "price": "250",
        "price_per_unit": "147",
        "price_unit": "G"
      },
      {
        "state": "WA",
        "price": "250",
        "price_per_unit": "147",
        "price_unit": "G"
      },
      {
        "state": "SA",
        "price": "250",
        "price_per_unit": "147",
        "price_unit": "G"
      },
      {
        "state": "TAS",
        "price": "250",
        "price_per_unit": "147",
        "price_unit": "G"
      },
      {
        "state": "ACT",
        "price": "250",
        "price_per_unit": "147",
        "price_unit": "G"
      },
      {
        "state": "NT",
        "price": "270",
        "price_per_unit": "159",
        "price_unit": "G"
      }
    ]
  },
  {
    "source_url": "https://www.woolworths.com.au/shop/productdetails/53366/only-organic-mango-coconut-quinoa",
    "name": "Only Organic Mango Coconut & Quinoa 120g",
    "image_url": "https://cdn1.woolworths.media/content/wowproductimages/large/053366.jpg",
    "source_id": "Woolworths - 53366",
    "barcode": "9403145304773",
    "category_id": "1_717A94B",
    "shop": "Woolworths",
    "weight": "100G",
    "prices": [
      {
        "state": "NSW",
        "price": "180",
        "price_per_unit": "150",
        "price_unit": "G"
      },
      {
        "state": "VIC",
        "price": "180",
        "price_per_unit": "150",
        "price_unit": "G"
      },
      {
        "state": "QLD",
        "price": "180",
        "price_per_unit": "150",
        "price_unit": "G"
      },
      {
        "state": "WA",
        "price": "180",
        "price_per_unit": "150",
        "price_unit": "G"
      },
      {
        "state": "SA",
        "price": "180",
        "price_per_unit": "150",
        "price_unit": "G"
      },
      {
        "state": "TAS",
        "price": "180",
        "price_per_unit": "150",
        "price_unit": "G"
      },
      {
        "state": "NT",
        "price": "190",
        "price_per_unit": "158",
        "price_unit": "G"
      }
    ]
  },
  {
    "source_url": "https://www.woolworths.com.au/shop/productdetails/660268/only-organic-pasta-bolognese",
    "name": "Only Organic Pasta Bolognese 170g",
    "image_url": "https://cdn1.woolworths.media/content/wowproductimages/large/660268.jpg",
    "source_id": "Woolworths - 660268",
    "barcode": "9403145304681",
    "category_id": "1_717A94B",
    "shop": "Woolworths",
    "weight": "100G",
    "prices": [
      {
        "state": "NSW",
        "price": "250",
        "price_per_unit": "147",
        "price_unit": "G"
      },
      {
        "state": "VIC",
        "price": "250",
        "price_per_unit": "147",
        "price_unit": "G"
      },
      {
        "state": "QLD",
        "price": "250",
        "price_per_unit": "147",
        "price_unit": "G"
      },
      {
        "state": "WA",
        "price": "250",
        "price_per_unit": "147",
        "price_unit": "G"
      },
      {
        "state": "SA",
        "price": "250",
        "price_per_unit": "147",
        "price_unit": "G"
      },
      {
        "state": "TAS",
        "price": "250",
        "price_per_unit": "147",
        "price_unit": "G"
      },
      {
        "state": "ACT",
        "price": "250",
        "price_per_unit": "147",
        "price_unit": "G"
      },
      {
        "state": "NT",
        "price": "270",
        "price_per_unit": "159",
        "price_unit": "G"
      }
    ]
  },
  {
    "source_url": "https://www.woolworths.com.au/shop/productdetails/659823/only-organic-pumpkin-potato-beef-8-months",
    "name": "Only Organic Pumpkin Potato & Beef 8+ Months 170g",
    "image_url": "https://cdn1.woolworths.media/content/wowproductimages/large/659823.jpg",
    "source_id": "Woolworths - 659823",
    "barcode": "9403145304698",
    "category_id": "1_717A94B",
    "shop": "Woolworths",
    "weight": "100G",
    "prices": [
      {
        "state": "NSW",
        "price": "250",
        "price_per_unit": "147",
        "price_unit": "G"
      },
      {
        "state": "VIC",
        "price": "250",
        "price_per_unit": "147",
        "price_unit": "G"
      },
      {
        "state": "QLD",
        "price": "250",
        "price_per_unit": "147",
        "price_unit": "G"
      },
      {
        "state": "WA",
        "price": "250",
        "price_per_unit": "147",
        "price_unit": "G"
      },
      {
        "state": "SA",
        "price": "250",
        "price_per_unit": "147",
        "price_unit": "G"
      },
      {
        "state": "TAS",
        "price": "250",
        "price_per_unit": "147",
        "price_unit": "G"
      },
      {
        "state": "NT",
        "price": "270",
        "price_per_unit": "159",
        "price_unit": "G"
      }
    ]
  },
  {
    "source_url": "https://www.woolworths.com.au/shop/productdetails/53365/only-organic-sweet-pot-lamb-couscous",
    "name": "Only Organic Sweet Pot Lamb & Couscous 170g",
    "image_url": "https://cdn1.woolworths.media/content/wowproductimages/large/053365.jpg",
    "source_id": "Woolworths - 53365",
    "barcode": "9403145304766",
    "category_id": "1_717A94B",
    "shop": "Woolworths",
    "weight": "100G",
    "prices": [
      {
        "state": "NSW",
        "price": "250",
        "price_per_unit": "147",
        "price_unit": "G"
      },
      {
        "state": "VIC",
        "price": "250",
        "price_per_unit": "147",
        "price_unit": "G"
      },
      {
        "state": "QLD",
        "price": "250",
        "price_per_unit": "147",
        "price_unit": "G"
      },
      {
        "state": "WA",
        "price": "250",
        "price_per_unit": "147",
        "price_unit": "G"
      },
      {
        "state": "SA",
        "price": "250",
        "price_per_unit": "147",
        "price_unit": "G"
      },
      {
        "state": "TAS",
        "price": "250",
        "price_per_unit": "147",
        "price_unit": "G"
      },
      {
        "state": "ACT",
        "price": "250",
        "price_per_unit": "147",
        "price_unit": "G"
      },
      {
        "state": "NT",
        "price": "270",
        "price_per_unit": "159",
        "price_unit": "G"
      }
    ]
  },
  {
    "source_url": "https://www.woolworths.com.au/shop/productdetails/710423/only-organic-wild-rice-risotto-spring-lamb-wild-rice-risotto-spring-lamb",
    "name": "Only Organic Wild Rice Risotto Spring Lamb Wild Rice Risotto Spring Lamb 120g",
    "image_url": "https://cdn1.woolworths.media/content/wowproductimages/large/710423.jpg",
    "source_id": "Woolworths - 710423",
    "barcode": "9403145303448",
    "category_id": "1_717A94B",
    "shop": "Woolworths",
    "weight": "100G",
    "prices": [
      {
        "state": "NSW",
        "price": "180",
        "price_per_unit": "150",
        "price_unit": "G"
      },
      {
        "state": "VIC",
        "price": "180",
        "price_per_unit": "150",
        "price_unit": "G"
      },
      {
        "state": "QLD",
        "price": "180",
        "price_per_unit": "150",
        "price_unit": "G"
      },
      {
        "state": "WA",
        "price": "180",
        "price_per_unit": "150",
        "price_unit": "G"
      },
      {
        "state": "SA",
        "price": "180",
        "price_per_unit": "150",
        "price_unit": "G"
      },
      {
        "state": "TAS",
        "price": "180",
        "price_per_unit": "150",
        "price_unit": "G"
      },
      {
        "state": "ACT",
        "price": "180",
        "price_per_unit": "150",
        "price_unit": "G"
      },
      {
        "state": "NT",
        "price": "195",
        "price_per_unit": "163",
        "price_unit": "G"
      }
    ]
  },
  {
    "source_url": "https://www.woolworths.com.au/shop/productdetails/839018/bellamy-s-organic-organic-milk-vanilla-baby-rice",
    "name": "Bellamy's Organic Milk & Vanilla Baby Rice 125g",
    "image_url": "https://cdn1.woolworths.media/content/wowproductimages/large/839018.jpg",
    "source_id": "Woolworths - 839018",
    "barcode": "9332045000297",
    "category_id": "1_717A94B",
    "shop": "Woolworths",
    "weight": "100G",
    "prices": [
      {
        "state": "VIC",
        "price": "375",
        "price_per_unit": "300",
        "price_unit": "G"
      },
      {
        "state": "QLD",
        "price": "375",
        "price_per_unit": "300",
        "price_unit": "G"
      },
      {
        "state": "WA",
        "price": "375",
        "price_per_unit": "300",
        "price_unit": "G"
      },
      {
        "state": "SA",
        "price": "375",
        "price_per_unit": "300",
        "price_unit": "G"
      },
      {
        "state": "TAS",
        "price": "375",
        "price_per_unit": "300",
        "price_unit": "G"
      },
      {
        "state": "ACT",
        "price": "375",
        "price_per_unit": "300",
        "price_unit": "G"
      },
      {
        "state": "NT",
        "price": "375",
        "price_per_unit": "300",
        "price_unit": "G"
      }
    ]
  },
  {
    "source_url": "https://www.woolworths.com.au/shop/productdetails/59519/little-bellies-organic-animal-biscuits",
    "name": "Little Bellies Organic Animal Biscuits 130g",
    "image_url": "https://cdn1.woolworths.media/content/wowproductimages/large/059519.jpg",
    "source_id": "Woolworths - 59519",
    "barcode": "9337824002745",
    "category_id": "1_717A94B",
    "shop": "Woolworths",
    "weight": "100G",
    "prices": [
      {
        "state": "VIC",
        "price": "550",
        "price_per_unit": "423",
        "price_unit": "G"
      },
      {
        "state": "QLD",
        "price": "550",
        "price_per_unit": "423",
        "price_unit": "G"
      },
      {
        "state": "WA",
        "price": "550",
        "price_per_unit": "423",
        "price_unit": "G"
      },
      {
        "state": "SA",
        "price": "550",
        "price_per_unit": "423",
        "price_unit": "G"
      },
      {
        "state": "ACT",
        "price": "550",
        "price_per_unit": "423",
        "price_unit": "G"
      },
      {
        "state": "NT",
        "price": "580",
        "price_per_unit": "446",
        "price_unit": "G"
      }
    ]
  },
  {
    "source_url": "https://www.woolworths.com.au/shop/productdetails/397107/macro-organic-baby-food-apple-sweet-potato-apricot-cinnamon-custard",
    "name": "Macro Organic Baby Food Apple, Sweet Potato Apricot & Cinnamon Custard 120g",
    "image_url": "https://cdn1.woolworths.media/content/wowproductimages/large/397107.jpg",
    "source_id": "Woolworths - 397107",
    "barcode": "9339687358557",
    "category_id": "1_717A94B",
    "shop": "Woolworths",
    "weight": "100G",
    "prices": [
      {
        "state": "VIC",
        "price": "160",
        "price_per_unit": "133",
        "price_unit": "G"
      },
      {
        "state": "QLD",
        "price": "160",
        "price_per_unit": "133",
        "price_unit": "G"
      },
      {
        "state": "WA",
        "price": "160",
        "price_per_unit": "133",
        "price_unit": "G"
      },
      {
        "state": "SA",
        "price": "160",
        "price_per_unit": "133",
        "price_unit": "G"
      },
      {
        "state": "TAS",
        "price": "160",
        "price_per_unit": "133",
        "price_unit": "G"
      },
      {
        "state": "ACT",
        "price": "160",
        "price_per_unit": "133",
        "price_unit": "G"
      },
      {
        "state": "NT",
        "price": "175",
        "price_per_unit": "146",
        "price_unit": "G"
      }
    ]
  },
  {
    "source_url": "https://www.woolworths.com.au/shop/productdetails/399373/macro-organic-baby-food-mixed-fruit-spinach-smoothie-with-yoghurt-oats",
    "name": "Macro Organic Baby Food Mixed Fruit Spinach Smoothie with Yoghurt & Oats 120g",
    "image_url": "https://cdn1.woolworths.media/content/wowproductimages/large/399373.jpg",
    "source_id": "Woolworths - 399373",
    "barcode": "9339687358540",
    "category_id": "1_717A94B",
    "shop": "Woolworths",
    "weight": "100G",
    "prices": [
      {
        "state": "VIC",
        "price": "160",
        "price_per_unit": "133",
        "price_unit": "G"
      },
      {
        "state": "QLD",
        "price": "160",
        "price_per_unit": "133",
        "price_unit": "G"
      },
      {
        "state": "WA",
        "price": "160",
        "price_per_unit": "133",
        "price_unit": "G"
      },
      {
        "state": "SA",
        "price": "160",
        "price_per_unit": "133",
        "price_unit": "G"
      },
      {
        "state": "ACT",
        "price": "160",
        "price_per_unit": "133",
        "price_unit": "G"
      },
      {
        "state": "NT",
        "price": "175",
        "price_per_unit": "146",
        "price_unit": "G"
      }
    ]
  },
  {
    "source_url": "https://www.woolworths.com.au/shop/productdetails/399123/macro-organic-baby-food-pumpkin-chickpea-coconut-quinoa",
    "name": "Macro Organic Baby Food Pumpkin, Chickpea Coconut & Quinoa 120g",
    "image_url": "https://cdn1.woolworths.media/content/wowproductimages/large/399123.jpg",
    "source_id": "Woolworths - 399123",
    "barcode": "9339687358458",
    "category_id": "1_717A94B",
    "shop": "Woolworths",
    "weight": "100G",
    "prices": [
      {
        "state": "VIC",
        "price": "160",
        "price_per_unit": "133",
        "price_unit": "G"
      },
      {
        "state": "QLD",
        "price": "160",
        "price_per_unit": "133",
        "price_unit": "G"
      },
      {
        "state": "WA",
        "price": "160",
        "price_per_unit": "133",
        "price_unit": "G"
      },
      {
        "state": "SA",
        "price": "160",
        "price_per_unit": "133",
        "price_unit": "G"
      },
      {
        "state": "ACT",
        "price": "160",
        "price_per_unit": "133",
        "price_unit": "G"
      },
      {
        "state": "NT",
        "price": "175",
        "price_per_unit": "146",
        "price_unit": "G"
      }
    ]
  },
  {
    "source_url": "https://www.woolworths.com.au/shop/productdetails/372444/only-organic-banana-berries-yoghurt",
    "name": "Only Organic Banana Berries Yoghurt 120g",
    "image_url": "https://cdn1.woolworths.media/content/wowproductimages/large/372444.jpg",
    "source_id": "Woolworths - 372444",
    "barcode": "9403145303219",
    "category_id": "1_717A94B",
    "shop": "Woolworths",
    "weight": "100G",
    "prices": [
      {
        "state": "VIC",
        "price": "180",
        "price_per_unit": "150",
        "price_unit": "G"
      },
      {
        "state": "QLD",
        "price": "180",
        "price_per_unit": "150",
        "price_unit": "G"
      },
      {
        "state": "WA",
        "price": "180",
        "price_per_unit": "150",
        "price_unit": "G"
      },
      {
        "state": "SA",
        "price": "180",
        "price_per_unit": "150",
        "price_unit": "G"
      },
      {
        "state": "TAS",
        "price": "180",
        "price_per_unit": "150",
        "price_unit": "G"
      },
      {
        "state": "ACT",
        "price": "180",
        "price_per_unit": "150",
        "price_unit": "G"
      }
    ]
  },
  {
    "source_url": "https://www.woolworths.com.au/shop/productdetails/660273/only-organic-kumara-crt-coco-rice",
    "name": "Only Organic Kumara Crt & Coco Rice 170g",
    "image_url": "https://cdn1.woolworths.media/content/wowproductimages/large/660273.jpg",
    "source_id": "Woolworths - 660273",
    "barcode": "9403145304568",
    "category_id": "1_717A94B",
    "shop": "Woolworths",
    "weight": "100G",
    "prices": [
      {
        "state": "VIC",
        "price": "250",
        "price_per_unit": "147",
        "price_unit": "G"
      },
      {
        "state": "QLD",
        "price": "250",
        "price_per_unit": "147",
        "price_unit": "G"
      },
      {
        "state": "WA",
        "price": "250",
        "price_per_unit": "147",
        "price_unit": "G"
      },
      {
        "state": "SA",
        "price": "250",
        "price_per_unit": "147",
        "price_unit": "G"
      },
      {
        "state": "ACT",
        "price": "250",
        "price_per_unit": "147",
        "price_unit": "G"
      },
      {
        "state": "NT",
        "price": "270",
        "price_per_unit": "159",
        "price_unit": "G"
      }
    ]
  },
  {
    "source_url": "https://www.woolworths.com.au/shop/productdetails/223937/only-organic-pear-gold-kiwifruit-oats-with-prebiotics-8-months",
    "name": "Only Organic Pear Gold Kiwifruit & Oats With Prebiotics 8+ Months 120g",
    "image_url": "https://cdn1.woolworths.media/content/wowproductimages/large/223937.jpg",
    "source_id": "Woolworths - 223937",
    "barcode": "9403145305169",
    "category_id": "1_717A94B",
    "shop": "Woolworths",
    "weight": "100G",
    "prices": [
      {
        "state": "VIC",
        "price": "180",
        "price_per_unit": "150",
        "price_unit": "G"
      },
      {
        "state": "QLD",
        "price": "180",
        "price_per_unit": "150",
        "price_unit": "G"
      },
      {
        "state": "WA",
        "price": "180",
        "price_per_unit": "150",
        "price_unit": "G"
      },
      {
        "state": "SA",
        "price": "180",
        "price_per_unit": "150",
        "price_unit": "G"
      },
      {
        "state": "ACT",
        "price": "180",
        "price_per_unit": "150",
        "price_unit": "G"
      },
      {
        "state": "NT",
        "price": "190",
        "price_per_unit": "158",
        "price_unit": "G"
      }
    ]
  },
  {
    "source_url": "https://www.woolworths.com.au/shop/productdetails/933169/only-organic-vegetable-chicken-risotto-1-5-years",
    "name": "Only Organic Vegetable Chicken Risotto 1-5 Years 220g",
    "image_url": "https://cdn1.woolworths.media/content/wowproductimages/large/933169.jpg",
    "source_id": "Woolworths - 933169",
    "barcode": "9403145304230",
    "category_id": "1_717A94B",
    "shop": "Woolworths",
    "weight": "100G",
    "prices": [
      {
        "state": "VIC",
        "price": "350",
        "price_per_unit": "159",
        "price_unit": "G"
      },
      {
        "state": "QLD",
        "price": "350",
        "price_per_unit": "159",
        "price_unit": "G"
      },
      {
        "state": "WA",
        "price": "350",
        "price_per_unit": "159",
        "price_unit": "G"
      },
      {
        "state": "SA",
        "price": "350",
        "price_per_unit": "159",
        "price_unit": "G"
      },
      {
        "state": "ACT",
        "price": "350",
        "price_per_unit": "159",
        "price_unit": "G"
      },
      {
        "state": "NT",
        "price": "360",
        "price_per_unit": "164",
        "price_unit": "G"
      }
    ]
  },
  {
    "source_url": "https://www.woolworths.com.au/shop/productdetails/57509/whole-kids-organic-soft-cereal-biscuits-oatmeal",
    "name": "Whole Kids Organic Soft Cereal Biscuits - Oatmeal 120g",
    "image_url": "https://cdn1.woolworths.media/content/wowproductimages/large/057509.jpg",
    "source_id": "Woolworths - 57509",
    "barcode": "9336269001801",
    "category_id": "1_717A94B",
    "shop": "Woolworths",
    "weight": "100G",
    "prices": [
      {
        "state": "VIC",
        "price": "600",
        "price_per_unit": "500",
        "price_unit": "G"
      },
      {
        "state": "QLD",
        "price": "600",
        "price_per_unit": "500",
        "price_unit": "G"
      },
      {
        "state": "WA",
        "price": "600",
        "price_per_unit": "500",
        "price_unit": "G"
      },
      {
        "state": "SA",
        "price": "600",
        "price_per_unit": "500",
        "price_unit": "G"
      },
      {
        "state": "TAS",
        "price": "600",
        "price_per_unit": "500",
        "price_unit": "G"
      },
      {
        "state": "ACT",
        "price": "600",
        "price_per_unit": "500",
        "price_unit": "G"
      },
      {
        "state": "NT",
        "price": "630",
        "price_per_unit": "525",
        "price_unit": "G"
      }
    ]
  },
  {
    "source_url": "https://www.woolworths.com.au/shop/productdetails/57508/whole-kids-organic-soft-cereal-biscuits-spelt-apple",
    "name": "Whole Kids Organic Soft Cereal Biscuits- Spelt & Apple 120g",
    "image_url": "https://cdn1.woolworths.media/content/wowproductimages/large/057508.jpg",
    "source_id": "Woolworths - 57508",
    "barcode": "9336269001818",
    "category_id": "1_717A94B",
    "shop": "Woolworths",
    "weight": "100G",
    "prices": [
      {
        "state": "VIC",
        "price": "600",
        "price_per_unit": "500",
        "price_unit": "G"
      },
      {
        "state": "QLD",
        "price": "600",
        "price_per_unit": "500",
        "price_unit": "G"
      },
      {
        "state": "WA",
        "price": "600",
        "price_per_unit": "500",
        "price_unit": "G"
      },
      {
        "state": "SA",
        "price": "600",
        "price_per_unit": "500",
        "price_unit": "G"
      },
      {
        "state": "ACT",
        "price": "600",
        "price_per_unit": "500",
        "price_unit": "G"
      },
      {
        "state": "NT",
        "price": "630",
        "price_per_unit": "525",
        "price_unit": "G"
      }
    ]
  }
]