[
  {
    "source_url": "https://www.woolworths.com.au/shop/productdetails/721255/farex-breakfast-on-the-go-creamy-baby-food-porridge-6-months",
    "name": "Farex Breakfast On The Go Creamy Baby Food Porridge 6+ Months 120g",
    "image_url": "https://cdn1.woolworths.media/content/wowproductimages/large/721255.jpg",
    "source_id": "Woolworths - 721255",
    "barcode": "9300657168100",
    "category_id": "1_717A94B",
    "shop": "Woolworths",
    "weight": "100G",
    "prices": [
      {
        "state": "NSW",
        "price": "160",
        "price_per_unit": "133",
        "price_unit": "G"
      },
      {
        "state": "VIC",
        "price": "160",
        "price_per_unit": "133",
        "price_unit": "G"
      },
      {
        "state": "QLD",
        "price": "160",
        "price_per_unit": "133",
        "price_unit": "G"
      },
      {
        "state": "WA",
        "price": "160",
        "price_per_unit": "133",
        "price_unit": "G"
      },
      {
        "state": "SA",
        "price": "160",
        "price_per_unit": "133",
        "price_unit": "G"
      },
      {
        "state": "TAS",
        "price": "160",
        "price_per_unit": "133",
        "price_unit": "G"
      },
      {
        "state": "ACT",
        "price": "160",
        "price_per_unit": "133",
        "price_unit": "G"
      },
      {
        "state": "NT",
        "price": "160",
        "price_per_unit": "133",
        "price_unit": "G"
      }
    ]
  },
  {
    "source_url": "https://www.woolworths.com.au/shop/productdetails/790523/heinz-baby-food-6-months-chicken-sweetcorn-mango",
    "name": "Heinz Baby Food 6+ Months Chicken, Sweetcorn & Mango 120g",
    "image_url": "https://cdn1.woolworths.media/content/wowproductimages/large/790523.jpg",
    "source_id": "Woolworths - 790523",
    "barcode": "9300657131050",
    "category_id": "1_717A94B",
    "shop": "Woolworths",
    "weight": "100G",
    "prices": [
      {
        "state": "NSW",
        "price": "160",
        "price_per_unit": "133",
        "price_unit": "G"
      },
      {
        "state": "VIC",
        "price": "160",
        "price_per_unit": "133",
        "price_unit": "G"
      },
      {
        "state": "QLD",
        "price": "160",
        "price_per_unit": "133",
        "price_unit": "G"
      },
      {
        "state": "WA",
        "price": "160",
        "price_per_unit": "133",
        "price_unit": "G"
      },
      {
        "state": "SA",
        "price": "160",
        "price_per_unit": "133",
        "price_unit": "G"
      },
      {
        "state": "TAS",
        "price": "160",
        "price_per_unit": "133",
        "price_unit": "G"
      },
      {
        "state": "ACT",
        "price": "160",
        "price_per_unit": "133",
        "price_unit": "G"
      },
      {
        "state": "NT",
        "price": "160",
        "price_per_unit": "133",
        "price_unit": "G"
      }
    ]
  },
  {
    "source_url": "https://www.woolworths.com.au/shop/productdetails/362689/heinz-baby-food-6-months-vanilla-custard",
    "name": "Heinz Baby Food 6+ Months Vanilla Custard 120g",
    "image_url": "https://cdn1.woolworths.media/content/wowproductimages/large/362689.jpg",
    "source_id": "Woolworths - 362689",
    "barcode": "9300657160340",
    "category_id": "1_717A94B",
    "shop": "Woolworths",
    "weight": "100G",
    "prices": [
      {
        "state": "NSW",
        "price": "160",
        "price_per_unit": "133",
        "price_unit": "G"
      },
      {
        "state": "VIC",
        "price": "160",
        "price_per_unit": "133",
        "price_unit": "G"
      },
      {
        "state": "QLD",
        "price": "160",
        "price_per_unit": "133",
        "price_unit": "G"
      },
      {
        "state": "WA",
        "price": "160",
        "price_per_unit": "133",
        "price_unit": "G"
      },
      {
        "state": "SA",
        "price": "160",
        "price_per_unit": "133",
        "price_unit": "G"
      },
      {
        "state": "TAS",
        "price": "160",
        "price_per_unit": "133",
        "price_unit": "G"
      },
      {
        "state": "ACT",
        "price": "160",
        "price_per_unit": "133",
        "price_unit": "G"
      },
      {
        "state": "NT",
        "price": "160",
        "price_per_unit": "133",
        "price_unit": "G"
      }
    ]
  },
  {
    "source_url": "https://www.woolworths.com.au/shop/productdetails/708698/heinz-baby-food-apple-oatmeal-6-months",
    "name": "Heinz Baby Food Apple & Oatmeal 6+ Months 170g",
    "image_url": "https://cdn1.woolworths.media/content/wowproductimages/large/708698.jpg",
    "source_id": "Woolworths - 708698",
    "barcode": "9300657161538",
    "category_id": "1_717A94B",
    "shop": "Woolworths",
    "weight": "100G",
    "prices": [
      {
        "state": "NSW",
        "price": "160",
        "price_per_unit": "94",
        "price_unit": "G"
      },
      {
        "state": "VIC",
        "price": "160",
        "price_per_unit": "94",
        "price_unit": "G"
      },
      {
        "state": "QLD",
        "price": "160",
        "price_per_unit": "94",
        "price_unit": "G"
      },
      {
        "state": "WA",
        "price": "160",
        "price_per_unit": "94",
        "price_unit": "G"
      },
      {
        "state": "SA",
        "price": "160",
        "price_per_unit": "94",
        "price_unit": "G"
      },
      {
        "state": "TAS",
        "price": "160",
        "price_per_unit": "94",
        "price_unit": "G"
      },
      {
        "state": "ACT",
        "price": "160",
        "price_per_unit": "94",
        "price_unit": "G"
      },
      {
        "state": "NT",
        "price": "170",
        "price_per_unit": "100",
        "price_unit": "G"
      }
    ]
  },
  {
    "source_url": "https://www.woolworths.com.au/shop/productdetails/362691/heinz-baby-food-banana-custard-8-months",
    "name": "Heinz Baby Food Banana Custard 8+ Months 120g",
    "image_url": "https://cdn1.woolworths.media/content/wowproductimages/large/362691.jpg",
    "source_id": "Woolworths - 362691",
    "barcode": "9300657160357",
    "category_id": "1_717A94B",
    "shop": "Woolworths",
    "weight": "100G",
    "prices": [
      {
        "state": "NSW",
        "price": "160",
        "price_per_unit": "133",
        "price_unit": "G"
      },
      {
        "state": "VIC",
        "price": "160",
        "price_per_unit": "133",
        "price_unit": "G"
      },
      {
        "state": "QLD",
        "price": "160",
        "price_per_unit": "133",
        "price_unit": "G"
      },
      {
        "state": "WA",
        "price": "160",
        "price_per_unit": "133",
        "price_unit": "G"
      },
      {
        "state": "SA",
        "price": "160",
        "price_per_unit": "133",
        "price_unit": "G"
      },
      {
        "state": "TAS",
        "price": "160",
        "price_per_unit": "133",
        "price_unit": "G"
      },
      {
        "state": "ACT",
        "price": "160",
        "price_per_unit": "133",
        "price_unit": "G"
      },
      {
        "state": "NT",
        "price": "160",
        "price_per_unit": "133",
        "price_unit": "G"
      }
    ]
  },
  {
    "source_url": "https://www.woolworths.com.au/shop/productdetails/830513/heinz-lamb-pumpkin-sweet-potato-baby-food-jar-6-months",
    "name": "Heinz Lamb, Pumpkin + Sweet Potato Baby Food Jar 6+ Months 170g",
    "image_url": "https://cdn1.woolworths.media/content/wowproductimages/large/830513.jpg",
    "source_id": "Woolworths - 830513",
    "barcode": "9300657132231",
    "category_id": "1_717A94B",
    "shop": "Woolworths",
    "weight": "100G",
    "prices": [
      {
        "state": "NSW",
        "price": "160",
        "price_per_unit": "94",
        "price_unit": "G"
      },
      {
        "state": "VIC",
        "price": "160",
        "price_per_unit": "94",
        "price_unit": "G"
      },
      {
        "state": "QLD",
        "price": "160",
        "price_per_unit": "94",
        "price_unit": "G"
      },
      {
        "state": "WA",
        "price": "160",
        "price_per_unit": "94",
        "price_unit": "G"
      },
      {
        "state": "SA",
        "price": "160",
        "price_per_unit": "94",
        "price_unit": "G"
      },
      {
        "state": "TAS",
        "price": "160",
        "price_per_unit": "94",
        "price_unit": "G"
      },
      {
        "state": "ACT",
        "price": "160",
        "price_per_unit": "94",
        "price_unit": "G"
      },
      {
        "state": "NT",
        "price": "170",
        "price_per_unit": "100",
        "price_unit": "G"
      }
    ]
  },
  {
    "source_url": "https://www.woolworths.com.au/shop/productdetails/26261/heinz-little-treats-vanilla-custard-baby-food-jar-6-months",
    "name": "Heinz Little Treats Vanilla Custard Baby Food Jar 6+ Months 110g",
    "image_url": "https://cdn1.woolworths.media/content/wowproductimages/large/026261.jpg",
    "source_id": "Woolworths - 26261",
    "barcode": "93657723",
    "category_id": "1_717A94B",
    "shop": "Woolworths",
    "weight": "100G",
    "prices": [
      {
        "state": "NSW",
        "price": "100",
        "price_per_unit": "91",
        "price_unit": "G"
      },
      {
        "state": "VIC",
        "price": "100",
        "price_per_unit": "91",
        "price_unit": "G"
      },
      {
        "state": "QLD",
        "price": "100",
        "price_per_unit": "91",
        "price_unit": "G"
      },
      {
        "state": "WA",
        "price": "100",
        "price_per_unit": "91",
        "price_unit": "G"
      },
      {
        "state": "SA",
        "price": "100",
        "price_per_unit": "91",
        "price_unit": "G"
      },
      {
        "state": "TAS",
        "price": "100",
        "price_per_unit": "91",
        "price_unit": "G"
      },
      {
        "state": "ACT",
        "price": "100",
        "price_per_unit": "91",
        "price_unit": "G"
      },
      {
        "state": "NT",
        "price": "100",
        "price_per_unit": "91",
        "price_unit": "G"
      }
    ]
  },
  {
    "source_url": "https://www.woolworths.com.au/shop/productdetails/277124/little-bellies-organic-apple-mango-peach-oat-smoothie-baby-food-pouch",
    "name": "Little Bellies Organic Apple Mango & Peach Oat Smoothie Baby Food Pouch 90g",
    "image_url": "https://cdn1.woolworths.media/content/wowproductimages/large/277124.jpg",
    "source_id": "Woolworths - 277124",
    "barcode": "9337824003759",
    "category_id": "1_717A94B",
    "shop": "Woolworths",
    "weight": "100G",
    "prices": [
      {
        "state": "NSW",
        "price": "140",
        "price_per_unit": "156",
        "price_unit": "G"
      },
      {
        "state": "SA",
        "price": "140",
        "price_per_unit": "156",
        "price_unit": "G"
      },
      {
        "state": "ACT",
        "price": "140",
        "price_per_unit": "156",
        "price_unit": "G"
      },
      {
        "state": "NT",
        "price": "145",
        "price_per_unit": "161",
        "price_unit": "G"
      }
    ]
  },
  {
    "source_url": "https://www.woolworths.com.au/shop/productdetails/276951/little-bellies-organic-banana-apple-oat-smoothie-baby-food-pouch",
    "name": "Little Bellies Organic Banana & Apple Oat Smoothie Baby Food Pouch 90g",
    "image_url": "https://cdn1.woolworths.media/content/wowproductimages/large/276951.jpg",
    "source_id": "Woolworths - 276951",
    "barcode": "9337824003742",
    "category_id": "1_717A94B",
    "shop": "Woolworths",
    "weight": "100G",
    "prices": [
      {
        "state": "NSW",
        "price": "140",
        "price_per_unit": "156",
        "price_unit": "G"
      },
      {
        "state": "SA",
        "price": "140",
        "price_per_unit": "156",
        "price_unit": "G"
      },
      {
        "state": "ACT",
        "price": "140",
        "price_per_unit": "156",
        "price_unit": "G"
      },
      {
        "state": "NT",
        "price": "145",
        "price_per_unit": "161",
        "price_unit": "G"
      }
    ]
  },
  {
    "source_url": "https://www.woolworths.com.au/shop/productdetails/713590/macro-organic-baby-food-apple-blueberry-6m",
    "name": "Macro Organic Baby Food Apple & Blueberry 6m 120g",
    "image_url": "https://cdn1.woolworths.media/content/wowproductimages/large/713590.jpg",
    "source_id": "Woolworths - 713590",
    "barcode": "9300633268923",
    "category_id": "1_717A94B",
    "shop": "Woolworths",
    "weight": "100G",
    "prices": [
      {
        "state": "NSW",
        "price": "160",
        "price_per_unit": "133",
        "price_unit": "G"
      },
      {
        "state": "VIC",
        "price": "160",
        "price_per_unit": "133",
        "price_unit": "G"
      },
      {
        "state": "QLD",
        "price": "160",
        "price_per_unit": "133",
        "price_unit": "G"
      },
      {
        "state": "WA",
        "price": "160",
        "price_per_unit": "133",
        "price_unit": "G"
      },
      {
        "state": "SA",
        "price": "160",
        "price_per_unit": "133",
        "price_unit": "G"
      },
      {
        "state": "TAS",
        "price": "160",
        "price_per_unit": "133",
        "price_unit": "G"
      },
      {
        "state": "ACT",
        "price": "160",
        "price_per_unit": "133",
        "price_unit": "G"
      },
      {
        "state": "NT",
        "price": "175",
        "price_per_unit": "146",
        "price_unit": "G"
      }
    ]
  },
  {
    "source_url": "https://www.woolworths.com.au/shop/productdetails/713568/macro-organic-baby-food-apple-pear-6m",
    "name": "Macro Organic Baby Food Apple & Pear 6m 120g",
    "image_url": "https://cdn1.woolworths.media/content/wowproductimages/large/713568.jpg",
    "source_id": "Woolworths - 713568",
    "barcode": "9300633268909",
    "category_id": "1_717A94B",
    "shop": "Woolworths",
    "weight": "100G",
    "prices": [
      {
        "state": "NSW",
        "price": "160",
        "price_per_unit": "133",
        "price_unit": "G"
      },
      {
        "state": "VIC",
        "price": "160",
        "price_per_unit": "133",
        "price_unit": "G"
      },
      {
        "state": "QLD",
        "price": "160",
        "price_per_unit": "133",
        "price_unit": "G"
      },
      {
        "state": "WA",
        "price": "160",
        "price_per_unit": "133",
        "price_unit": "G"
      },
      {
        "state": "SA",
        "price": "160",
        "price_per_unit": "133",
        "price_unit": "G"
      },
      {
        "state": "TAS",
        "price": "160",
        "price_per_unit": "133",
        "price_unit": "G"
      },
      {
        "state": "ACT",
        "price": "160",
        "price_per_unit": "133",
        "price_unit": "G"
      },
      {
        "state": "NT",
        "price": "175",
        "price_per_unit": "146",
        "price_unit": "G"
      }
    ]
  },
  {
    "source_url": "https://www.woolworths.com.au/shop/productdetails/669657/macro-organic-baby-food-apple-berries-fig-with-yoghurt",
    "name": "Macro Organic Baby Food Apple Berries & Fig With Yoghurt 120g",
    "image_url": "https://cdn1.woolworths.media/content/wowproductimages/large/669657.jpg",
    "source_id": "Woolworths - 669657",
    "barcode": "9339687020973",
    "category_id": "1_717A94B",
    "shop": "Woolworths",
    "weight": "100G",
    "prices": [
      {
        "state": "NSW",
        "price": "160",
        "price_per_unit": "133",
        "price_unit": "G"
      },
      {
        "state": "QLD",
        "price": "160",
        "price_per_unit": "133",
        "price_unit": "G"
      },
      {
        "state": "WA",
        "price": "160",
        "price_per_unit": "133",
        "price_unit": "G"
      },
      {
        "state": "SA",
        "price": "160",
        "price_per_unit": "133",
        "price_unit": "G"
      },
      {
        "state": "ACT",
        "price": "160",
        "price_per_unit": "133",
        "price_unit": "G"
      },
      {
        "state": "NT",
        "price": "175",
        "price_per_unit": "146",
        "price_unit": "G"
      }
    ]
  },
  {
    "source_url": "https://www.woolworths.com.au/shop/productdetails/713596/macro-organic-baby-food-beef-vegetables-rice-6m",
    "name": "Macro Organic Baby Food Beef Vegetables & Rice 6m 120g",
    "image_url": "https://cdn1.woolworths.media/content/wowproductimages/large/713596.jpg",
    "source_id": "Woolworths - 713596",
    "barcode": "9300633268985",
    "category_id": "1_717A94B",
    "shop": "Woolworths",
    "weight": "100G",
    "prices": [
      {
        "state": "NSW",
        "price": "160",
        "price_per_unit": "133",
        "price_unit": "G"
      },
      {
        "state": "VIC",
        "price": "160",
        "price_per_unit": "133",
        "price_unit": "G"
      },
      {
        "state": "QLD",
        "price": "160",
        "price_per_unit": "133",
        "price_unit": "G"
      },
      {
        "state": "WA",
        "price": "160",
        "price_per_unit": "133",
        "price_unit": "G"
      },
      {
        "state": "SA",
        "price": "160",
        "price_per_unit": "133",
        "price_unit": "G"
      },
      {
        "state": "TAS",
        "price": "160",
        "price_per_unit": "133",
        "price_unit": "G"
      },
      {
        "state": "ACT",
        "price": "160",
        "price_per_unit": "133",
        "price_unit": "G"
      },
      {
        "state": "NT",
        "price": "175",
        "price_per_unit": "146",
        "price_unit": "G"
      }
    ]
  },
  {
    "source_url": "https://www.woolworths.com.au/shop/productdetails/713599/macro-organic-baby-food-chicken-sweetcorn-pasta-6m",
    "name": "Macro Organic Baby Food Chicken & Sweetcorn Pasta 6m 120g",
    "image_url": "https://cdn1.woolworths.media/content/wowproductimages/large/713599.jpg",
    "source_id": "Woolworths - 713599",
    "barcode": "9300633269012",
    "category_id": "1_717A94B",
    "shop": "Woolworths",
    "weight": "100G",
    "prices": [
      {
        "state": "NSW",
        "price": "160",
        "price_per_unit": "133",
        "price_unit": "G"
      },
      {
        "state": "VIC",
        "price": "160",
        "price_per_unit": "133",
        "price_unit": "G"
      },
      {
        "state": "QLD",
        "price": "160",
        "price_per_unit": "133",
        "price_unit": "G"
      },
      {
        "state": "WA",
        "price": "160",
        "price_per_unit": "133",
        "price_unit": "G"
      },
      {
        "state": "SA",
        "price": "160",
        "price_per_unit": "133",
        "price_unit": "G"
      },
      {
        "state": "ACT",
        "price": "160",
        "price_per_unit": "133",
        "price_unit": "G"
      },
      {
        "state": "NT",
        "price": "175",
        "price_per_unit": "146",
        "price_unit": "G"
      }
    ]
  },
  {
    "source_url": "https://www.woolworths.com.au/shop/productdetails/713592/macro-organic-baby-food-pumpkin-potato-carrot-sweetcorn",
    "name": "Macro Organic Baby Food Pumpkin Potato Carrot & Sweetcorn 120g",
    "image_url": "https://cdn1.woolworths.media/content/wowproductimages/large/713592.jpg",
    "source_id": "Woolworths - 713592",
    "barcode": "9300633268947",
    "category_id": "1_717A94B",
    "shop": "Woolworths",
    "weight": "100G",
    "prices": [
      {
        "state": "NSW",
        "price": "160",
        "price_per_unit": "133",
        "price_unit": "G"
      },
      {
        "state": "VIC",
        "price": "160",
        "price_per_unit": "133",
        "price_unit": "G"
      },
      {
        "state": "QLD",
        "price": "160",
        "price_per_unit": "133",
        "price_unit": "G"
      },
      {
        "state": "WA",
        "price": "160",
        "price_per_unit": "133",
        "price_unit": "G"
      },
      {
        "state": "SA",
        "price": "160",
        "price_per_unit": "133",
        "price_unit": "G"
      },
      {
        "state": "TAS",
        "price": "160",
        "price_per_unit": "133",
        "price_unit": "G"
      },
      {
        "state": "ACT",
        "price": "160",
        "price_per_unit": "133",
        "price_unit": "G"
      },
      {
        "state": "NT",
        "price": "175",
        "price_per_unit": "146",
        "price_unit": "G"
      }
    ]
  },
  {
    "source_url": "https://www.woolworths.com.au/shop/productdetails/669654/macro-organic-baby-food-sweet-potato-carrot-zucchini",
    "name": "Macro Organic Baby Food Sweet Potato Carrot & Zucchini 120g",
    "image_url": "https://cdn1.woolworths.media/content/wowproductimages/large/669654.jpg",
    "source_id": "Woolworths - 669654",
    "barcode": "9339687020942",
    "category_id": "1_717A94B",
    "shop": "Woolworths",
    "weight": "100G",
    "prices": [
      {
        "state": "NSW",
        "price": "160",
        "price_per_unit": "133",
        "price_unit": "G"
      },
      {
        "state": "VIC",
        "price": "160",
        "price_per_unit": "133",
        "price_unit": "G"
      },
      {
        "state": "QLD",
        "price": "160",
        "price_per_unit": "133",
        "price_unit": "G"
      },
      {
        "state": "WA",
        "price": "160",
        "price_per_unit": "133",
        "price_unit": "G"
      },
      {
        "state": "SA",
        "price": "160",
        "price_per_unit": "133",
        "price_unit": "G"
      },
      {
        "state": "TAS",
        "price": "160",
        "price_per_unit": "133",
        "price_unit": "G"
      },
      {
        "state": "ACT",
        "price": "160",
        "price_per_unit": "133",
        "price_unit": "G"
      },
      {
        "state": "NT",
        "price": "175",
        "price_per_unit": "146",
        "price_unit": "G"
      }
    ]
  },
  {
    "source_url": "https://www.woolworths.com.au/shop/productdetails/749784/macro-organic-baby-foodapple-banana-blueberry-muesli-6m",
    "name": "Macro Organic Baby FoodApple Banana & Blueberry Muesli 6m 120g",
    "image_url": "https://cdn1.woolworths.media/content/wowproductimages/large/749784.jpg",
    "source_id": "Woolworths - 749784",
    "barcode": "9300633394219",
    "category_id": "1_717A94B",
    "shop": "Woolworths",
    "weight": "100G",
    "prices": [
      {
        "state": "NSW",
        "price": "160",
        "price_per_unit": "133",
        "price_unit": "G"
      },
      {
        "state": "QLD",
        "price": "160",
        "price_per_unit": "133",
        "price_unit": "G"
      },
      {
        "state": "WA",
        "price": "160",
        "price_per_unit": "133",
        "price_unit": "G"
      },
      {
        "state": "SA",
        "price": "160",
        "price_per_unit": "133",
        "price_unit": "G"
      },
      {
        "state": "TAS",
        "price": "160",
        "price_per_unit": "133",
        "price_unit": "G"
      },
      {
        "state": "ACT",
        "price": "160",
        "price_per_unit": "133",
        "price_unit": "G"
      },
      {
        "state": "NT",
        "price": "175",
        "price_per_unit": "146",
        "price_unit": "G"
      }
    ]
  },
  {
    "source_url": "https://www.woolworths.com.au/shop/productdetails/61860/nestle-cerelac-oats-wheat-with-prune-baby-cereal-6-months",
    "name": "Nestle Cerelac Oats & Wheat With Prune Baby Cereal +6 Months 200g",
    "image_url": "https://cdn1.woolworths.media/content/wowproductimages/large/061860.jpg",
    "source_id": "Woolworths - 61860",
    "barcode": "7613036960014",
    "category_id": "1_717A94B",
    "shop": "Woolworths",
    "weight": "100G",
    "prices": [
      {
        "state": "NSW",
        "price": "690",
        "price_per_unit": "345",
        "price_unit": "G"
      },
      {
        "state": "VIC",
        "price": "690",
        "price_per_unit": "345",
        "price_unit": "G"
      },
      {
        "state": "QLD",
        "price": "690",
        "price_per_unit": "345",
        "price_unit": "G"
      },
      {
        "state": "WA",
        "price": "690",
        "price_per_unit": "345",
        "price_unit": "G"
      },
      {
        "state": "SA",
        "price": "690",
        "price_per_unit": "345",
        "price_unit": "G"
      },
      {
        "state": "TAS",
        "price": "690",
        "price_per_unit": "345",
        "price_unit": "G"
      },
      {
        "state": "ACT",
        "price": "690",
        "price_per_unit": "345",
        "price_unit": "G"
      },
      {
        "state": "NT",
        "price": "690",
        "price_per_unit": "345",
        "price_unit": "G"
      }
    ]
  },
  {
    "source_url": "https://www.woolworths.com.au/shop/productdetails/322266/only-organic-4-months-apple-peach-apricot",
    "name": "Only Organic 4 Months+ Apple Peach & Apricot 120g",
    "image_url": "https://cdn1.woolworths.media/content/wowproductimages/large/322266.jpg",
    "source_id": "Woolworths - 322266",
    "barcode": "9403145302601",
    "category_id": "1_717A94B",
    "shop": "Woolworths",
    "weight": "100G",
    "prices": [
      {
        "state": "NSW",
        "price": "180",
        "price_per_unit": "150",
        "price_unit": "G"
      },
      {
        "state": "VIC",
        "price": "180",
        "price_per_unit": "150",
        "price_unit": "G"
      },
      {
        "state": "QLD",
        "price": "180",
        "price_per_unit": "150",
        "price_unit": "G"
      },
      {
        "state": "WA",
        "price": "180",
        "price_per_unit": "150",
        "price_unit": "G"
      },
      {
        "state": "SA",
        "price": "180",
        "price_per_unit": "150",
        "price_unit": "G"
      },
      {
        "state": "TAS",
        "price": "180",
        "price_per_unit": "150",
        "price_unit": "G"
      },
      {
        "state": "ACT",
        "price": "180",
        "price_per_unit": "150",
        "price_unit": "G"
      },
      {
        "state": "NT",
        "price": "190",
        "price_per_unit": "158",
        "price_unit": "G"
      }
    ]
  },
  {
    "source_url": "https://www.woolworths.com.au/shop/productdetails/322268/only-organic-4-months-banana-apple",
    "name": "Only Organic 4 Months+ Banana & Apple 120g",
    "image_url": "https://cdn1.woolworths.media/content/wowproductimages/large/322268.jpg",
    "source_id": "Woolworths - 322268",
    "barcode": "9403145302595",
    "category_id": "1_717A94B",
    "shop": "Woolworths",
    "weight": "100G",
    "prices": [
      {
        "state": "NSW",
        "price": "180",
        "price_per_unit": "150",
        "price_unit": "G"
      },
      {
        "state": "VIC",
        "price": "180",
        "price_per_unit": "150",
        "price_unit": "G"
      },
      {
        "state": "QLD",
        "price": "180",
        "price_per_unit": "150",
        "price_unit": "G"
      },
      {
        "state": "WA",
        "price": "180",
        "price_per_unit": "150",
        "price_unit": "G"
      },
      {
        "state": "SA",
        "price": "180",
        "price_per_unit": "150",
        "price_unit": "G"
      },
      {
        "state": "TAS",
        "price": "180",
        "price_per_unit": "150",
        "price_unit": "G"
      },
      {
        "state": "ACT",
        "price": "180",
        "price_per_unit": "150",
        "price_unit": "G"
      },
      {
        "state": "NT",
        "price": "190",
        "price_per_unit": "158",
        "price_unit": "G"
      }
    ]
  },
  {
    "source_url": "https://www.woolworths.com.au/shop/productdetails/333288/only-organic-6-months-apple-banana-mango",
    "name": "Only Organic 6 Months+ Apple Banana & Mango 120g",
    "image_url": "https://cdn1.woolworths.media/content/wowproductimages/large/333288.jpg",
    "source_id": "Woolworths - 333288",
    "barcode": "9403145302748",
    "category_id": "1_717A94B",
    "shop": "Woolworths",
    "weight": "100G",
    "prices": [
      {
        "state": "NSW",
        "price": "180",
        "price_per_unit": "150",
        "price_unit": "G"
      },
      {
        "state": "VIC",
        "price": "180",
        "price_per_unit": "150",
        "price_unit": "G"
      },
      {
        "state": "QLD",
        "price": "180",
        "price_per_unit": "150",
        "price_unit": "G"
      },
      {
        "state": "WA",
        "price": "180",
        "price_per_unit": "150",
        "price_unit": "G"
      },
      {
        "state": "SA",
        "price": "180",
        "price_per_unit": "150",
        "price_unit": "G"
      },
      {
        "state": "TAS",
        "price": "180",
        "price_per_unit": "150",
        "price_unit": "G"
      },
      {
        "state": "ACT",
        "price": "180",
        "price_per_unit": "150",
        "price_unit": "G"
      },
      {
        "state": "NT",
        "price": "190",
        "price_per_unit": "158",
        "price_unit": "G"
      }
    ]
  },
  {
    "source_url": "https://www.woolworths.com.au/shop/productdetails/765211/only-organic-6-months-banana-blueberry-quinoa",
    "name": "Only Organic 6 Months+ Banana Blueberry & Quinoa 120g",
    "image_url": "https://cdn1.woolworths.media/content/wowproductimages/large/765211.jpg",
    "source_id": "Woolworths - 765211",
    "barcode": "9403145303714",
    "category_id": "1_717A94B",
    "shop": "Woolworths",
    "weight": "100G",
    "prices": [
      {
        "state": "NSW",
        "price": "180",
        "price_per_unit": "150",
        "price_unit": "G"
      },
      {
        "state": "VIC",
        "price": "180",
        "price_per_unit": "150",
        "price_unit": "G"
      },
      {
        "state": "QLD",
        "price": "180",
        "price_per_unit": "150",
        "price_unit": "G"
      },
      {
        "state": "WA",
        "price": "180",
        "price_per_unit": "150",
        "price_unit": "G"
      },
      {
        "state": "SA",
        "price": "180",
        "price_per_unit": "150",
        "price_unit": "G"
      },
      {
        "state": "TAS",
        "price": "180",
        "price_per_unit": "150",
        "price_unit": "G"
      },
      {
        "state": "ACT",
        "price": "180",
        "price_per_unit": "150",
        "price_unit": "G"
      },
      {
        "state": "NT",
        "price": "190",
        "price_per_unit": "158",
        "price_unit": "G"
      }
    ]
  },
  {
    "source_url": "https://www.woolworths.com.au/shop/productdetails/372442/only-organic-6-months-vanilla-bean-custard",
    "name": "Only Organic 6 Months+ Vanilla Bean Custard 120g",
    "image_url": "https://cdn1.woolworths.media/content/wowproductimages/large/372442.jpg",
    "source_id": "Woolworths - 372442",
    "barcode": "9403145303172",
    "category_id": "1_717A94B",
    "shop": "Woolworths",
    "weight": "100G",
    "prices": [
      {
        "state": "NSW",
        "price": "180",
        "price_per_unit": "150",
        "price_unit": "G"
      },
      {
        "state": "VIC",
        "price": "180",
        "price_per_unit": "150",
        "price_unit": "G"
      },
      {
        "state": "QLD",
        "price": "180",
        "price_per_unit": "150",
        "price_unit": "G"
      },
      {
        "state": "WA",
        "price": "180",
        "price_per_unit": "150",
        "price_unit": "G"
      },
      {
        "state": "SA",
        "price": "180",
        "price_per_unit": "150",
        "price_unit": "G"
      },
      {
        "state": "TAS",
        "price": "180",
        "price_per_unit": "150",
        "price_unit": "G"
      },
      {
        "state": "ACT",
        "price": "180",
        "price_per_unit": "150",
        "price_unit": "G"
      },
      {
        "state": "NT",
        "price": "190",
        "price_per_unit": "158",
        "price_unit": "G"
      }
    ]
  },
  {
    "source_url": "https://www.woolworths.com.au/shop/productdetails/333290/only-organic-8-months-banana-raspberry-vanilla",
    "name": "Only Organic 8 Months+ Banana Raspberry & Vanilla 120g",
    "image_url": "https://cdn1.woolworths.media/content/wowproductimages/large/333290.jpg",
    "source_id": "Woolworths - 333290",
    "barcode": "9403145302779",
    "category_id": "1_717A94B",
    "shop": "Woolworths",
    "weight": "100G",
    "prices": [
      {
        "state": "NSW",
        "price": "180",
        "price_per_unit": "150",
        "price_unit": "G"
      },
      {
        "state": "VIC",
        "price": "180",
        "price_per_unit": "150",
        "price_unit": "G"
      },
      {
        "state": "QLD",
        "price": "180",
        "price_per_unit": "150",
        "price_unit": "G"
      },
      {
        "state": "WA",
        "price": "180",
        "price_per_unit": "150",
        "price_unit": "G"
      },
      {
        "state": "SA",
        "price": "180",
        "price_per_unit": "150",
        "price_unit": "G"
      },
      {
        "state": "TAS",
        "price": "180",
        "price_per_unit": "150",
        "price_unit": "G"
      },
      {
        "state": "ACT",
        "price": "180",
        "price_per_unit": "150",
        "price_unit": "G"
      },
      {
        "state": "NT",
        "price": "190",
        "price_per_unit": "158",
        "price_unit": "G"
      }
    ]
  },
  {
    "source_url": "https://www.woolworths.com.au/shop/productdetails/710425/only-organic-8-months-carrot-red-lentils-cheddar",
    "name": "Only Organic 8 Months+ Carrot Red Lentils & Cheddar 120g",
    "image_url": "https://cdn1.woolworths.media/content/wowproductimages/large/710425.jpg",
    "source_id": "Woolworths - 710425",
    "barcode": "9403145303417",
    "category_id": "1_717A94B",
    "shop": "Woolworths",
    "weight": "100G",
    "prices": [
      {
        "state": "NSW",
        "price": "180",
        "price_per_unit": "150",
        "price_unit": "G"
      },
      {
        "state": "VIC",
        "price": "180",
        "price_per_unit": "150",
        "price_unit": "G"
      },
      {
        "state": "QLD",
        "price": "180",
        "price_per_unit": "150",
        "price_unit": "G"
      },
      {
        "state": "WA",
        "price": "180",
        "price_per_unit": "150",
        "price_unit": "G"
      },
      {
        "state": "SA",
        "price": "180",
        "price_per_unit": "150",
        "price_unit": "G"
      },
      {
        "state": "TAS",
        "price": "180",
        "price_per_unit": "150",
        "price_unit": "G"
      },
      {
        "state": "ACT",
        "price": "180",
        "price_per_unit": "150",
        "price_unit": "G"
      },
      {
        "state": "NT",
        "price": "195",
        "price_per_unit": "163",
        "price_unit": "G"
      }
    ]
  },
  {
    "source_url": "https://www.woolworths.com.au/shop/productdetails/372450/only-organic-8-months-mango-yoghurt-brekkie",
    "name": "Only Organic 8 Months+ Mango & Yoghurt Brekkie 120g",
    "image_url": "https://cdn1.woolworths.media/content/wowproductimages/large/372450.jpg",
    "source_id": "Woolworths - 372450",
    "barcode": "9403145303202",
    "category_id": "1_717A94B",
    "shop": "Woolworths",
    "weight": "100G",
    "prices": [
      {
        "state": "NSW",
        "price": "180",
        "price_per_unit": "150",
        "price_unit": "G"
      },
      {
        "state": "VIC",
        "price": "180",
        "price_per_unit": "150",
        "price_unit": "G"
      },
      {
        "state": "QLD",
        "price": "180",
        "price_per_unit": "150",
        "price_unit": "G"
      },
      {
        "state": "WA",
        "price": "180",
        "price_per_unit": "150",
        "price_unit": "G"
      },
      {
        "state": "SA",
        "price": "180",
        "price_per_unit": "150",
        "price_unit": "G"
      },
      {
        "state": "TAS",
        "price": "180",
        "price_per_unit": "150",
        "price_unit": "G"
      },
      {
        "state": "ACT",
        "price": "180",
        "price_per_unit": "150",
        "price_unit": "G"
      },
      {
        "state": "NT",
        "price": "190",
        "price_per_unit": "158",
        "price_unit": "G"
      }
    ]
  },
  {
    "source_url": "https://www.woolworths.com.au/shop/productdetails/660268/only-organic-pasta-bolognese",
    "name": "Only Organic Pasta Bolognese 170g",
    "image_url": "https://cdn1.woolworths.media/content/wowproductimages/large/660268.jpg",
    "source_id": "Woolworths - 660268",
    "barcode": "9403145304681",
    "category_id": "1_717A94B",
    "shop": "Woolworths",
    "weight": "100G",
    "prices": [
      {
        "state": "NSW",
        "price": "250",
        "price_per_unit": "147",
        "price_unit": "G"
      },
      {
        "state": "VIC",
        "price": "250",
        "price_per_unit": "147",
        "price_unit": "G"
      },
      {
        "state": "QLD",
        "price": "250",
        "price_per_unit": "147",
        "price_unit": "G"
      },
      {
        "state": "WA",
        "price": "250",
        "price_per_unit": "147",
        "price_unit": "G"
      },
      {
        "state": "SA",
        "price": "250",
        "price_per_unit": "147",
        "price_unit": "G"
      },
      {
        "state": "TAS",
        "price": "250",
        "price_per_unit": "147",
        "price_unit": "G"
      },
      {
        "state": "ACT",
        "price": "250",
        "price_per_unit": "147",
        "price_unit": "G"
      },
      {
        "state": "NT",
        "price": "270",
        "price_per_unit": "159",
        "price_unit": "G"
      }
    ]
  },
  {
    "source_url": "https://www.woolworths.com.au/shop/productdetails/710423/only-organic-wild-rice-risotto-spring-lamb-wild-rice-risotto-spring-lamb",
    "name": "Only Organic Wild Rice Risotto Spring Lamb Wild Rice Risotto Spring Lamb 120g",
    "image_url": "https://cdn1.woolworths.media/content/wowproductimages/large/710423.jpg",
    "source_id": "Woolworths - 710423",
    "barcode": "9403145303448",
    "category_id": "1_717A94B",
    "shop": "Woolworths",
    "weight": "100G",
    "prices": [
      {
        "state": "NSW",
        "price": "180",
        "price_per_unit": "150",
        "price_unit": "G"
      },
      {
        "state": "VIC",
        "price": "180",
        "price_per_unit": "150",
        "price_unit": "G"
      },
      {
        "state": "QLD",
        "price": "180",
        "price_per_unit": "150",
        "price_unit": "G"
      },
      {
        "state": "WA",
        "price": "180",
        "price_per_unit": "150",
        "price_unit": "G"
      },
      {
        "state": "SA",
        "price": "180",
        "price_per_unit": "150",
        "price_unit": "G"
      },
      {
        "state": "TAS",
        "price": "180",
        "price_per_unit": "150",
        "price_unit": "G"
      },
      {
        "state": "ACT",
        "price": "180",
        "price_per_unit": "150",
        "price_unit": "G"
      },
      {
        "state": "NT",
        "price": "195",
        "price_per_unit": "163",
        "price_unit": "G"
      }
    ]
  },
  {
    "source_url": "https://www.woolworths.com.au/shop/productdetails/498493/rafferty-s-garden-baby-food-pouch-apple-pear-cinnamon-porridge-6-months",
    "name": "Rafferty's Garden Baby Food Pouch Apple, Pear & Cinnamon Porridge 6+ Months 120g",
    "image_url": "https://cdn1.woolworths.media/content/wowproductimages/large/498493.jpg",
    "source_id": "Woolworths - 498493",
    "barcode": "9340156000518",
    "category_id": "1_717A94B",
    "shop": "Woolworths",
    "weight": "100G",
    "prices": [
      {
        "state": "NSW",
        "price": "215",
        "price_per_unit": "179",
        "price_unit": "G"
      },
      {
        "state": "VIC",
        "price": "215",
        "price_per_unit": "179",
        "price_unit": "G"
      },
      {
        "state": "QLD",
        "price": "215",
        "price_per_unit": "179",
        "price_unit": "G"
      },
      {
        "state": "WA",
        "price": "215",
        "price_per_unit": "179",
        "price_unit": "G"
      },
      {
        "state": "SA",
        "price": "215",
        "price_per_unit": "179",
        "price_unit": "G"
      },
      {
        "state": "TAS",
        "price": "215",
        "price_per_unit": "179",
        "price_unit": "G"
      },
      {
        "state": "ACT",
        "price": "215",
        "price_per_unit": "179",
        "price_unit": "G"
      },
      {
        "state": "NT",
        "price": "230",
        "price_per_unit": "192",
        "price_unit": "G"
      }
    ]
  },
  {
    "source_url": "https://www.woolworths.com.au/shop/productdetails/345376/rafferty-s-garden-baby-food-pouch-beef-veg-italian-lasagne-10-months",
    "name": "Rafferty's Garden Baby Food Pouch Beef & Veg Italian Lasagne 10+ Months 170g",
    "image_url": "https://cdn1.woolworths.media/content/wowproductimages/large/345376.jpg",
    "source_id": "Woolworths - 345376",
    "barcode": "9421901088804",
    "category_id": "1_717A94B",
    "shop": "Woolworths",
    "weight": "100G",
    "prices": [
      {
        "state": "NSW",
        "price": "280",
        "price_per_unit": "165",
        "price_unit": "G"
      },
      {
        "state": "VIC",
        "price": "280",
        "price_per_unit": "165",
        "price_unit": "G"
      },
      {
        "state": "QLD",
        "price": "280",
        "price_per_unit": "165",
        "price_unit": "G"
      },
      {
        "state": "WA",
        "price": "280",
        "price_per_unit": "165",
        "price_unit": "G"
      },
      {
        "state": "SA",
        "price": "280",
        "price_per_unit": "165",
        "price_unit": "G"
      },
      {
        "state": "TAS",
        "price": "280",
        "price_per_unit": "165",
        "price_unit": "G"
      },
      {
        "state": "ACT",
        "price": "280",
        "price_per_unit": "165",
        "price_unit": "G"
      },
      {
        "state": "NT",
        "price": "280",
        "price_per_unit": "165",
        "price_unit": "G"
      }
    ]
  },
  {
    "source_url": "https://www.woolworths.com.au/shop/productdetails/291183/rafferty-s-garden-baby-food-pouch-beef-bolognese-macaroni-10-months",
    "name": "Rafferty's Garden Baby Food Pouch Beef Bolognese & Macaroni 10+ Months 170g",
    "image_url": "https://cdn1.woolworths.media/content/wowproductimages/large/291183.jpg",
    "source_id": "Woolworths - 291183",
    "barcode": "9421901080136",
    "category_id": "1_717A94B",
    "shop": "Woolworths",
    "weight": "100G",
    "prices": [
      {
        "state": "NSW",
        "price": "280",
        "price_per_unit": "165",
        "price_unit": "G"
      },
      {
        "state": "VIC",
        "price": "280",
        "price_per_unit": "165",
        "price_unit": "G"
      },
      {
        "state": "QLD",
        "price": "280",
        "price_per_unit": "165",
        "price_unit": "G"
      },
      {
        "state": "WA",
        "price": "280",
        "price_per_unit": "165",
        "price_unit": "G"
      },
      {
        "state": "SA",
        "price": "280",
        "price_per_unit": "165",
        "price_unit": "G"
      },
      {
        "state": "TAS",
        "price": "280",
        "price_per_unit": "165",
        "price_unit": "G"
      },
      {
        "state": "ACT",
        "price": "280",
        "price_per_unit": "165",
        "price_unit": "G"
      },
      {
        "state": "NT",
        "price": "280",
        "price_per_unit": "165",
        "price_unit": "G"
      }
    ]
  },
  {
    "source_url": "https://www.woolworths.com.au/shop/productdetails/63912/rafferty-s-garden-baby-food-pouch-beef-sweet-potato-parsnip-6-months",
    "name": "Rafferty's Garden Baby Food Pouch Beef, Sweet Potato & Parsnip 6+ Months 120g",
    "image_url": "https://cdn1.woolworths.media/content/wowproductimages/large/063912.jpg",
    "source_id": "Woolworths - 63912",
    "barcode": "9340156058908",
    "category_id": "1_717A94B",
    "shop": "Woolworths",
    "weight": "100G",
    "prices": [
      {
        "state": "NSW",
        "price": "215",
        "price_per_unit": "179",
        "price_unit": "G"
      },
      {
        "state": "VIC",
        "price": "215",
        "price_per_unit": "179",
        "price_unit": "G"
      },
      {
        "state": "WA",
        "price": "215",
        "price_per_unit": "179",
        "price_unit": "G"
      },
      {
        "state": "SA",
        "price": "215",
        "price_per_unit": "179",
        "price_unit": "G"
      },
      {
        "state": "TAS",
        "price": "215",
        "price_per_unit": "179",
        "price_unit": "G"
      },
      {
        "state": "ACT",
        "price": "215",
        "price_per_unit": "179",
        "price_unit": "G"
      },
      {
        "state": "NT",
        "price": "230",
        "price_per_unit": "192",
        "price_unit": "G"
      }
    ]
  },
  {
    "source_url": "https://www.woolworths.com.au/shop/productdetails/63917/rafferty-s-garden-baby-food-pouch-chicken-vegetables-rice-6-months",
    "name": "Rafferty's Garden Baby Food Pouch Chicken Vegetables & Rice 6+ Months 120g",
    "image_url": "https://cdn1.woolworths.media/content/wowproductimages/large/063917.jpg",
    "source_id": "Woolworths - 63917",
    "barcode": "9340156058922",
    "category_id": "1_717A94B",
    "shop": "Woolworths",
    "weight": "100G",
    "prices": [
      {
        "state": "NSW",
        "price": "215",
        "price_per_unit": "179",
        "price_unit": "G"
      },
      {
        "state": "VIC",
        "price": "215",
        "price_per_unit": "179",
        "price_unit": "G"
      },
      {
        "state": "QLD",
        "price": "215",
        "price_per_unit": "179",
        "price_unit": "G"
      },
      {
        "state": "WA",
        "price": "215",
        "price_per_unit": "179",
        "price_unit": "G"
      },
      {
        "state": "SA",
        "price": "215",
        "price_per_unit": "179",
        "price_unit": "G"
      },
      {
        "state": "TAS",
        "price": "215",
        "price_per_unit": "179",
        "price_unit": "G"
      },
      {
        "state": "ACT",
        "price": "215",
        "price_per_unit": "179",
        "price_unit": "G"
      },
      {
        "state": "NT",
        "price": "230",
        "price_per_unit": "192",
        "price_unit": "G"
      }
    ]
  },
  {
    "source_url": "https://www.woolworths.com.au/shop/productdetails/63892/rafferty-s-garden-baby-food-pouch-chickpea-corn-carrot-protein-8-months",
    "name": "Rafferty's Garden Baby Food Pouch Chickpea, Corn & Carrot Protein 8+ Months 120g",
    "image_url": "https://cdn1.woolworths.media/content/wowproductimages/large/063892.jpg",
    "source_id": "Woolworths - 63892",
    "barcode": "9340156059028",
    "category_id": "1_717A94B",
    "shop": "Woolworths",
    "weight": "100G",
    "prices": [
      {
        "state": "NSW",
        "price": "215",
        "price_per_unit": "179",
        "price_unit": "G"
      },
      {
        "state": "VIC",
        "price": "215",
        "price_per_unit": "179",
        "price_unit": "G"
      },
      {
        "state": "QLD",
        "price": "215",
        "price_per_unit": "179",
        "price_unit": "G"
      },
      {
        "state": "WA",
        "price": "215",
        "price_per_unit": "179",
        "price_unit": "G"
      },
      {
        "state": "SA",
        "price": "215",
        "price_per_unit": "179",
        "price_unit": "G"
      },
      {
        "state": "TAS",
        "price": "215",
        "price_per_unit": "179",
        "price_unit": "G"
      },
      {
        "state": "ACT",
        "price": "215",
        "price_per_unit": "179",
        "price_unit": "G"
      },
      {
        "state": "NT",
        "price": "230",
        "price_per_unit": "192",
        "price_unit": "G"
      }
    ]
  },
  {
    "source_url": "https://www.woolworths.com.au/shop/productdetails/315435/rafferty-s-garden-baby-food-pouch-chocolate-custard-6-months",
    "name": "Rafferty's Garden Baby Food Pouch Chocolate Custard 6+ Months 120g",
    "image_url": "https://cdn1.woolworths.media/content/wowproductimages/large/315435.jpg",
    "source_id": "Woolworths - 315435",
    "barcode": "9421901080303",
    "category_id": "1_717A94B",
    "shop": "Woolworths",
    "weight": "100G",
    "prices": [
      {
        "state": "NSW",
        "price": "215",
        "price_per_unit": "179",
        "price_unit": "G"
      },
      {
        "state": "VIC",
        "price": "215",
        "price_per_unit": "179",
        "price_unit": "G"
      },
      {
        "state": "QLD",
        "price": "215",
        "price_per_unit": "179",
        "price_unit": "G"
      },
      {
        "state": "WA",
        "price": "215",
        "price_per_unit": "179",
        "price_unit": "G"
      },
      {
        "state": "SA",
        "price": "215",
        "price_per_unit": "179",
        "price_unit": "G"
      },
      {
        "state": "TAS",
        "price": "215",
        "price_per_unit": "179",
        "price_unit": "G"
      },
      {
        "state": "ACT",
        "price": "215",
        "price_per_unit": "179",
        "price_unit": "G"
      },
      {
        "state": "NT",
        "price": "230",
        "price_per_unit": "192",
        "price_unit": "G"
      }
    ]
  },
  {
    "source_url": "https://www.woolworths.com.au/shop/productdetails/291184/rafferty-s-garden-baby-food-pouch-risoni-pasta-garden-vegetables-10-months",
    "name": "Rafferty's Garden Baby Food Pouch Risoni Pasta & Garden Vegetables 10+ Months 170g",
    "image_url": "https://cdn1.woolworths.media/content/wowproductimages/large/291184.jpg",
    "source_id": "Woolworths - 291184",
    "barcode": "9421901080082",
    "category_id": "1_717A94B",
    "shop": "Woolworths",
    "weight": "100G",
    "prices": [
      {
        "state": "NSW",
        "price": "280",
        "price_per_unit": "165",
        "price_unit": "G"
      },
      {
        "state": "VIC",
        "price": "280",
        "price_per_unit": "165",
        "price_unit": "G"
      },
      {
        "state": "QLD",
        "price": "280",
        "price_per_unit": "165",
        "price_unit": "G"
      },
      {
        "state": "WA",
        "price": "280",
        "price_per_unit": "165",
        "price_unit": "G"
      },
      {
        "state": "SA",
        "price": "280",
        "price_per_unit": "165",
        "price_unit": "G"
      },
      {
        "state": "TAS",
        "price": "280",
        "price_per_unit": "165",
        "price_unit": "G"
      },
      {
        "state": "ACT",
        "price": "280",
        "price_per_unit": "165",
        "price_unit": "G"
      },
      {
        "state": "NT",
        "price": "280",
        "price_per_unit": "165",
        "price_unit": "G"
      }
    ]
  },
  {
    "source_url": "https://www.woolworths.com.au/shop/productdetails/742732/rafferty-s-garden-baby-food-pouch-vanilla-custard-6-months",
    "name": "Rafferty's Garden Baby Food Pouch Vanilla Custard 6+ Months 120g",
    "image_url": "https://cdn1.woolworths.media/content/wowproductimages/large/742732.jpg",
    "source_id": "Woolworths - 742732",
    "barcode": "9421901088750",
    "category_id": "1_717A94B",
    "shop": "Woolworths",
    "weight": "100G",
    "prices": [
      {
        "state": "NSW",
        "price": "215",
        "price_per_unit": "179",
        "price_unit": "G"
      },
      {
        "state": "VIC",
        "price": "215",
        "price_per_unit": "179",
        "price_unit": "G"
      },
      {
        "state": "QLD",
        "price": "215",
        "price_per_unit": "179",
        "price_unit": "G"
      },
      {
        "state": "WA",
        "price": "215",
        "price_per_unit": "179",
        "price_unit": "G"
      },
      {
        "state": "SA",
        "price": "215",
        "price_per_unit": "179",
        "price_unit": "G"
      },
      {
        "state": "TAS",
        "price": "215",
        "price_per_unit": "179",
        "price_unit": "G"
      },
      {
        "state": "ACT",
        "price": "215",
        "price_per_unit": "179",
        "price_unit": "G"
      },
      {
        "state": "NT",
        "price": "230",
        "price_per_unit": "192",
        "price_unit": "G"
      }
    ]
  },
  {
    "source_url": "https://www.woolworths.com.au/shop/productdetails/226222/rafferty-s-garden-banana-mango-custard-baby-food-pouch-dessert-6-months",
    "name": "Rafferty's Garden Banana & Mango Custard Baby Food Pouch Dessert 6+ Months 120g",
    "image_url": "https://cdn1.woolworths.media/content/wowproductimages/large/226222.jpg",
    "source_id": "Woolworths - 226222",
    "barcode": "9340156092001",
    "category_id": "1_717A94B",
    "shop": "Woolworths",
    "weight": "100G",
    "prices": [
      {
        "state": "NSW",
        "price": "215",
        "price_per_unit": "179",
        "price_unit": "G"
      },
      {
        "state": "VIC",
        "price": "215",
        "price_per_unit": "179",
        "price_unit": "G"
      },
      {
        "state": "QLD",
        "price": "215",
        "price_per_unit": "179",
        "price_unit": "G"
      },
      {
        "state": "WA",
        "price": "215",
        "price_per_unit": "179",
        "price_unit": "G"
      },
      {
        "state": "SA",
        "price": "215",
        "price_per_unit": "179",
        "price_unit": "G"
      },
      {
        "state": "ACT",
        "price": "215",
        "price_per_unit": "179",
        "price_unit": "G"
      },
      {
        "state": "NT",
        "price": "230",
        "price_per_unit": "192",
        "price_unit": "G"
      }
    ]
  },
  {
    "source_url": "https://www.woolworths.com.au/shop/productdetails/498490/rafferty-s-garden-banana-pear-mango-porridge-baby-food-pouch-6-months",
    "name": "Rafferty's Garden Banana Pear & Mango Porridge Baby Food Pouch 6+ Months 120g",
    "image_url": "https://cdn1.woolworths.media/content/wowproductimages/large/498490.jpg",
    "source_id": "Woolworths - 498490",
    "barcode": "9340156000501",
    "category_id": "1_717A94B",
    "shop": "Woolworths",
    "weight": "100G",
    "prices": [
      {
        "state": "NSW",
        "price": "215",
        "price_per_unit": "179",
        "price_unit": "G"
      },
      {
        "state": "VIC",
        "price": "215",
        "price_per_unit": "179",
        "price_unit": "G"
      },
      {
        "state": "QLD",
        "price": "215",
        "price_per_unit": "179",
        "price_unit": "G"
      },
      {
        "state": "WA",
        "price": "215",
        "price_per_unit": "179",
        "price_unit": "G"
      },
      {
        "state": "SA",
        "price": "215",
        "price_per_unit": "179",
        "price_unit": "G"
      },
      {
        "state": "TAS",
        "price": "215",
        "price_per_unit": "179",
        "price_unit": "G"
      },
      {
        "state": "ACT",
        "price": "215",
        "price_per_unit": "179",
        "price_unit": "G"
      },
      {
        "state": "NT",
        "price": "230",
        "price_per_unit": "192",
        "price_unit": "G"
      }
    ]
  },
  {
    "source_url": "https://www.woolworths.com.au/shop/productdetails/306619/rafferty-s-garden-blueberry-banana-custard-baby-food-pouch-6-months",
    "name": "Rafferty's Garden Blueberry & Banana Custard Baby Food Pouch 6+ Months 120g",
    "image_url": "https://cdn1.woolworths.media/content/wowproductimages/large/306619.jpg",
    "source_id": "Woolworths - 306619",
    "barcode": "9340156006312",
    "category_id": "1_717A94B",
    "shop": "Woolworths",
    "weight": "100G",
    "prices": [
      {
        "state": "NSW",
        "price": "215",
        "price_per_unit": "179",
        "price_unit": "G"
      },
      {
        "state": "VIC",
        "price": "215",
        "price_per_unit": "179",
        "price_unit": "G"
      },
      {
        "state": "QLD",
        "price": "215",
        "price_per_unit": "179",
        "price_unit": "G"
      },
      {
        "state": "WA",
        "price": "215",
        "price_per_unit": "179",
        "price_unit": "G"
      },
      {
        "state": "SA",
        "price": "215",
        "price_per_unit": "179",
        "price_unit": "G"
      },
      {
        "state": "TAS",
        "price": "215",
        "price_per_unit": "179",
        "price_unit": "G"
      },
      {
        "state": "ACT",
        "price": "215",
        "price_per_unit": "179",
        "price_unit": "G"
      },
      {
        "state": "NT",
        "price": "230",
        "price_per_unit": "192",
        "price_unit": "G"
      }
    ]
  },
  {
    "source_url": "https://www.woolworths.com.au/shop/productdetails/307147/rafferty-s-garden-blueberry-banana-pear-pouch-yoghurt-brekkie-baby-food",
    "name": "Rafferty's Garden Blueberry, Banana & Pear Pouch Yoghurt Brekkie Baby Food 120g",
    "image_url": "https://cdn1.woolworths.media/content/wowproductimages/large/307147.jpg",
    "source_id": "Woolworths - 307147",
    "barcode": "9340156006336",
    "category_id": "1_717A94B",
    "shop": "Woolworths",
    "weight": "100G",
    "prices": [
      {
        "state": "NSW",
        "price": "215",
        "price_per_unit": "179",
        "price_unit": "G"
      },
      {
        "state": "VIC",
        "price": "215",
        "price_per_unit": "179",
        "price_unit": "G"
      },
      {
        "state": "QLD",
        "price": "215",
        "price_per_unit": "179",
        "price_unit": "G"
      },
      {
        "state": "WA",
        "price": "215",
        "price_per_unit": "179",
        "price_unit": "G"
      },
      {
        "state": "SA",
        "price": "215",
        "price_per_unit": "179",
        "price_unit": "G"
      },
      {
        "state": "TAS",
        "price": "215",
        "price_per_unit": "179",
        "price_unit": "G"
      },
      {
        "state": "ACT",
        "price": "215",
        "price_per_unit": "179",
        "price_unit": "G"
      },
      {
        "state": "NT",
        "price": "230",
        "price_per_unit": "192",
        "price_unit": "G"
      }
    ]
  },
  {
    "source_url": "https://www.woolworths.com.au/shop/productdetails/669671/woolworths-smiling-tums-6-months-apple-banana-with-oats",
    "name": "Woolworths Smiling Tums 6 Months+ Apple & Banana With Oats 120g",
    "image_url": "https://cdn1.woolworths.media/content/wowproductimages/large/669671.jpg",
    "source_id": "Woolworths - 669671",
    "barcode": "9339687021017",
    "category_id": "1_717A94B",
    "shop": "Woolworths",
    "weight": "100G",
    "prices": [
      {
        "state": "NSW",
        "price": "100",
        "price_per_unit": "83",
        "price_unit": "G"
      },
      {
        "state": "VIC",
        "price": "100",
        "price_per_unit": "83",
        "price_unit": "G"
      },
      {
        "state": "QLD",
        "price": "100",
        "price_per_unit": "83",
        "price_unit": "G"
      },
      {
        "state": "SA",
        "price": "100",
        "price_per_unit": "83",
        "price_unit": "G"
      },
      {
        "state": "TAS",
        "price": "100",
        "price_per_unit": "83",
        "price_unit": "G"
      },
      {
        "state": "ACT",
        "price": "100",
        "price_per_unit": "83",
        "price_unit": "G"
      },
      {
        "state": "NT",
        "price": "100",
        "price_per_unit": "83",
        "price_unit": "G"
      }
    ]
  },
  {
    "source_url": "https://www.woolworths.com.au/shop/productdetails/694220/woolworths-smiling-tums-6-months-chicken-vegetables",
    "name": "Woolworths Smiling Tums 6 Months+ Chicken & Vegetables 120g",
    "image_url": "https://cdn1.woolworths.media/content/wowproductimages/large/694220.jpg",
    "source_id": "Woolworths - 694220",
    "barcode": "9339687049196",
    "category_id": "1_717A94B",
    "shop": "Woolworths",
    "weight": "100G",
    "prices": [
      {
        "state": "NSW",
        "price": "100",
        "price_per_unit": "83",
        "price_unit": "G"
      },
      {
        "state": "VIC",
        "price": "100",
        "price_per_unit": "83",
        "price_unit": "G"
      },
      {
        "state": "QLD",
        "price": "100",
        "price_per_unit": "83",
        "price_unit": "G"
      },
      {
        "state": "WA",
        "price": "100",
        "price_per_unit": "83",
        "price_unit": "G"
      },
      {
        "state": "SA",
        "price": "100",
        "price_per_unit": "83",
        "price_unit": "G"
      },
      {
        "state": "TAS",
        "price": "100",
        "price_per_unit": "83",
        "price_unit": "G"
      },
      {
        "state": "ACT",
        "price": "100",
        "price_per_unit": "83",
        "price_unit": "G"
      },
      {
        "state": "NT",
        "price": "100",
        "price_per_unit": "83",
        "price_unit": "G"
      }
    ]
  },
  {
    "source_url": "https://www.woolworths.com.au/shop/productdetails/193654/woolworths-smiling-tums",
    "name": "Woolworths Smiling Tums Banana Custard 120g",
    "image_url": "https://cdn1.woolworths.media/content/wowproductimages/large/193654.jpg",
    "source_id": "Woolworths - 193654",
    "barcode": "9339687285457",
    "category_id": "1_717A94B",
    "shop": "Woolworths",
    "weight": "100G",
    "prices": [
      {
        "state": "NSW",
        "price": "100",
        "price_per_unit": "83",
        "price_unit": "G"
      },
      {
        "state": "VIC",
        "price": "100",
        "price_per_unit": "83",
        "price_unit": "G"
      },
      {
        "state": "QLD",
        "price": "100",
        "price_per_unit": "83",
        "price_unit": "G"
      },
      {
        "state": "WA",
        "price": "100",
        "price_per_unit": "83",
        "price_unit": "G"
      },
      {
        "state": "SA",
        "price": "100",
        "price_per_unit": "83",
        "price_unit": "G"
      },
      {
        "state": "TAS",
        "price": "100",
        "price_per_unit": "83",
        "price_unit": "G"
      },
      {
        "state": "ACT",
        "price": "100",
        "price_per_unit": "83",
        "price_unit": "G"
      },
      {
        "state": "NT",
        "price": "100",
        "price_per_unit": "83",
        "price_unit": "G"
      }
    ]
  },
  {
    "source_url": "https://www.woolworths.com.au/shop/productdetails/669672/woolworths-smiling-tums",
    "name": "Woolworths Smiling Tums Pear Banana & Mango 120g",
    "image_url": "https://cdn1.woolworths.media/content/wowproductimages/large/669672.jpg",
    "source_id": "Woolworths - 669672",
    "barcode": "9339687021024",
    "category_id": "1_717A94B",
    "shop": "Woolworths",
    "weight": "100G",
    "prices": [
      {
        "state": "NSW",
        "price": "100",
        "price_per_unit": "83",
        "price_unit": "G"
      },
      {
        "state": "VIC",
        "price": "100",
        "price_per_unit": "83",
        "price_unit": "G"
      },
      {
        "state": "QLD",
        "price": "100",
        "price_per_unit": "83",
        "price_unit": "G"
      },
      {
        "state": "WA",
        "price": "100",
        "price_per_unit": "83",
        "price_unit": "G"
      },
      {
        "state": "SA",
        "price": "100",
        "price_per_unit": "83",
        "price_unit": "G"
      },
      {
        "state": "TAS",
        "price": "100",
        "price_per_unit": "83",
        "price_unit": "G"
      },
      {
        "state": "ACT",
        "price": "100",
        "price_per_unit": "83",
        "price_unit": "G"
      },
      {
        "state": "NT",
        "price": "100",
        "price_per_unit": "83",
        "price_unit": "G"
      }
    ]
  },
  {
    "source_url": "https://www.woolworths.com.au/shop/productdetails/193657/woolworths-smiling-tums-pear-banana-blueberry-with-oats-6-months",
    "name": "Woolworths Smiling Tums Pear, Banana & Blueberry With Oats 6+ Months 120g",
    "image_url": "https://cdn1.woolworths.media/content/wowproductimages/large/193657.jpg",
    "source_id": "Woolworths - 193657",
    "barcode": "9339687285488",
    "category_id": "1_717A94B",
    "shop": "Woolworths",
    "weight": "100G",
    "prices": [
      {
        "state": "NSW",
        "price": "100",
        "price_per_unit": "83",
        "price_unit": "G"
      },
      {
        "state": "VIC",
        "price": "100",
        "price_per_unit": "83",
        "price_unit": "G"
      },
      {
        "state": "QLD",
        "price": "100",
        "price_per_unit": "83",
        "price_unit": "G"
      },
      {
        "state": "WA",
        "price": "100",
        "price_per_unit": "83",
        "price_unit": "G"
      },
      {
        "state": "SA",
        "price": "100",
        "price_per_unit": "83",
        "price_unit": "G"
      },
      {
        "state": "TAS",
        "price": "100",
        "price_per_unit": "83",
        "price_unit": "G"
      },
      {
        "state": "ACT",
        "price": "100",
        "price_per_unit": "83",
        "price_unit": "G"
      },
      {
        "state": "NT",
        "price": "100",
        "price_per_unit": "83",
        "price_unit": "G"
      }
    ]
  },
  {
    "source_url": "https://www.woolworths.com.au/shop/productdetails/193656/woolworths-smiling-tums-pumpkin-sweet-potato-sweetcorn-6-months",
    "name": "Woolworths Smiling Tums Pumpkin, Sweet Potato & Sweetcorn 6+ Months 120g",
    "image_url": "https://cdn1.woolworths.media/content/wowproductimages/large/193656.jpg",
    "source_id": "Woolworths - 193656",
    "barcode": "9339687285471",
    "category_id": "1_717A94B",
    "shop": "Woolworths",
    "weight": "100G",
    "prices": [
      {
        "state": "NSW",
        "price": "100",
        "price_per_unit": "83",
        "price_unit": "G"
      },
      {
        "state": "VIC",
        "price": "100",
        "price_per_unit": "83",
        "price_unit": "G"
      },
      {
        "state": "QLD",
        "price": "100",
        "price_per_unit": "83",
        "price_unit": "G"
      },
      {
        "state": "WA",
        "price": "100",
        "price_per_unit": "83",
        "price_unit": "G"
      },
      {
        "state": "SA",
        "price": "100",
        "price_per_unit": "83",
        "price_unit": "G"
      },
      {
        "state": "TAS",
        "price": "100",
        "price_per_unit": "83",
        "price_unit": "G"
      },
      {
        "state": "ACT",
        "price": "100",
        "price_per_unit": "83",
        "price_unit": "G"
      },
      {
        "state": "NT",
        "price": "100",
        "price_per_unit": "83",
        "price_unit": "G"
      }
    ]
  },
  {
    "source_url": "https://www.woolworths.com.au/shop/productdetails/193655/woolworths-smiling-tums",
    "name": "Woolworths Smiling Tums Strawberry Custard 120g",
    "image_url": "https://cdn1.woolworths.media/content/wowproductimages/large/193655.jpg",
    "source_id": "Woolworths - 193655",
    "barcode": "9339687285464",
    "category_id": "1_717A94B",
    "shop": "Woolworths",
    "weight": "100G",
    "prices": [
      {
        "state": "NSW",
        "price": "100",
        "price_per_unit": "83",
        "price_unit": "G"
      },
      {
        "state": "VIC",
        "price": "100",
        "price_per_unit": "83",
        "price_unit": "G"
      },
      {
        "state": "QLD",
        "price": "100",
        "price_per_unit": "83",
        "price_unit": "G"
      },
      {
        "state": "WA",
        "price": "100",
        "price_per_unit": "83",
        "price_unit": "G"
      },
      {
        "state": "SA",
        "price": "100",
        "price_per_unit": "83",
        "price_unit": "G"
      },
      {
        "state": "TAS",
        "price": "100",
        "price_per_unit": "83",
        "price_unit": "G"
      },
      {
        "state": "ACT",
        "price": "100",
        "price_per_unit": "83",
        "price_unit": "G"
      },
      {
        "state": "NT",
        "price": "100",
        "price_per_unit": "83",
        "price_unit": "G"
      }
    ]
  },
  {
    "source_url": "https://www.woolworths.com.au/shop/productdetails/660273/only-organic-kumara-crt-coco-rice",
    "name": "Only Organic Kumara Crt & Coco Rice 170g",
    "image_url": "https://cdn1.woolworths.media/content/wowproductimages/large/660273.jpg",
    "source_id": "Woolworths - 660273",
    "barcode": "9403145304568",
    "category_id": "1_717A94B",
    "shop": "Woolworths",
    "weight": "100G",
    "prices": [
      {
        "state": "VIC",
        "price": "250",
        "price_per_unit": "147",
        "price_unit": "G"
      },
      {
        "state": "QLD",
        "price": "250",
        "price_per_unit": "147",
        "price_unit": "G"
      },
      {
        "state": "WA",
        "price": "250",
        "price_per_unit": "147",
        "price_unit": "G"
      },
      {
        "state": "SA",
        "price": "250",
        "price_per_unit": "147",
        "price_unit": "G"
      },
      {
        "state": "ACT",
        "price": "250",
        "price_per_unit": "147",
        "price_unit": "G"
      },
      {
        "state": "NT",
        "price": "270",
        "price_per_unit": "159",
        "price_unit": "G"
      }
    ]
  },
  {
    "source_url": "https://www.woolworths.com.au/shop/productdetails/92211/rafferty-s-garden-baby-food-pouch-pumpkin-spinach-pasta-bake-6-months",
    "name": "Rafferty's Garden Baby Food Pouch Pumpkin & Spinach Pasta Bake 6+ Months 120g",
    "image_url": "https://cdn1.woolworths.media/content/wowproductimages/large/092211.jpg",
    "source_id": "Woolworths - 92211",
    "barcode": "9340156085003",
    "category_id": "1_717A94B",
    "shop": "Woolworths",
    "weight": "100G",
    "prices": [
      {
        "state": "VIC",
        "price": "215",
        "price_per_unit": "179",
        "price_unit": "G"
      },
      {
        "state": "QLD",
        "price": "215",
        "price_per_unit": "179",
        "price_unit": "G"
      },
      {
        "state": "WA",
        "price": "215",
        "price_per_unit": "179",
        "price_unit": "G"
      },
      {
        "state": "SA",
        "price": "215",
        "price_per_unit": "179",
        "price_unit": "G"
      },
      {
        "state": "TAS",
        "price": "215",
        "price_per_unit": "179",
        "price_unit": "G"
      },
      {
        "state": "ACT",
        "price": "215",
        "price_per_unit": "179",
        "price_unit": "G"
      },
      {
        "state": "NT",
        "price": "230",
        "price_per_unit": "192",
        "price_unit": "G"
      }
    ]
  },
  {
    "source_url": "https://www.woolworths.com.au/shop/productdetails/309249/rafferty-s-garden-strawberry-vanilla-custard-baby-food-pouch-6-months",
    "name": "Rafferty's Garden Strawberry & Vanilla Custard Baby Food Pouch 6+ Months 120g",
    "image_url": "https://cdn1.woolworths.media/content/wowproductimages/large/309249.jpg",
    "source_id": "Woolworths - 309249",
    "barcode": "9340156016793",
    "category_id": "1_717A94B",
    "shop": "Woolworths",
    "weight": "100G",
    "prices": [
      {
        "state": "VIC",
        "price": "215",
        "price_per_unit": "179",
        "price_unit": "G"
      },
      {
        "state": "QLD",
        "price": "215",
        "price_per_unit": "179",
        "price_unit": "G"
      },
      {
        "state": "WA",
        "price": "215",
        "price_per_unit": "179",
        "price_unit": "G"
      },
      {
        "state": "SA",
        "price": "215",
        "price_per_unit": "179",
        "price_unit": "G"
      },
      {
        "state": "TAS",
        "price": "215",
        "price_per_unit": "179",
        "price_unit": "G"
      },
      {
        "state": "ACT",
        "price": "215",
        "price_per_unit": "179",
        "price_unit": "G"
      },
      {
        "state": "NT",
        "price": "230",
        "price_per_unit": "192",
        "price_unit": "G"
      }
    ]
  },
  {
    "source_url": "https://www.woolworths.com.au/shop/productdetails/669670/woolworths-smiling-tums-6-months-beef-vegetables",
    "name": "Woolworths Smiling Tums 6 Months+ Beef & Vegetables 120g",
    "image_url": "https://cdn1.woolworths.media/content/wowproductimages/large/669670.jpg",
    "source_id": "Woolworths - 669670",
    "barcode": "9339687021000",
    "category_id": "1_717A94B",
    "shop": "Woolworths",
    "weight": "100G",
    "prices": [
      {
        "state": "VIC",
        "price": "100",
        "price_per_unit": "83",
        "price_unit": "G"
      },
      {
        "state": "QLD",
        "price": "100",
        "price_per_unit": "83",
        "price_unit": "G"
      },
      {
        "state": "WA",
        "price": "100",
        "price_per_unit": "83",
        "price_unit": "G"
      },
      {
        "state": "SA",
        "price": "100",
        "price_per_unit": "83",
        "price_unit": "G"
      },
      {
        "state": "ACT",
        "price": "100",
        "price_per_unit": "83",
        "price_unit": "G"
      },
      {
        "state": "NT",
        "price": "100",
        "price_per_unit": "83",
        "price_unit": "G"
      }
    ]
  },
  {
    "source_url": "https://www.woolworths.com.au/shop/productdetails/669673/woolworths-smiling-tums",
    "name": "Woolworths Smiling Tums Apple Pear & Cinnamon 120g",
    "image_url": "https://cdn1.woolworths.media/content/wowproductimages/large/669673.jpg",
    "source_id": "Woolworths - 669673",
    "barcode": "9339687021031",
    "category_id": "1_717A94B",
    "shop": "Woolworths",
    "weight": "100G",
    "prices": [
      {
        "state": "VIC",
        "price": "100",
        "price_per_unit": "83",
        "price_unit": "G"
      },
      {
        "state": "QLD",
        "price": "100",
        "price_per_unit": "83",
        "price_unit": "G"
      },
      {
        "state": "WA",
        "price": "100",
        "price_per_unit": "83",
        "price_unit": "G"
      },
      {
        "state": "SA",
        "price": "100",
        "price_per_unit": "83",
        "price_unit": "G"
      },
      {
        "state": "ACT",
        "price": "100",
        "price_per_unit": "83",
        "price_unit": "G"
      },
      {
        "state": "NT",
        "price": "100",
        "price_per_unit": "83",
        "price_unit": "G"
      }
    ]
  },
  {
    "source_url": "https://www.woolworths.com.au/shop/productdetails/905803/little-bellies-greek-style-yoghurt-smoothie-strawberry",
    "name": "Little Bellies Greek-Style Yoghurt Smoothie Strawberry 100g",
    "image_url": "https://cdn1.woolworths.media/content/wowproductimages/large/905803.jpg",
    "source_id": "Woolworths - 905803",
    "barcode": "9337824003865",
    "category_id": "1_717A94B",
    "shop": "Woolworths",
    "weight": "100G",
    "prices": [
      {
        "state": "WA",
        "price": "285",
        "price_per_unit": "285",
        "price_unit": "G"
      },
      {
        "state": "SA",
        "price": "285",
        "price_per_unit": "285",
        "price_unit": "G"
      },
      {
        "state": "ACT",
        "price": "285",
        "price_per_unit": "285",
        "price_unit": "G"
      },
      {
        "state": "NT",
        "price": "285",
        "price_per_unit": "285",
        "price_unit": "G"
      }
    ]
  },
  {
    "source_url": "https://www.woolworths.com.au/shop/productdetails/905728/little-bellies-organic-pear-banana-greek-style-yoghurt",
    "name": "Little Bellies Organic Pear & Banana Greek Style Yoghurt 100g",
    "image_url": "https://cdn1.woolworths.media/content/wowproductimages/large/905728.jpg",
    "source_id": "Woolworths - 905728",
    "barcode": "9337824003858",
    "category_id": "1_717A94B",
    "shop": "Woolworths",
    "weight": "100G",
    "prices": [
      {
        "state": "WA",
        "price": "285",
        "price_per_unit": "285",
        "price_unit": "G"
      },
      {
        "state": "SA",
        "price": "285",
        "price_per_unit": "285",
        "price_unit": "G"
      },
      {
        "state": "ACT",
        "price": "285",
        "price_per_unit": "285",
        "price_unit": "G"
      },
      {
        "state": "NT",
        "price": "285",
        "price_per_unit": "285",
        "price_unit": "G"
      }
    ]
  },
  {
    "source_url": "https://www.woolworths.com.au/shop/productdetails/276837/little-bellies-organic-apple-strawberry-oat-smoothie-baby-food-pouch",
    "name": "Little Bellies Organic Apple & Strawberry Oat Smoothie Baby Food Pouch 90g",
    "image_url": "https://cdn1.woolworths.media/content/wowproductimages/large/276837.jpg",
    "source_id": "Woolworths - 276837",
    "barcode": "9337824003810",
    "category_id": "1_717A94B",
    "shop": "Woolworths",
    "weight": "100G",
    "prices": [
      {
        "state": "SA",
        "price": "140",
        "price_per_unit": "156",
        "price_unit": "G"
      },
      {
        "state": "ACT",
        "price": "140",
        "price_per_unit": "156",
        "price_unit": "G"
      },
      {
        "state": "NT",
        "price": "145",
        "price_per_unit": "161",
        "price_unit": "G"
      }
    ]
  }
]