[
  {
    "source_url": "https://www.woolworths.com.au/shop/productdetails/176008/little-bellies-organic-pear-vanilla-paws",
    "name": "Little Bellies Organic Pear & Vanilla Paws 12g",
    "image_url": "https://cdn1.woolworths.media/content/wowproductimages/large/176008.jpg",
    "source_id": "Woolworths - 176008",
    "barcode": "9337824003421",
    "category_id": "1_717A94B",
    "shop": "Woolworths",
    "weight": "100G",
    "prices": [
      {
        "state": "NSW",
        "price": "185",
        "price_per_unit": "1542",
        "price_unit": "G"
      },
      {
        "state": "VIC",
        "price": "185",
        "price_per_unit": "1542",
        "price_unit": "G"
      },
      {
        "state": "QLD",
        "price": "185",
        "price_per_unit": "1542",
        "price_unit": "G"
      },
      {
        "state": "WA",
        "price": "185",
        "price_per_unit": "1542",
        "price_unit": "G"
      },
      {
        "state": "SA",
        "price": "185",
        "price_per_unit": "1542",
        "price_unit": "G"
      },
      {
        "state": "TAS",
        "price": "185",
        "price_per_unit": "1542",
        "price_unit": "G"
      },
      {
        "state": "ACT",
        "price": "185",
        "price_per_unit": "1542",
        "price_unit": "G"
      },
      {
        "state": "NT",
        "price": "185",
        "price_per_unit": "1542",
        "price_unit": "G"
      }
    ]
  },
  {
    "source_url": "https://www.woolworths.com.au/shop/productdetails/790094/baby-bellies-organic-puffs-blueberry",
    "name": "Baby Bellies Organic Puffs Blueberry 12g",
    "image_url": "https://cdn1.woolworths.media/content/wowproductimages/large/790094.jpg",
    "source_id": "Woolworths - 790094",
    "barcode": "9337824001670",
    "category_id": "1_717A94B",
    "shop": "Woolworths",
    "weight": "100G",
    "prices": [
      {
        "state": "NSW",
        "price": "185",
        "price_per_unit": "1542",
        "price_unit": "G"
      },
      {
        "state": "VIC",
        "price": "185",
        "price_per_unit": "1542",
        "price_unit": "G"
      },
      {
        "state": "QLD",
        "price": "185",
        "price_per_unit": "1542",
        "price_unit": "G"
      },
      {
        "state": "WA",
        "price": "185",
        "price_per_unit": "1542",
        "price_unit": "G"
      },
      {
        "state": "SA",
        "price": "185",
        "price_per_unit": "1542",
        "price_unit": "G"
      },
      {
        "state": "TAS",
        "price": "185",
        "price_per_unit": "1542",
        "price_unit": "G"
      },
      {
        "state": "ACT",
        "price": "185",
        "price_per_unit": "1542",
        "price_unit": "G"
      },
      {
        "state": "NT",
        "price": "185",
        "price_per_unit": "1542",
        "price_unit": "G"
      }
    ]
  },
  {
    "source_url": "https://www.woolworths.com.au/shop/productdetails/634313/baby-mum-mum-organic-rice-rusk-sweet-potato-carrot",
    "name": "Baby Mum-Mum Organic Rice Rusk Sweet Potato & Carrot 36g x 18 pack",
    "image_url": "https://cdn1.woolworths.media/content/wowproductimages/large/634313.jpg",
    "source_id": "Woolworths - 634313",
    "barcode": "4710144805459",
    "category_id": "1_717A94B",
    "shop": "Woolworths",
    "weight": "100G",
    "prices": [
      {
        "state": "NSW",
        "price": "385",
        "price_per_unit": "1069",
        "price_unit": "G"
      },
      {
        "state": "VIC",
        "price": "385",
        "price_per_unit": "1069",
        "price_unit": "G"
      },
      {
        "state": "QLD",
        "price": "385",
        "price_per_unit": "1069",
        "price_unit": "G"
      },
      {
        "state": "WA",
        "price": "385",
        "price_per_unit": "1069",
        "price_unit": "G"
      },
      {
        "state": "SA",
        "price": "385",
        "price_per_unit": "1069",
        "price_unit": "G"
      },
      {
        "state": "TAS",
        "price": "385",
        "price_per_unit": "1069",
        "price_unit": "G"
      },
      {
        "state": "ACT",
        "price": "385",
        "price_per_unit": "1069",
        "price_unit": "G"
      },
      {
        "state": "NT",
        "price": "405",
        "price_per_unit": "1125",
        "price_unit": "G"
      }
    ]
  },
  {
    "source_url": "https://www.woolworths.com.au/shop/productdetails/379237/baby-mum-mum-snack-banana-rice-rusk",
    "name": "Baby Mum-Mum Snack Banana Rice Rusk 18 pack",
    "image_url": "https://cdn1.woolworths.media/content/wowproductimages/large/379237.jpg",
    "source_id": "Woolworths - 379237",
    "barcode": "4710144809907",
    "category_id": "1_717A94B",
    "shop": "Woolworths",
    "weight": "100G",
    "prices": [
      {
        "state": "NSW",
        "price": "385",
        "price_per_unit": "1069",
        "price_unit": "G"
      },
      {
        "state": "VIC",
        "price": "385",
        "price_per_unit": "1069",
        "price_unit": "G"
      },
      {
        "state": "QLD",
        "price": "385",
        "price_per_unit": "1069",
        "price_unit": "G"
      },
      {
        "state": "WA",
        "price": "385",
        "price_per_unit": "1069",
        "price_unit": "G"
      },
      {
        "state": "SA",
        "price": "385",
        "price_per_unit": "1069",
        "price_unit": "G"
      },
      {
        "state": "TAS",
        "price": "385",
        "price_per_unit": "1069",
        "price_unit": "G"
      },
      {
        "state": "ACT",
        "price": "385",
        "price_per_unit": "1069",
        "price_unit": "G"
      },
      {
        "state": "NT",
        "price": "405",
        "price_per_unit": "1125",
        "price_unit": "G"
      }
    ]
  },
  {
    "source_url": "https://www.woolworths.com.au/shop/productdetails/323375/baby-mum-mum-snack-vegetable-rice-rusk",
    "name": "Baby Mum-Mum Snack Vegetable Rice Rusk 36g",
    "image_url": "https://cdn1.woolworths.media/content/wowproductimages/large/323375.jpg",
    "source_id": "Woolworths - 323375",
    "barcode": "4710144809587",
    "category_id": "1_717A94B",
    "shop": "Woolworths",
    "weight": "100G",
    "prices": [
      {
        "state": "NSW",
        "price": "385",
        "price_per_unit": "1069",
        "price_unit": "G"
      },
      {
        "state": "VIC",
        "price": "385",
        "price_per_unit": "1069",
        "price_unit": "G"
      },
      {
        "state": "QLD",
        "price": "385",
        "price_per_unit": "1069",
        "price_unit": "G"
      },
      {
        "state": "WA",
        "price": "385",
        "price_per_unit": "1069",
        "price_unit": "G"
      },
      {
        "state": "SA",
        "price": "385",
        "price_per_unit": "1069",
        "price_unit": "G"
      },
      {
        "state": "TAS",
        "price": "385",
        "price_per_unit": "1069",
        "price_unit": "G"
      },
      {
        "state": "ACT",
        "price": "385",
        "price_per_unit": "1069",
        "price_unit": "G"
      },
      {
        "state": "NT",
        "price": "405",
        "price_per_unit": "1125",
        "price_unit": "G"
      }
    ]
  },
  {
    "source_url": "https://www.woolworths.com.au/shop/productdetails/331707/bellamy-s-organic-organic-apple-snacks-apple",
    "name": "Bellamy's Organic Apple Snacks Apple 20g",
    "image_url": "https://cdn1.woolworths.media/content/wowproductimages/large/331707.jpg",
    "source_id": "Woolworths - 331707",
    "barcode": "9332045000419",
    "category_id": "1_717A94B",
    "shop": "Woolworths",
    "weight": "100G",
    "prices": [
      {
        "state": "NSW",
        "price": "330",
        "price_per_unit": "1650",
        "price_unit": "G"
      },
      {
        "state": "QLD",
        "price": "330",
        "price_per_unit": "1650",
        "price_unit": "G"
      },
      {
        "state": "WA",
        "price": "330",
        "price_per_unit": "1650",
        "price_unit": "G"
      },
      {
        "state": "SA",
        "price": "330",
        "price_per_unit": "1650",
        "price_unit": "G"
      },
      {
        "state": "ACT",
        "price": "330",
        "price_per_unit": "1650",
        "price_unit": "G"
      },
      {
        "state": "NT",
        "price": "360",
        "price_per_unit": "1800",
        "price_unit": "G"
      }
    ]
  },
  {
    "source_url": "https://www.woolworths.com.au/shop/productdetails/227154/heinz-little-kids-1-3-years-fruit-salad-muesli-fingers",
    "name": "Heinz Little Kids 1 - 3 Years Fruit Salad Muesli Fingers 90g",
    "image_url": "https://cdn1.woolworths.media/content/wowproductimages/large/227154.jpg",
    "source_id": "Woolworths - 227154",
    "barcode": "9300657231767",
    "category_id": "1_717A94B",
    "shop": "Woolworths",
    "weight": "100G",
    "prices": [
      {
        "state": "NSW",
        "price": "400",
        "price_per_unit": "444",
        "price_unit": "G"
      },
      {
        "state": "VIC",
        "price": "400",
        "price_per_unit": "444",
        "price_unit": "G"
      },
      {
        "state": "QLD",
        "price": "400",
        "price_per_unit": "444",
        "price_unit": "G"
      },
      {
        "state": "WA",
        "price": "400",
        "price_per_unit": "444",
        "price_unit": "G"
      },
      {
        "state": "SA",
        "price": "400",
        "price_per_unit": "444",
        "price_unit": "G"
      },
      {
        "state": "ACT",
        "price": "400",
        "price_per_unit": "444",
        "price_unit": "G"
      },
      {
        "state": "NT",
        "price": "420",
        "price_per_unit": "467",
        "price_unit": "G"
      }
    ]
  },
  {
    "source_url": "https://www.woolworths.com.au/shop/productdetails/56227/kiddylicious-veggie-straws",
    "name": "Kiddylicious Veggie Straws 12g",
    "image_url": "https://cdn1.woolworths.media/content/wowproductimages/large/056227.jpg",
    "source_id": "Woolworths - 56227",
    "barcode": "5060040256138",
    "category_id": "1_717A94B",
    "shop": "Woolworths",
    "weight": "100G",
    "prices": [
      {
        "state": "NSW",
        "price": "220",
        "price_per_unit": "1833",
        "price_unit": "G"
      },
      {
        "state": "VIC",
        "price": "220",
        "price_per_unit": "1833",
        "price_unit": "G"
      },
      {
        "state": "QLD",
        "price": "220",
        "price_per_unit": "1833",
        "price_unit": "G"
      },
      {
        "state": "WA",
        "price": "220",
        "price_per_unit": "1833",
        "price_unit": "G"
      },
      {
        "state": "SA",
        "price": "220",
        "price_per_unit": "1833",
        "price_unit": "G"
      },
      {
        "state": "TAS",
        "price": "220",
        "price_per_unit": "1833",
        "price_unit": "G"
      },
      {
        "state": "ACT",
        "price": "220",
        "price_per_unit": "1833",
        "price_unit": "G"
      },
      {
        "state": "NT",
        "price": "240",
        "price_per_unit": "2000",
        "price_unit": "G"
      }
    ]
  },
  {
    "source_url": "https://www.woolworths.com.au/shop/productdetails/274921/little-bellies-berry-yoghurt-pickup-sticks",
    "name": "Little Bellies Berry Yoghurt Pickup Sticks 16g",
    "image_url": "https://cdn1.woolworths.media/content/wowproductimages/large/274921.jpg",
    "source_id": "Woolworths - 274921",
    "barcode": "9337824003650",
    "category_id": "1_717A94B",
    "shop": "Woolworths",
    "weight": "100G",
    "prices": [
      {
        "state": "NSW",
        "price": "375",
        "price_per_unit": "2344",
        "price_unit": "G"
      },
      {
        "state": "QLD",
        "price": "375",
        "price_per_unit": "2344",
        "price_unit": "G"
      },
      {
        "state": "WA",
        "price": "375",
        "price_per_unit": "2344",
        "price_unit": "G"
      },
      {
        "state": "SA",
        "price": "375",
        "price_per_unit": "2344",
        "price_unit": "G"
      },
      {
        "state": "NT",
        "price": "395",
        "price_per_unit": "2469",
        "price_unit": "G"
      }
    ]
  },
  {
    "source_url": "https://www.woolworths.com.au/shop/productdetails/81661/little-bellies-gingerbread-men",
    "name": "Little Bellies Gingerbread Men 130g",
    "image_url": "https://cdn1.woolworths.media/content/wowproductimages/large/081661.jpg",
    "source_id": "Woolworths - 81661",
    "barcode": "9337824002752",
    "category_id": "1_717A94B",
    "shop": "Woolworths",
    "weight": "100G",
    "prices": [
      {
        "state": "NSW",
        "price": "550",
        "price_per_unit": "423",
        "price_unit": "G"
      },
      {
        "state": "VIC",
        "price": "550",
        "price_per_unit": "423",
        "price_unit": "G"
      },
      {
        "state": "QLD",
        "price": "550",
        "price_per_unit": "423",
        "price_unit": "G"
      },
      {
        "state": "WA",
        "price": "550",
        "price_per_unit": "423",
        "price_unit": "G"
      },
      {
        "state": "SA",
        "price": "550",
        "price_per_unit": "423",
        "price_unit": "G"
      },
      {
        "state": "TAS",
        "price": "550",
        "price_per_unit": "423",
        "price_unit": "G"
      },
      {
        "state": "ACT",
        "price": "550",
        "price_per_unit": "423",
        "price_unit": "G"
      },
      {
        "state": "NT",
        "price": "580",
        "price_per_unit": "446",
        "price_unit": "G"
      }
    ]
  },
  {
    "source_url": "https://www.woolworths.com.au/shop/productdetails/276000/little-bellies-mango-yoghurt-pickup-sticks",
    "name": "Little Bellies Mango Yoghurt Pickup Sticks 16g",
    "image_url": "https://cdn1.woolworths.media/content/wowproductimages/large/276000.jpg",
    "source_id": "Woolworths - 276000",
    "barcode": "9337824003643",
    "category_id": "1_717A94B",
    "shop": "Woolworths",
    "weight": "100G",
    "prices": [
      {
        "state": "NSW",
        "price": "375",
        "price_per_unit": "2344",
        "price_unit": "G"
      },
      {
        "state": "VIC",
        "price": "375",
        "price_per_unit": "2344",
        "price_unit": "G"
      },
      {
        "state": "QLD",
        "price": "375",
        "price_per_unit": "2344",
        "price_unit": "G"
      },
      {
        "state": "WA",
        "price": "375",
        "price_per_unit": "2344",
        "price_unit": "G"
      },
      {
        "state": "SA",
        "price": "375",
        "price_per_unit": "2344",
        "price_unit": "G"
      },
      {
        "state": "TAS",
        "price": "375",
        "price_per_unit": "2344",
        "price_unit": "G"
      },
      {
        "state": "ACT",
        "price": "375",
        "price_per_unit": "2344",
        "price_unit": "G"
      },
      {
        "state": "NT",
        "price": "395",
        "price_per_unit": "2469",
        "price_unit": "G"
      }
    ]
  },
  {
    "source_url": "https://www.woolworths.com.au/shop/productdetails/176458/little-bellies-organic-apricot-date-oat-bar",
    "name": "Little Bellies Organic Apricot Date & Oat Bar 5 Pack",
    "image_url": "https://cdn1.woolworths.media/content/wowproductimages/large/176458.jpg",
    "source_id": "Woolworths - 176458",
    "barcode": "9337824003384",
    "category_id": "1_717A94B",
    "shop": "Woolworths",
    "weight": "1EA",
    "prices": [
      {
        "state": "NSW",
        "price": "465",
        "price_per_unit": "93",
        "price_unit": "EA"
      },
      {
        "state": "VIC",
        "price": "465",
        "price_per_unit": "93",
        "price_unit": "EA"
      },
      {
        "state": "QLD",
        "price": "465",
        "price_per_unit": "93",
        "price_unit": "EA"
      },
      {
        "state": "WA",
        "price": "465",
        "price_per_unit": "93",
        "price_unit": "EA"
      },
      {
        "state": "SA",
        "price": "465",
        "price_per_unit": "93",
        "price_unit": "EA"
      },
      {
        "state": "TAS",
        "price": "465",
        "price_per_unit": "93",
        "price_unit": "EA"
      },
      {
        "state": "ACT",
        "price": "465",
        "price_per_unit": "93",
        "price_unit": "EA"
      },
      {
        "state": "NT",
        "price": "490",
        "price_per_unit": "98",
        "price_unit": "EA"
      }
    ]
  },
  {
    "source_url": "https://www.woolworths.com.au/shop/productdetails/176501/little-bellies-organic-banana-date-oat-bar",
    "name": "Little Bellies Organic Banana Date & Oat Bar 5 Pack",
    "image_url": "https://cdn1.woolworths.media/content/wowproductimages/large/176501.jpg",
    "source_id": "Woolworths - 176501",
    "barcode": "9337824003377",
    "category_id": "1_717A94B",
    "shop": "Woolworths",
    "weight": "100G",
    "prices": [
      {
        "state": "NSW",
        "price": "465",
        "price_per_unit": "547",
        "price_unit": "G"
      },
      {
        "state": "VIC",
        "price": "465",
        "price_per_unit": "547",
        "price_unit": "G"
      },
      {
        "state": "QLD",
        "price": "465",
        "price_per_unit": "547",
        "price_unit": "G"
      },
      {
        "state": "WA",
        "price": "465",
        "price_per_unit": "547",
        "price_unit": "G"
      },
      {
        "state": "SA",
        "price": "465",
        "price_per_unit": "547",
        "price_unit": "G"
      },
      {
        "state": "TAS",
        "price": "465",
        "price_per_unit": "547",
        "price_unit": "G"
      },
      {
        "state": "ACT",
        "price": "465",
        "price_per_unit": "547",
        "price_unit": "G"
      },
      {
        "state": "NT",
        "price": "490",
        "price_per_unit": "576",
        "price_unit": "G"
      }
    ]
  },
  {
    "source_url": "https://www.woolworths.com.au/shop/productdetails/111470/little-bellies-organic-banana-pick-up-sticks",
    "name": "Little Bellies Organic Banana Pick-Up Sticks 16g",
    "image_url": "https://cdn1.woolworths.media/content/wowproductimages/large/111470.jpg",
    "source_id": "Woolworths - 111470",
    "barcode": "9337824002950",
    "category_id": "1_717A94B",
    "shop": "Woolworths",
    "weight": "100G",
    "prices": [
      {
        "state": "NSW",
        "price": "375",
        "price_per_unit": "2344",
        "price_unit": "G"
      },
      {
        "state": "VIC",
        "price": "375",
        "price_per_unit": "2344",
        "price_unit": "G"
      },
      {
        "state": "QLD",
        "price": "375",
        "price_per_unit": "2344",
        "price_unit": "G"
      },
      {
        "state": "WA",
        "price": "375",
        "price_per_unit": "2344",
        "price_unit": "G"
      },
      {
        "state": "SA",
        "price": "375",
        "price_per_unit": "2344",
        "price_unit": "G"
      },
      {
        "state": "TAS",
        "price": "375",
        "price_per_unit": "2344",
        "price_unit": "G"
      },
      {
        "state": "ACT",
        "price": "375",
        "price_per_unit": "2344",
        "price_unit": "G"
      },
      {
        "state": "NT",
        "price": "395",
        "price_per_unit": "2469",
        "price_unit": "G"
      }
    ]
  },
  {
    "source_url": "https://www.woolworths.com.au/shop/productdetails/627754/little-bellies-organic-banana-softcorn",
    "name": "Little Bellies Organic Banana Softcorn 8g",
    "image_url": "https://cdn1.woolworths.media/content/wowproductimages/large/627754.jpg",
    "source_id": "Woolworths - 627754",
    "barcode": "9337824002219",
    "category_id": "1_717A94B",
    "shop": "Woolworths",
    "weight": "100G",
    "prices": [
      {
        "state": "NSW",
        "price": "185",
        "price_per_unit": "2313",
        "price_unit": "G"
      },
      {
        "state": "VIC",
        "price": "185",
        "price_per_unit": "2313",
        "price_unit": "G"
      },
      {
        "state": "QLD",
        "price": "185",
        "price_per_unit": "2313",
        "price_unit": "G"
      },
      {
        "state": "WA",
        "price": "185",
        "price_per_unit": "2313",
        "price_unit": "G"
      },
      {
        "state": "SA",
        "price": "185",
        "price_per_unit": "2313",
        "price_unit": "G"
      },
      {
        "state": "TAS",
        "price": "185",
        "price_per_unit": "2313",
        "price_unit": "G"
      },
      {
        "state": "ACT",
        "price": "185",
        "price_per_unit": "2313",
        "price_unit": "G"
      },
      {
        "state": "NT",
        "price": "185",
        "price_per_unit": "2313",
        "price_unit": "G"
      }
    ]
  },
  {
    "source_url": "https://www.woolworths.com.au/shop/productdetails/627742/little-bellies-organic-berry-apple-softcorn",
    "name": "Little Bellies Organic Berry & Apple Softcorn 8g",
    "image_url": "https://cdn1.woolworths.media/content/wowproductimages/large/627742.jpg",
    "source_id": "Woolworths - 627742",
    "barcode": "9337824002233",
    "category_id": "1_717A94B",
    "shop": "Woolworths",
    "weight": "100G",
    "prices": [
      {
        "state": "NSW",
        "price": "185",
        "price_per_unit": "2313",
        "price_unit": "G"
      },
      {
        "state": "VIC",
        "price": "185",
        "price_per_unit": "2313",
        "price_unit": "G"
      },
      {
        "state": "QLD",
        "price": "185",
        "price_per_unit": "2313",
        "price_unit": "G"
      },
      {
        "state": "WA",
        "price": "185",
        "price_per_unit": "2313",
        "price_unit": "G"
      },
      {
        "state": "SA",
        "price": "185",
        "price_per_unit": "2313",
        "price_unit": "G"
      },
      {
        "state": "TAS",
        "price": "185",
        "price_per_unit": "2313",
        "price_unit": "G"
      },
      {
        "state": "ACT",
        "price": "185",
        "price_per_unit": "2313",
        "price_unit": "G"
      },
      {
        "state": "NT",
        "price": "185",
        "price_per_unit": "2313",
        "price_unit": "G"
      }
    ]
  },
  {
    "source_url": "https://www.woolworths.com.au/shop/productdetails/790107/little-bellies-organic-carrot-puffs",
    "name": "Little Bellies Organic Carrot Puffs 12g",
    "image_url": "https://cdn1.woolworths.media/content/wowproductimages/large/790107.jpg",
    "source_id": "Woolworths - 790107",
    "barcode": "9337824001663",
    "category_id": "1_717A94B",
    "shop": "Woolworths",
    "weight": "100G",
    "prices": [
      {
        "state": "NSW",
        "price": "185",
        "price_per_unit": "1542",
        "price_unit": "G"
      },
      {
        "state": "VIC",
        "price": "185",
        "price_per_unit": "1542",
        "price_unit": "G"
      },
      {
        "state": "QLD",
        "price": "185",
        "price_per_unit": "1542",
        "price_unit": "G"
      },
      {
        "state": "WA",
        "price": "185",
        "price_per_unit": "1542",
        "price_unit": "G"
      },
      {
        "state": "SA",
        "price": "185",
        "price_per_unit": "1542",
        "price_unit": "G"
      },
      {
        "state": "TAS",
        "price": "185",
        "price_per_unit": "1542",
        "price_unit": "G"
      },
      {
        "state": "ACT",
        "price": "185",
        "price_per_unit": "1542",
        "price_unit": "G"
      },
      {
        "state": "NT",
        "price": "185",
        "price_per_unit": "1542",
        "price_unit": "G"
      }
    ]
  },
  {
    "source_url": "https://www.woolworths.com.au/shop/productdetails/414360/little-bellies-organic-puffs-apple-cinnamon",
    "name": "Little Bellies Organic Puffs Apple & Cinnamon 12g",
    "image_url": "https://cdn1.woolworths.media/content/wowproductimages/large/414360.jpg",
    "source_id": "Woolworths - 414360",
    "barcode": "9337824001991",
    "category_id": "1_717A94B",
    "shop": "Woolworths",
    "weight": "100G",
    "prices": [
      {
        "state": "NSW",
        "price": "185",
        "price_per_unit": "1542",
        "price_unit": "G"
      },
      {
        "state": "VIC",
        "price": "185",
        "price_per_unit": "1542",
        "price_unit": "G"
      },
      {
        "state": "QLD",
        "price": "185",
        "price_per_unit": "1542",
        "price_unit": "G"
      },
      {
        "state": "WA",
        "price": "185",
        "price_per_unit": "1542",
        "price_unit": "G"
      },
      {
        "state": "SA",
        "price": "185",
        "price_per_unit": "1542",
        "price_unit": "G"
      },
      {
        "state": "TAS",
        "price": "185",
        "price_per_unit": "1542",
        "price_unit": "G"
      },
      {
        "state": "ACT",
        "price": "185",
        "price_per_unit": "1542",
        "price_unit": "G"
      },
      {
        "state": "NT",
        "price": "185",
        "price_per_unit": "1542",
        "price_unit": "G"
      }
    ]
  },
  {
    "source_url": "https://www.woolworths.com.au/shop/productdetails/176319/little-bellies-organic-pumpkin-carrot-softcorn",
    "name": "Little Bellies Organic Pumpkin & Carrot Softcorn 8g",
    "image_url": "https://cdn1.woolworths.media/content/wowproductimages/large/176319.jpg",
    "source_id": "Woolworths - 176319",
    "barcode": "9337824002967",
    "category_id": "1_717A94B",
    "shop": "Woolworths",
    "weight": "100G",
    "prices": [
      {
        "state": "NSW",
        "price": "185",
        "price_per_unit": "2313",
        "price_unit": "G"
      },
      {
        "state": "VIC",
        "price": "185",
        "price_per_unit": "2313",
        "price_unit": "G"
      },
      {
        "state": "QLD",
        "price": "185",
        "price_per_unit": "2313",
        "price_unit": "G"
      },
      {
        "state": "WA",
        "price": "185",
        "price_per_unit": "2313",
        "price_unit": "G"
      },
      {
        "state": "SA",
        "price": "185",
        "price_per_unit": "2313",
        "price_unit": "G"
      },
      {
        "state": "TAS",
        "price": "185",
        "price_per_unit": "2313",
        "price_unit": "G"
      },
      {
        "state": "ACT",
        "price": "185",
        "price_per_unit": "2313",
        "price_unit": "G"
      },
      {
        "state": "NT",
        "price": "185",
        "price_per_unit": "2313",
        "price_unit": "G"
      }
    ]
  },
  {
    "source_url": "https://www.woolworths.com.au/shop/productdetails/59516/little-bellies-organic-strawberry-pick-up-sticks",
    "name": "Little Bellies Organic Strawberry Pick-Up Sticks 16g",
    "image_url": "https://cdn1.woolworths.media/content/wowproductimages/large/059516.jpg",
    "source_id": "Woolworths - 59516",
    "barcode": "9337824003056",
    "category_id": "1_717A94B",
    "shop": "Woolworths",
    "weight": "100G",
    "prices": [
      {
        "state": "NSW",
        "price": "375",
        "price_per_unit": "2344",
        "price_unit": "G"
      },
      {
        "state": "VIC",
        "price": "375",
        "price_per_unit": "2344",
        "price_unit": "G"
      },
      {
        "state": "QLD",
        "price": "375",
        "price_per_unit": "2344",
        "price_unit": "G"
      },
      {
        "state": "WA",
        "price": "375",
        "price_per_unit": "2344",
        "price_unit": "G"
      },
      {
        "state": "SA",
        "price": "375",
        "price_per_unit": "2344",
        "price_unit": "G"
      },
      {
        "state": "TAS",
        "price": "375",
        "price_per_unit": "2344",
        "price_unit": "G"
      },
      {
        "state": "ACT",
        "price": "375",
        "price_per_unit": "2344",
        "price_unit": "G"
      },
      {
        "state": "NT",
        "price": "395",
        "price_per_unit": "2469",
        "price_unit": "G"
      }
    ]
  },
  {
    "source_url": "https://www.woolworths.com.au/shop/productdetails/905683/little-bellies-organic-sweet-salty-softcorn",
    "name": "Little Bellies Organic Sweet & Salty Softcorn 8g x 4 pack",
    "image_url": "https://cdn1.woolworths.media/content/wowproductimages/large/905683.jpg",
    "source_id": "Woolworths - 905683",
    "barcode": "9337824003896",
    "category_id": "1_717A94B",
    "shop": "Woolworths",
    "weight": "100G",
    "prices": [
      {
        "state": "NSW",
        "price": "750",
        "price_per_unit": "2344",
        "price_unit": "G"
      },
      {
        "state": "VIC",
        "price": "750",
        "price_per_unit": "2344",
        "price_unit": "G"
      },
      {
        "state": "QLD",
        "price": "750",
        "price_per_unit": "2344",
        "price_unit": "G"
      },
      {
        "state": "WA",
        "price": "750",
        "price_per_unit": "2344",
        "price_unit": "G"
      },
      {
        "state": "SA",
        "price": "750",
        "price_per_unit": "2344",
        "price_unit": "G"
      },
      {
        "state": "ACT",
        "price": "750",
        "price_per_unit": "2344",
        "price_unit": "G"
      },
      {
        "state": "NT",
        "price": "750",
        "price_per_unit": "2344",
        "price_unit": "G"
      }
    ]
  },
  {
    "source_url": "https://www.woolworths.com.au/shop/productdetails/59517/little-bellies-organic-sweet-potato-pick-up-sticks",
    "name": "Little Bellies Organic Sweet Potato Pick-Up Sticks 16g",
    "image_url": "https://cdn1.woolworths.media/content/wowproductimages/large/059517.jpg",
    "source_id": "Woolworths - 59517",
    "barcode": "9337824003063",
    "category_id": "1_717A94B",
    "shop": "Woolworths",
    "weight": "100G",
    "prices": [
      {
        "state": "NSW",
        "price": "375",
        "price_per_unit": "2344",
        "price_unit": "G"
      },
      {
        "state": "VIC",
        "price": "375",
        "price_per_unit": "2344",
        "price_unit": "G"
      },
      {
        "state": "QLD",
        "price": "375",
        "price_per_unit": "2344",
        "price_unit": "G"
      },
      {
        "state": "WA",
        "price": "375",
        "price_per_unit": "2344",
        "price_unit": "G"
      },
      {
        "state": "SA",
        "price": "375",
        "price_per_unit": "2344",
        "price_unit": "G"
      },
      {
        "state": "TAS",
        "price": "375",
        "price_per_unit": "2344",
        "price_unit": "G"
      },
      {
        "state": "ACT",
        "price": "375",
        "price_per_unit": "2344",
        "price_unit": "G"
      },
      {
        "state": "NT",
        "price": "395",
        "price_per_unit": "2469",
        "price_unit": "G"
      }
    ]
  },
  {
    "source_url": "https://www.woolworths.com.au/shop/productdetails/839243/little-bellies-organic-sweetcorn-round-a-bouts",
    "name": "Little Bellies Organic Sweetcorn Round-a-bouts 12g",
    "image_url": "https://cdn1.woolworths.media/content/wowproductimages/large/839243.jpg",
    "source_id": "Woolworths - 839243",
    "barcode": "9337824001908",
    "category_id": "1_717A94B",
    "shop": "Woolworths",
    "weight": "100G",
    "prices": [
      {
        "state": "NSW",
        "price": "185",
        "price_per_unit": "1542",
        "price_unit": "G"
      },
      {
        "state": "VIC",
        "price": "185",
        "price_per_unit": "1542",
        "price_unit": "G"
      },
      {
        "state": "QLD",
        "price": "185",
        "price_per_unit": "1542",
        "price_unit": "G"
      },
      {
        "state": "WA",
        "price": "185",
        "price_per_unit": "1542",
        "price_unit": "G"
      },
      {
        "state": "SA",
        "price": "185",
        "price_per_unit": "1542",
        "price_unit": "G"
      },
      {
        "state": "ACT",
        "price": "185",
        "price_per_unit": "1542",
        "price_unit": "G"
      },
      {
        "state": "NT",
        "price": "185",
        "price_per_unit": "1542",
        "price_unit": "G"
      }
    ]
  },
  {
    "source_url": "https://www.woolworths.com.au/shop/productdetails/111688/little-bellies-veggie-tubes",
    "name": "Little Bellies Veggie Tubes 12g",
    "image_url": "https://cdn1.woolworths.media/content/wowproductimages/large/111688.jpg",
    "source_id": "Woolworths - 111688",
    "barcode": "9337824002929",
    "category_id": "1_717A94B",
    "shop": "Woolworths",
    "weight": "100G",
    "prices": [
      {
        "state": "NSW",
        "price": "185",
        "price_per_unit": "1542",
        "price_unit": "G"
      },
      {
        "state": "VIC",
        "price": "185",
        "price_per_unit": "1542",
        "price_unit": "G"
      },
      {
        "state": "QLD",
        "price": "185",
        "price_per_unit": "1542",
        "price_unit": "G"
      },
      {
        "state": "WA",
        "price": "185",
        "price_per_unit": "1542",
        "price_unit": "G"
      },
      {
        "state": "SA",
        "price": "185",
        "price_per_unit": "1542",
        "price_unit": "G"
      },
      {
        "state": "TAS",
        "price": "185",
        "price_per_unit": "1542",
        "price_unit": "G"
      },
      {
        "state": "ACT",
        "price": "185",
        "price_per_unit": "1542",
        "price_unit": "G"
      },
      {
        "state": "NT",
        "price": "185",
        "price_per_unit": "1542",
        "price_unit": "G"
      }
    ]
  },
  {
    "source_url": "https://www.woolworths.com.au/shop/productdetails/756670/little-quacker-1-3-years-rice-biscuit-strawberry",
    "name": "Little Quacker 1-3 Years Rice Biscuit Strawberry 40g",
    "image_url": "https://cdn1.woolworths.media/content/wowproductimages/large/756670.jpg",
    "source_id": "Woolworths - 756670",
    "barcode": "9329521006072",
    "category_id": "1_717A94B",
    "shop": "Woolworths",
    "weight": "100G",
    "prices": [
      {
        "state": "NSW",
        "price": "320",
        "price_per_unit": "800",
        "price_unit": "G"
      },
      {
        "state": "VIC",
        "price": "320",
        "price_per_unit": "800",
        "price_unit": "G"
      },
      {
        "state": "QLD",
        "price": "320",
        "price_per_unit": "800",
        "price_unit": "G"
      },
      {
        "state": "WA",
        "price": "320",
        "price_per_unit": "800",
        "price_unit": "G"
      },
      {
        "state": "SA",
        "price": "320",
        "price_per_unit": "800",
        "price_unit": "G"
      },
      {
        "state": "TAS",
        "price": "320",
        "price_per_unit": "800",
        "price_unit": "G"
      },
      {
        "state": "ACT",
        "price": "320",
        "price_per_unit": "800",
        "price_unit": "G"
      },
      {
        "state": "NT",
        "price": "320",
        "price_per_unit": "800",
        "price_unit": "G"
      }
    ]
  },
  {
    "source_url": "https://www.woolworths.com.au/shop/productdetails/276767/only-organic-apple-coconut-flaxseed-biscuits",
    "name": "Only Organic Apple Coconut & Flaxseed Biscuits 100g",
    "image_url": "https://cdn1.woolworths.media/content/wowproductimages/large/276767.jpg",
    "source_id": "Woolworths - 276767",
    "barcode": "9403145305275",
    "category_id": "1_717A94B",
    "shop": "Woolworths",
    "weight": "100G",
    "prices": [
      {
        "state": "NSW",
        "price": "400",
        "price_per_unit": "400",
        "price_unit": "G"
      },
      {
        "state": "WA",
        "price": "400",
        "price_per_unit": "400",
        "price_unit": "G"
      },
      {
        "state": "SA",
        "price": "400",
        "price_per_unit": "400",
        "price_unit": "G"
      },
      {
        "state": "TAS",
        "price": "400",
        "price_per_unit": "400",
        "price_unit": "G"
      },
      {
        "state": "ACT",
        "price": "400",
        "price_per_unit": "400",
        "price_unit": "G"
      },
      {
        "state": "NT",
        "price": "420",
        "price_per_unit": "420",
        "price_unit": "G"
      }
    ]
  },
  {
    "source_url": "https://www.woolworths.com.au/shop/productdetails/839605/only-organic-banana-biscotti",
    "name": "Only Organic Banana Biscotti 100g",
    "image_url": "https://cdn1.woolworths.media/content/wowproductimages/large/839605.jpg",
    "source_id": "Woolworths - 839605",
    "barcode": "9403145304384",
    "category_id": "1_717A94B",
    "shop": "Woolworths",
    "weight": "100G",
    "prices": [
      {
        "state": "NSW",
        "price": "400",
        "price_per_unit": "400",
        "price_unit": "G"
      },
      {
        "state": "VIC",
        "price": "400",
        "price_per_unit": "400",
        "price_unit": "G"
      },
      {
        "state": "QLD",
        "price": "400",
        "price_per_unit": "400",
        "price_unit": "G"
      },
      {
        "state": "WA",
        "price": "400",
        "price_per_unit": "400",
        "price_unit": "G"
      },
      {
        "state": "SA",
        "price": "400",
        "price_per_unit": "400",
        "price_unit": "G"
      },
      {
        "state": "TAS",
        "price": "400",
        "price_per_unit": "400",
        "price_unit": "G"
      },
      {
        "state": "ACT",
        "price": "400",
        "price_per_unit": "400",
        "price_unit": "G"
      },
      {
        "state": "NT",
        "price": "420",
        "price_per_unit": "420",
        "price_unit": "G"
      }
    ]
  },
  {
    "source_url": "https://www.woolworths.com.au/shop/productdetails/933166/only-organic-beef-bolognese",
    "name": "Only Organic Beef Bolognese 220g",
    "image_url": "https://cdn1.woolworths.media/content/wowproductimages/large/933166.jpg",
    "source_id": "Woolworths - 933166",
    "barcode": "9403145304209",
    "category_id": "1_717A94B",
    "shop": "Woolworths",
    "weight": "100G",
    "prices": [
      {
        "state": "NSW",
        "price": "350",
        "price_per_unit": "159",
        "price_unit": "G"
      },
      {
        "state": "VIC",
        "price": "350",
        "price_per_unit": "159",
        "price_unit": "G"
      },
      {
        "state": "QLD",
        "price": "350",
        "price_per_unit": "159",
        "price_unit": "G"
      },
      {
        "state": "WA",
        "price": "350",
        "price_per_unit": "159",
        "price_unit": "G"
      },
      {
        "state": "SA",
        "price": "350",
        "price_per_unit": "159",
        "price_unit": "G"
      },
      {
        "state": "TAS",
        "price": "350",
        "price_per_unit": "159",
        "price_unit": "G"
      },
      {
        "state": "ACT",
        "price": "350",
        "price_per_unit": "159",
        "price_unit": "G"
      }
    ]
  },
  {
    "source_url": "https://www.woolworths.com.au/shop/productdetails/681967/only-organic-chicken-bolognese",
    "name": "Only Organic Chicken Bolognese 170g",
    "image_url": "https://cdn1.woolworths.media/content/wowproductimages/large/681967.jpg",
    "source_id": "Woolworths - 681967",
    "barcode": "9403145304667",
    "category_id": "1_717A94B",
    "shop": "Woolworths",
    "weight": "100G",
    "prices": [
      {
        "state": "NSW",
        "price": "250",
        "price_per_unit": "147",
        "price_unit": "G"
      },
      {
        "state": "VIC",
        "price": "250",
        "price_per_unit": "147",
        "price_unit": "G"
      },
      {
        "state": "QLD",
        "price": "250",
        "price_per_unit": "147",
        "price_unit": "G"
      },
      {
        "state": "WA",
        "price": "250",
        "price_per_unit": "147",
        "price_unit": "G"
      },
      {
        "state": "SA",
        "price": "250",
        "price_per_unit": "147",
        "price_unit": "G"
      },
      {
        "state": "TAS",
        "price": "250",
        "price_per_unit": "147",
        "price_unit": "G"
      },
      {
        "state": "ACT",
        "price": "250",
        "price_per_unit": "147",
        "price_unit": "G"
      },
      {
        "state": "NT",
        "price": "270",
        "price_per_unit": "159",
        "price_unit": "G"
      }
    ]
  },
  {
    "source_url": "https://www.woolworths.com.au/shop/productdetails/483336/only-organic-chicken-coconut-quinoa-tumeric",
    "name": "Only Organic Chicken Coconut Quinoa & Tumeric 220g",
    "image_url": "https://cdn1.woolworths.media/content/wowproductimages/large/483336.jpg",
    "source_id": "Woolworths - 483336",
    "barcode": "9403145305855",
    "category_id": "1_717A94B",
    "shop": "Woolworths",
    "weight": "100G",
    "prices": [
      {
        "state": "NSW",
        "price": "350",
        "price_per_unit": "159",
        "price_unit": "G"
      },
      {
        "state": "VIC",
        "price": "350",
        "price_per_unit": "159",
        "price_unit": "G"
      },
      {
        "state": "QLD",
        "price": "350",
        "price_per_unit": "159",
        "price_unit": "G"
      },
      {
        "state": "WA",
        "price": "350",
        "price_per_unit": "159",
        "price_unit": "G"
      },
      {
        "state": "SA",
        "price": "350",
        "price_per_unit": "159",
        "price_unit": "G"
      },
      {
        "state": "ACT",
        "price": "350",
        "price_per_unit": "159",
        "price_unit": "G"
      },
      {
        "state": "NT",
        "price": "360",
        "price_per_unit": "164",
        "price_unit": "G"
      }
    ]
  },
  {
    "source_url": "https://www.woolworths.com.au/shop/productdetails/133046/only-organic-chicken-vegetables-star-pasta",
    "name": "Only Organic Chicken Vegetables & Star Pasta 170g",
    "image_url": "https://cdn1.woolworths.media/content/wowproductimages/large/133046.jpg",
    "source_id": "Woolworths - 133046",
    "barcode": "9403145305190",
    "category_id": "1_717A94B",
    "shop": "Woolworths",
    "weight": "100G",
    "prices": [
      {
        "state": "NSW",
        "price": "250",
        "price_per_unit": "147",
        "price_unit": "G"
      },
      {
        "state": "VIC",
        "price": "250",
        "price_per_unit": "147",
        "price_unit": "G"
      },
      {
        "state": "QLD",
        "price": "250",
        "price_per_unit": "147",
        "price_unit": "G"
      },
      {
        "state": "WA",
        "price": "250",
        "price_per_unit": "147",
        "price_unit": "G"
      },
      {
        "state": "SA",
        "price": "250",
        "price_per_unit": "147",
        "price_unit": "G"
      },
      {
        "state": "TAS",
        "price": "250",
        "price_per_unit": "147",
        "price_unit": "G"
      },
      {
        "state": "ACT",
        "price": "250",
        "price_per_unit": "147",
        "price_unit": "G"
      },
      {
        "state": "NT",
        "price": "270",
        "price_per_unit": "159",
        "price_unit": "G"
      }
    ]
  },
  {
    "source_url": "https://www.woolworths.com.au/shop/productdetails/934475/only-organic-macaroni-cheese",
    "name": "Only Organic Macaroni Cheese 220g",
    "image_url": "https://cdn1.woolworths.media/content/wowproductimages/large/934475.jpg",
    "source_id": "Woolworths - 934475",
    "barcode": "9403145304223",
    "category_id": "1_717A94B",
    "shop": "Woolworths",
    "weight": "100G",
    "prices": [
      {
        "state": "NSW",
        "price": "350",
        "price_per_unit": "159",
        "price_unit": "G"
      },
      {
        "state": "VIC",
        "price": "350",
        "price_per_unit": "159",
        "price_unit": "G"
      },
      {
        "state": "QLD",
        "price": "350",
        "price_per_unit": "159",
        "price_unit": "G"
      },
      {
        "state": "WA",
        "price": "350",
        "price_per_unit": "159",
        "price_unit": "G"
      },
      {
        "state": "SA",
        "price": "350",
        "price_per_unit": "159",
        "price_unit": "G"
      },
      {
        "state": "TAS",
        "price": "350",
        "price_per_unit": "159",
        "price_unit": "G"
      },
      {
        "state": "ACT",
        "price": "350",
        "price_per_unit": "159",
        "price_unit": "G"
      },
      {
        "state": "NT",
        "price": "360",
        "price_per_unit": "164",
        "price_unit": "G"
      }
    ]
  },
  {
    "source_url": "https://www.woolworths.com.au/shop/productdetails/682039/only-organic-mango-chicken-coconut-rice",
    "name": "Only Organic Mango Chicken & Coconut Rice 170g",
    "image_url": "https://cdn1.woolworths.media/content/wowproductimages/large/682039.jpg",
    "source_id": "Woolworths - 682039",
    "barcode": "9403145304650",
    "category_id": "1_717A94B",
    "shop": "Woolworths",
    "weight": "100G",
    "prices": [
      {
        "state": "NSW",
        "price": "250",
        "price_per_unit": "147",
        "price_unit": "G"
      },
      {
        "state": "VIC",
        "price": "250",
        "price_per_unit": "147",
        "price_unit": "G"
      },
      {
        "state": "QLD",
        "price": "250",
        "price_per_unit": "147",
        "price_unit": "G"
      },
      {
        "state": "WA",
        "price": "250",
        "price_per_unit": "147",
        "price_unit": "G"
      },
      {
        "state": "SA",
        "price": "250",
        "price_per_unit": "147",
        "price_unit": "G"
      },
      {
        "state": "TAS",
        "price": "250",
        "price_per_unit": "147",
        "price_unit": "G"
      },
      {
        "state": "ACT",
        "price": "250",
        "price_per_unit": "147",
        "price_unit": "G"
      },
      {
        "state": "NT",
        "price": "270",
        "price_per_unit": "159",
        "price_unit": "G"
      }
    ]
  },
  {
    "source_url": "https://www.woolworths.com.au/shop/productdetails/660268/only-organic-pasta-bolognese",
    "name": "Only Organic Pasta Bolognese 170g",
    "image_url": "https://cdn1.woolworths.media/content/wowproductimages/large/660268.jpg",
    "source_id": "Woolworths - 660268",
    "barcode": "9403145304681",
    "category_id": "1_717A94B",
    "shop": "Woolworths",
    "weight": "100G",
    "prices": [
      {
        "state": "NSW",
        "price": "250",
        "price_per_unit": "147",
        "price_unit": "G"
      },
      {
        "state": "VIC",
        "price": "250",
        "price_per_unit": "147",
        "price_unit": "G"
      },
      {
        "state": "QLD",
        "price": "250",
        "price_per_unit": "147",
        "price_unit": "G"
      },
      {
        "state": "WA",
        "price": "250",
        "price_per_unit": "147",
        "price_unit": "G"
      },
      {
        "state": "SA",
        "price": "250",
        "price_per_unit": "147",
        "price_unit": "G"
      },
      {
        "state": "TAS",
        "price": "250",
        "price_per_unit": "147",
        "price_unit": "G"
      },
      {
        "state": "ACT",
        "price": "250",
        "price_per_unit": "147",
        "price_unit": "G"
      },
      {
        "state": "NT",
        "price": "270",
        "price_per_unit": "159",
        "price_unit": "G"
      }
    ]
  },
  {
    "source_url": "https://www.woolworths.com.au/shop/productdetails/659823/only-organic-pumpkin-potato-beef-8-months",
    "name": "Only Organic Pumpkin Potato & Beef 8+ Months 170g",
    "image_url": "https://cdn1.woolworths.media/content/wowproductimages/large/659823.jpg",
    "source_id": "Woolworths - 659823",
    "barcode": "9403145304698",
    "category_id": "1_717A94B",
    "shop": "Woolworths",
    "weight": "100G",
    "prices": [
      {
        "state": "NSW",
        "price": "250",
        "price_per_unit": "147",
        "price_unit": "G"
      },
      {
        "state": "VIC",
        "price": "250",
        "price_per_unit": "147",
        "price_unit": "G"
      },
      {
        "state": "QLD",
        "price": "250",
        "price_per_unit": "147",
        "price_unit": "G"
      },
      {
        "state": "WA",
        "price": "250",
        "price_per_unit": "147",
        "price_unit": "G"
      },
      {
        "state": "SA",
        "price": "250",
        "price_per_unit": "147",
        "price_unit": "G"
      },
      {
        "state": "TAS",
        "price": "250",
        "price_per_unit": "147",
        "price_unit": "G"
      },
      {
        "state": "NT",
        "price": "270",
        "price_per_unit": "159",
        "price_unit": "G"
      }
    ]
  },
  {
    "source_url": "https://www.woolworths.com.au/shop/productdetails/303999/only-organic-raspberry-banana-baby-wafers",
    "name": "Only Organic Raspberry & Banana Baby Wafers 4 Pack",
    "image_url": "https://cdn1.woolworths.media/content/wowproductimages/large/303999.jpg",
    "source_id": "Woolworths - 303999",
    "barcode": "9403145305695",
    "category_id": "1_717A94B",
    "shop": "Woolworths",
    "weight": "100G",
    "prices": [
      {
        "state": "NSW",
        "price": "300",
        "price_per_unit": "1875",
        "price_unit": "G"
      },
      {
        "state": "WA",
        "price": "300",
        "price_per_unit": "1875",
        "price_unit": "G"
      },
      {
        "state": "SA",
        "price": "300",
        "price_per_unit": "1875",
        "price_unit": "G"
      },
      {
        "state": "TAS",
        "price": "300",
        "price_per_unit": "1875",
        "price_unit": "G"
      },
      {
        "state": "ACT",
        "price": "300",
        "price_per_unit": "1875",
        "price_unit": "G"
      },
      {
        "state": "NT",
        "price": "300",
        "price_per_unit": "1875",
        "price_unit": "G"
      }
    ]
  },
  {
    "source_url": "https://www.woolworths.com.au/shop/productdetails/53365/only-organic-sweet-pot-lamb-couscous",
    "name": "Only Organic Sweet Pot Lamb & Couscous 170g",
    "image_url": "https://cdn1.woolworths.media/content/wowproductimages/large/053365.jpg",
    "source_id": "Woolworths - 53365",
    "barcode": "9403145304766",
    "category_id": "1_717A94B",
    "shop": "Woolworths",
    "weight": "100G",
    "prices": [
      {
        "state": "NSW",
        "price": "250",
        "price_per_unit": "147",
        "price_unit": "G"
      },
      {
        "state": "VIC",
        "price": "250",
        "price_per_unit": "147",
        "price_unit": "G"
      },
      {
        "state": "QLD",
        "price": "250",
        "price_per_unit": "147",
        "price_unit": "G"
      },
      {
        "state": "WA",
        "price": "250",
        "price_per_unit": "147",
        "price_unit": "G"
      },
      {
        "state": "SA",
        "price": "250",
        "price_per_unit": "147",
        "price_unit": "G"
      },
      {
        "state": "TAS",
        "price": "250",
        "price_per_unit": "147",
        "price_unit": "G"
      },
      {
        "state": "ACT",
        "price": "250",
        "price_per_unit": "147",
        "price_unit": "G"
      },
      {
        "state": "NT",
        "price": "270",
        "price_per_unit": "159",
        "price_unit": "G"
      }
    ]
  },
  {
    "source_url": "https://www.woolworths.com.au/shop/productdetails/335208/rafferty-s-garden-baby-food-apple-snack-bars-real-fruit-8-pack-12-months",
    "name": "Rafferty's Garden Baby Food Apple Snack Bars Real Fruit 8 Pack 12+ Months 128g",
    "image_url": "https://cdn1.woolworths.media/content/wowproductimages/large/335208.jpg",
    "source_id": "Woolworths - 335208",
    "barcode": "9421901088408",
    "category_id": "1_717A94B",
    "shop": "Woolworths",
    "weight": "100G",
    "prices": [
      {
        "state": "NSW",
        "price": "550",
        "price_per_unit": "430",
        "price_unit": "G"
      },
      {
        "state": "VIC",
        "price": "550",
        "price_per_unit": "430",
        "price_unit": "G"
      },
      {
        "state": "QLD",
        "price": "550",
        "price_per_unit": "430",
        "price_unit": "G"
      },
      {
        "state": "WA",
        "price": "550",
        "price_per_unit": "430",
        "price_unit": "G"
      },
      {
        "state": "SA",
        "price": "550",
        "price_per_unit": "430",
        "price_unit": "G"
      },
      {
        "state": "TAS",
        "price": "550",
        "price_per_unit": "430",
        "price_unit": "G"
      },
      {
        "state": "ACT",
        "price": "550",
        "price_per_unit": "430",
        "price_unit": "G"
      },
      {
        "state": "NT",
        "price": "580",
        "price_per_unit": "453",
        "price_unit": "G"
      }
    ]
  },
  {
    "source_url": "https://www.woolworths.com.au/shop/productdetails/335206/rafferty-s-garden-baby-food-banana-fruit-snack-bars-12-months",
    "name": "Rafferty's Garden Baby Food Banana Fruit Snack Bars 12+ Months 8 Pack",
    "image_url": "https://cdn1.woolworths.media/content/wowproductimages/large/335206.jpg",
    "source_id": "Woolworths - 335206",
    "barcode": "9421901088415",
    "category_id": "1_717A94B",
    "shop": "Woolworths",
    "weight": "100G",
    "prices": [
      {
        "state": "NSW",
        "price": "550",
        "price_per_unit": "430",
        "price_unit": "G"
      },
      {
        "state": "VIC",
        "price": "550",
        "price_per_unit": "430",
        "price_unit": "G"
      },
      {
        "state": "QLD",
        "price": "550",
        "price_per_unit": "430",
        "price_unit": "G"
      },
      {
        "state": "WA",
        "price": "550",
        "price_per_unit": "430",
        "price_unit": "G"
      },
      {
        "state": "SA",
        "price": "550",
        "price_per_unit": "430",
        "price_unit": "G"
      },
      {
        "state": "TAS",
        "price": "550",
        "price_per_unit": "430",
        "price_unit": "G"
      },
      {
        "state": "ACT",
        "price": "550",
        "price_per_unit": "430",
        "price_unit": "G"
      },
      {
        "state": "NT",
        "price": "580",
        "price_per_unit": "453",
        "price_unit": "G"
      }
    ]
  },
  {
    "source_url": "https://www.woolworths.com.au/shop/productdetails/789941/rafferty-s-garden-baby-food-blueberry-banana-apple-snack-bars-12-months",
    "name": "Rafferty's Garden Baby Food Blueberry, Banana & Apple Snack Bars 12+ Months 128g",
    "image_url": "https://cdn1.woolworths.media/content/wowproductimages/large/789941.jpg",
    "source_id": "Woolworths - 789941",
    "barcode": "9421901088422",
    "category_id": "1_717A94B",
    "shop": "Woolworths",
    "weight": "100G",
    "prices": [
      {
        "state": "NSW",
        "price": "550",
        "price_per_unit": "430",
        "price_unit": "G"
      },
      {
        "state": "VIC",
        "price": "550",
        "price_per_unit": "430",
        "price_unit": "G"
      },
      {
        "state": "QLD",
        "price": "550",
        "price_per_unit": "430",
        "price_unit": "G"
      },
      {
        "state": "WA",
        "price": "550",
        "price_per_unit": "430",
        "price_unit": "G"
      },
      {
        "state": "SA",
        "price": "550",
        "price_per_unit": "430",
        "price_unit": "G"
      },
      {
        "state": "TAS",
        "price": "550",
        "price_per_unit": "430",
        "price_unit": "G"
      },
      {
        "state": "ACT",
        "price": "550",
        "price_per_unit": "430",
        "price_unit": "G"
      },
      {
        "state": "NT",
        "price": "580",
        "price_per_unit": "453",
        "price_unit": "G"
      }
    ]
  },
  {
    "source_url": "https://www.woolworths.com.au/shop/productdetails/345376/rafferty-s-garden-baby-food-pouch-beef-veg-italian-lasagne-10-months",
    "name": "Rafferty's Garden Baby Food Pouch Beef & Veg Italian Lasagne 10+ Months 170g",
    "image_url": "https://cdn1.woolworths.media/content/wowproductimages/large/345376.jpg",
    "source_id": "Woolworths - 345376",
    "barcode": "9421901088804",
    "category_id": "1_717A94B",
    "shop": "Woolworths",
    "weight": "100G",
    "prices": [
      {
        "state": "NSW",
        "price": "280",
        "price_per_unit": "165",
        "price_unit": "G"
      },
      {
        "state": "VIC",
        "price": "280",
        "price_per_unit": "165",
        "price_unit": "G"
      },
      {
        "state": "QLD",
        "price": "280",
        "price_per_unit": "165",
        "price_unit": "G"
      },
      {
        "state": "WA",
        "price": "280",
        "price_per_unit": "165",
        "price_unit": "G"
      },
      {
        "state": "SA",
        "price": "280",
        "price_per_unit": "165",
        "price_unit": "G"
      },
      {
        "state": "TAS",
        "price": "280",
        "price_per_unit": "165",
        "price_unit": "G"
      },
      {
        "state": "ACT",
        "price": "280",
        "price_per_unit": "165",
        "price_unit": "G"
      },
      {
        "state": "NT",
        "price": "280",
        "price_per_unit": "165",
        "price_unit": "G"
      }
    ]
  },
  {
    "source_url": "https://www.woolworths.com.au/shop/productdetails/291183/rafferty-s-garden-baby-food-pouch-beef-bolognese-macaroni-10-months",
    "name": "Rafferty's Garden Baby Food Pouch Beef Bolognese & Macaroni 10+ Months 170g",
    "image_url": "https://cdn1.woolworths.media/content/wowproductimages/large/291183.jpg",
    "source_id": "Woolworths - 291183",
    "barcode": "9421901080136",
    "category_id": "1_717A94B",
    "shop": "Woolworths",
    "weight": "100G",
    "prices": [
      {
        "state": "NSW",
        "price": "280",
        "price_per_unit": "165",
        "price_unit": "G"
      },
      {
        "state": "VIC",
        "price": "280",
        "price_per_unit": "165",
        "price_unit": "G"
      },
      {
        "state": "QLD",
        "price": "280",
        "price_per_unit": "165",
        "price_unit": "G"
      },
      {
        "state": "WA",
        "price": "280",
        "price_per_unit": "165",
        "price_unit": "G"
      },
      {
        "state": "SA",
        "price": "280",
        "price_per_unit": "165",
        "price_unit": "G"
      },
      {
        "state": "TAS",
        "price": "280",
        "price_per_unit": "165",
        "price_unit": "G"
      },
      {
        "state": "ACT",
        "price": "280",
        "price_per_unit": "165",
        "price_unit": "G"
      },
      {
        "state": "NT",
        "price": "280",
        "price_per_unit": "165",
        "price_unit": "G"
      }
    ]
  },
  {
    "source_url": "https://www.woolworths.com.au/shop/productdetails/291184/rafferty-s-garden-baby-food-pouch-risoni-pasta-garden-vegetables-10-months",
    "name": "Rafferty's Garden Baby Food Pouch Risoni Pasta & Garden Vegetables 10+ Months 170g",
    "image_url": "https://cdn1.woolworths.media/content/wowproductimages/large/291184.jpg",
    "source_id": "Woolworths - 291184",
    "barcode": "9421901080082",
    "category_id": "1_717A94B",
    "shop": "Woolworths",
    "weight": "100G",
    "prices": [
      {
        "state": "NSW",
        "price": "280",
        "price_per_unit": "165",
        "price_unit": "G"
      },
      {
        "state": "VIC",
        "price": "280",
        "price_per_unit": "165",
        "price_unit": "G"
      },
      {
        "state": "QLD",
        "price": "280",
        "price_per_unit": "165",
        "price_unit": "G"
      },
      {
        "state": "WA",
        "price": "280",
        "price_per_unit": "165",
        "price_unit": "G"
      },
      {
        "state": "SA",
        "price": "280",
        "price_per_unit": "165",
        "price_unit": "G"
      },
      {
        "state": "TAS",
        "price": "280",
        "price_per_unit": "165",
        "price_unit": "G"
      },
      {
        "state": "ACT",
        "price": "280",
        "price_per_unit": "165",
        "price_unit": "G"
      },
      {
        "state": "NT",
        "price": "280",
        "price_per_unit": "165",
        "price_unit": "G"
      }
    ]
  },
  {
    "source_url": "https://www.woolworths.com.au/shop/productdetails/117036/rafferty-s-garden-baby-food-pouch-summer-fruits-quinoa-6-months",
    "name": "Rafferty's Garden Baby Food Pouch Summer Fruits & Quinoa 6+ Months 120g",
    "image_url": "https://cdn1.woolworths.media/content/wowproductimages/large/117036.jpg",
    "source_id": "Woolworths - 117036",
    "barcode": "9340156084976",
    "category_id": "1_717A94B",
    "shop": "Woolworths",
    "weight": "100G",
    "prices": [
      {
        "state": "NSW",
        "price": "215",
        "price_per_unit": "179",
        "price_unit": "G"
      },
      {
        "state": "VIC",
        "price": "215",
        "price_per_unit": "179",
        "price_unit": "G"
      },
      {
        "state": "QLD",
        "price": "215",
        "price_per_unit": "179",
        "price_unit": "G"
      },
      {
        "state": "WA",
        "price": "215",
        "price_per_unit": "179",
        "price_unit": "G"
      },
      {
        "state": "SA",
        "price": "215",
        "price_per_unit": "179",
        "price_unit": "G"
      },
      {
        "state": "TAS",
        "price": "215",
        "price_per_unit": "179",
        "price_unit": "G"
      },
      {
        "state": "ACT",
        "price": "215",
        "price_per_unit": "179",
        "price_unit": "G"
      },
      {
        "state": "NT",
        "price": "230",
        "price_per_unit": "192",
        "price_unit": "G"
      }
    ]
  },
  {
    "source_url": "https://www.woolworths.com.au/shop/productdetails/720545/rafferty-s-garden-baby-food-strawberry-yoghurt-buttons-12-months",
    "name": "Rafferty's Garden Baby Food Strawberry Yoghurt Buttons 12+ Months 28g",
    "image_url": "https://cdn1.woolworths.media/content/wowproductimages/large/720545.jpg",
    "source_id": "Woolworths - 720545",
    "barcode": "9421901088491",
    "category_id": "1_717A94B",
    "shop": "Woolworths",
    "weight": "100G",
    "prices": [
      {
        "state": "NSW",
        "price": "600",
        "price_per_unit": "2143",
        "price_unit": "G"
      },
      {
        "state": "QLD",
        "price": "600",
        "price_per_unit": "2143",
        "price_unit": "G"
      },
      {
        "state": "WA",
        "price": "600",
        "price_per_unit": "2143",
        "price_unit": "G"
      },
      {
        "state": "SA",
        "price": "600",
        "price_per_unit": "2143",
        "price_unit": "G"
      },
      {
        "state": "TAS",
        "price": "600",
        "price_per_unit": "2143",
        "price_unit": "G"
      },
      {
        "state": "ACT",
        "price": "600",
        "price_per_unit": "2143",
        "price_unit": "G"
      },
      {
        "state": "NT",
        "price": "630",
        "price_per_unit": "2250",
        "price_unit": "G"
      }
    ]
  },
  {
    "source_url": "https://www.woolworths.com.au/shop/productdetails/498472/rafferty-s-garden-baby-snacks-apple-raspberry-bars-with-fruit-12-months",
    "name": "Rafferty's Garden Baby Snacks Apple & Raspberry Bars With Fruit 12+ Months 128g",
    "image_url": "https://cdn1.woolworths.media/content/wowproductimages/large/498472.jpg",
    "source_id": "Woolworths - 498472",
    "barcode": "9340156000570",
    "category_id": "1_717A94B",
    "shop": "Woolworths",
    "weight": "100G",
    "prices": [
      {
        "state": "NSW",
        "price": "550",
        "price_per_unit": "430",
        "price_unit": "G"
      },
      {
        "state": "VIC",
        "price": "550",
        "price_per_unit": "430",
        "price_unit": "G"
      },
      {
        "state": "QLD",
        "price": "550",
        "price_per_unit": "430",
        "price_unit": "G"
      },
      {
        "state": "WA",
        "price": "550",
        "price_per_unit": "430",
        "price_unit": "G"
      },
      {
        "state": "SA",
        "price": "550",
        "price_per_unit": "430",
        "price_unit": "G"
      },
      {
        "state": "TAS",
        "price": "550",
        "price_per_unit": "430",
        "price_unit": "G"
      },
      {
        "state": "ACT",
        "price": "550",
        "price_per_unit": "430",
        "price_unit": "G"
      },
      {
        "state": "NT",
        "price": "580",
        "price_per_unit": "453",
        "price_unit": "G"
      }
    ]
  },
  {
    "source_url": "https://www.woolworths.com.au/shop/productdetails/906453/rafferty-s-garden-chicken-vegetable-paella",
    "name": "Rafferty's Garden Chicken & Vegetable Paella 200g",
    "image_url": "https://cdn1.woolworths.media/content/wowproductimages/large/906453.jpg",
    "source_id": "Woolworths - 906453",
    "barcode": "9340156003465",
    "category_id": "1_717A94B",
    "shop": "Woolworths",
    "weight": "100G",
    "prices": [
      {
        "state": "NSW",
        "price": "300",
        "price_per_unit": "150",
        "price_unit": "G"
      },
      {
        "state": "SA",
        "price": "300",
        "price_per_unit": "150",
        "price_unit": "G"
      },
      {
        "state": "TAS",
        "price": "300",
        "price_per_unit": "150",
        "price_unit": "G"
      },
      {
        "state": "ACT",
        "price": "300",
        "price_per_unit": "150",
        "price_unit": "G"
      },
      {
        "state": "NT",
        "price": "300",
        "price_per_unit": "150",
        "price_unit": "G"
      }
    ]
  },
  {
    "source_url": "https://www.woolworths.com.au/shop/productdetails/909518/rafferty-s-garden-cream-veggies-pasta-sauce-1-3-years",
    "name": "Rafferty's Garden Cream & Veggies Pasta Sauce 1-3 Years 150g",
    "image_url": "https://cdn1.woolworths.media/content/wowproductimages/large/909518.jpg",
    "source_id": "Woolworths - 909518",
    "barcode": "9340156029380",
    "category_id": "1_717A94B",
    "shop": "Woolworths",
    "weight": "100G",
    "prices": [
      {
        "state": "NSW",
        "price": "300",
        "price_per_unit": "200",
        "price_unit": "G"
      },
      {
        "state": "WA",
        "price": "300",
        "price_per_unit": "200",
        "price_unit": "G"
      },
      {
        "state": "SA",
        "price": "300",
        "price_per_unit": "200",
        "price_unit": "G"
      },
      {
        "state": "ACT",
        "price": "300",
        "price_per_unit": "200",
        "price_unit": "G"
      },
      {
        "state": "NT",
        "price": "300",
        "price_per_unit": "200",
        "price_unit": "G"
      }
    ]
  },
  {
    "source_url": "https://www.woolworths.com.au/shop/productdetails/642849/rafferty-s-garden-little-smoothies-coconut-berry",
    "name": "Rafferty's Garden Little Smoothies Coconut Berry 120g",
    "image_url": "https://cdn1.woolworths.media/content/wowproductimages/large/642849.jpg",
    "source_id": "Woolworths - 642849",
    "barcode": "9340156016892",
    "category_id": "1_717A94B",
    "shop": "Woolworths",
    "weight": "100G",
    "prices": [
      {
        "state": "NSW",
        "price": "285",
        "price_per_unit": "238",
        "price_unit": "G"
      },
      {
        "state": "VIC",
        "price": "285",
        "price_per_unit": "238",
        "price_unit": "G"
      },
      {
        "state": "QLD",
        "price": "285",
        "price_per_unit": "238",
        "price_unit": "G"
      },
      {
        "state": "WA",
        "price": "285",
        "price_per_unit": "238",
        "price_unit": "G"
      },
      {
        "state": "SA",
        "price": "285",
        "price_per_unit": "238",
        "price_unit": "G"
      },
      {
        "state": "ACT",
        "price": "285",
        "price_per_unit": "238",
        "price_unit": "G"
      },
      {
        "state": "NT",
        "price": "285",
        "price_per_unit": "238",
        "price_unit": "G"
      }
    ]
  },
  {
    "source_url": "https://www.woolworths.com.au/shop/productdetails/909369/rafferty-s-garden-spinach-ricotta-macaroni",
    "name": "Rafferty's Garden Spinach & Ricotta Macaroni 200g",
    "image_url": "https://cdn1.woolworths.media/content/wowproductimages/large/909369.jpg",
    "source_id": "Woolworths - 909369",
    "barcode": "9340156003472",
    "category_id": "1_717A94B",
    "shop": "Woolworths",
    "weight": "100G",
    "prices": [
      {
        "state": "NSW",
        "price": "300",
        "price_per_unit": "150",
        "price_unit": "G"
      },
      {
        "state": "WA",
        "price": "300",
        "price_per_unit": "150",
        "price_unit": "G"
      },
      {
        "state": "SA",
        "price": "300",
        "price_per_unit": "150",
        "price_unit": "G"
      },
      {
        "state": "TAS",
        "price": "300",
        "price_per_unit": "150",
        "price_unit": "G"
      },
      {
        "state": "ACT",
        "price": "300",
        "price_per_unit": "150",
        "price_unit": "G"
      },
      {
        "state": "NT",
        "price": "300",
        "price_per_unit": "150",
        "price_unit": "G"
      }
    ]
  },
  {
    "source_url": "https://www.woolworths.com.au/shop/productdetails/909050/rafferty-s-garden-tomato-parmesan-macaroni",
    "name": "Rafferty's Garden Tomato & Parmesan Macaroni 170g",
    "image_url": "https://cdn1.woolworths.media/content/wowproductimages/large/909050.jpg",
    "source_id": "Woolworths - 909050",
    "barcode": "9340156029410",
    "category_id": "1_717A94B",
    "shop": "Woolworths",
    "weight": "100G",
    "prices": [
      {
        "state": "NSW",
        "price": "280",
        "price_per_unit": "165",
        "price_unit": "G"
      },
      {
        "state": "VIC",
        "price": "280",
        "price_per_unit": "165",
        "price_unit": "G"
      },
      {
        "state": "QLD",
        "price": "280",
        "price_per_unit": "165",
        "price_unit": "G"
      },
      {
        "state": "WA",
        "price": "280",
        "price_per_unit": "165",
        "price_unit": "G"
      },
      {
        "state": "SA",
        "price": "280",
        "price_per_unit": "165",
        "price_unit": "G"
      },
      {
        "state": "TAS",
        "price": "280",
        "price_per_unit": "165",
        "price_unit": "G"
      },
      {
        "state": "ACT",
        "price": "280",
        "price_per_unit": "165",
        "price_unit": "G"
      },
      {
        "state": "NT",
        "price": "280",
        "price_per_unit": "165",
        "price_unit": "G"
      }
    ]
  },
  {
    "source_url": "https://www.woolworths.com.au/shop/productdetails/305108/snacktacular-fruit-melts-banana-blueberry",
    "name": "Snacktacular Fruit Melts Banana & Blueberry 8g",
    "image_url": "https://cdn1.woolworths.media/content/wowproductimages/large/305108.jpg",
    "source_id": "Woolworths - 305108",
    "barcode": "9349763000300",
    "category_id": "1_717A94B",
    "shop": "Woolworths",
    "weight": "100G",
    "prices": [
      {
        "state": "NSW",
        "price": "150",
        "price_per_unit": "1875",
        "price_unit": "G"
      },
      {
        "state": "VIC",
        "price": "150",
        "price_per_unit": "1875",
        "price_unit": "G"
      },
      {
        "state": "QLD",
        "price": "150",
        "price_per_unit": "1875",
        "price_unit": "G"
      },
      {
        "state": "WA",
        "price": "150",
        "price_per_unit": "1875",
        "price_unit": "G"
      },
      {
        "state": "SA",
        "price": "150",
        "price_per_unit": "1875",
        "price_unit": "G"
      },
      {
        "state": "TAS",
        "price": "150",
        "price_per_unit": "1875",
        "price_unit": "G"
      },
      {
        "state": "ACT",
        "price": "150",
        "price_per_unit": "1875",
        "price_unit": "G"
      },
      {
        "state": "NT",
        "price": "150",
        "price_per_unit": "1875",
        "price_unit": "G"
      }
    ]
  },
  {
    "source_url": "https://www.woolworths.com.au/shop/productdetails/304350/snacktacular-fruit-melts-banana-strawberry",
    "name": "Snacktacular Fruit Melts Banana & Strawberry 8g",
    "image_url": "https://cdn1.woolworths.media/content/wowproductimages/large/304350.jpg",
    "source_id": "Woolworths - 304350",
    "barcode": "9349763000294",
    "category_id": "1_717A94B",
    "shop": "Woolworths",
    "weight": "100G",
    "prices": [
      {
        "state": "NSW",
        "price": "150",
        "price_per_unit": "1875",
        "price_unit": "G"
      },
      {
        "state": "VIC",
        "price": "150",
        "price_per_unit": "1875",
        "price_unit": "G"
      },
      {
        "state": "QLD",
        "price": "150",
        "price_per_unit": "1875",
        "price_unit": "G"
      },
      {
        "state": "WA",
        "price": "150",
        "price_per_unit": "1875",
        "price_unit": "G"
      },
      {
        "state": "SA",
        "price": "150",
        "price_per_unit": "1875",
        "price_unit": "G"
      },
      {
        "state": "TAS",
        "price": "150",
        "price_per_unit": "1875",
        "price_unit": "G"
      },
      {
        "state": "ACT",
        "price": "150",
        "price_per_unit": "1875",
        "price_unit": "G"
      },
      {
        "state": "NT",
        "price": "150",
        "price_per_unit": "1875",
        "price_unit": "G"
      }
    ]
  },
  {
    "source_url": "https://www.woolworths.com.au/shop/productdetails/499630/baby-mum-mum-first-rice-rusks-apple-pumpkin",
    "name": "Baby Mum-Mum First Rice Rusks Apple & Pumpkin 18 pack",
    "image_url": "https://cdn1.woolworths.media/content/wowproductimages/large/499630.jpg",
    "source_id": "Woolworths - 499630",
    "barcode": "4710144801635",
    "category_id": "1_717A94B",
    "shop": "Woolworths",
    "weight": "100G",
    "prices": [
      {
        "state": "VIC",
        "price": "385",
        "price_per_unit": "1069",
        "price_unit": "G"
      },
      {
        "state": "QLD",
        "price": "385",
        "price_per_unit": "1069",
        "price_unit": "G"
      },
      {
        "state": "WA",
        "price": "385",
        "price_per_unit": "1069",
        "price_unit": "G"
      },
      {
        "state": "SA",
        "price": "385",
        "price_per_unit": "1069",
        "price_unit": "G"
      },
      {
        "state": "ACT",
        "price": "385",
        "price_per_unit": "1069",
        "price_unit": "G"
      },
      {
        "state": "NT",
        "price": "405",
        "price_per_unit": "1125",
        "price_unit": "G"
      }
    ]
  },
  {
    "source_url": "https://www.woolworths.com.au/shop/productdetails/634312/baby-mum-mum-organiic-rice-rusks-blueberry-carrot",
    "name": "Baby Mum-Mum Organiic Rice Rusks Blueberry & Carrot 18 pack",
    "image_url": "https://cdn1.woolworths.media/content/wowproductimages/large/634312.jpg",
    "source_id": "Woolworths - 634312",
    "barcode": "4710144805435",
    "category_id": "1_717A94B",
    "shop": "Woolworths",
    "weight": "100G",
    "prices": [
      {
        "state": "VIC",
        "price": "385",
        "price_per_unit": "1069",
        "price_unit": "G"
      },
      {
        "state": "QLD",
        "price": "385",
        "price_per_unit": "1069",
        "price_unit": "G"
      },
      {
        "state": "WA",
        "price": "385",
        "price_per_unit": "1069",
        "price_unit": "G"
      },
      {
        "state": "SA",
        "price": "385",
        "price_per_unit": "1069",
        "price_unit": "G"
      },
      {
        "state": "ACT",
        "price": "385",
        "price_per_unit": "1069",
        "price_unit": "G"
      },
      {
        "state": "NT",
        "price": "405",
        "price_per_unit": "1125",
        "price_unit": "G"
      }
    ]
  },
  {
    "source_url": "https://www.woolworths.com.au/shop/productdetails/113624/baby-mum-mum-strawberry-beetroot-rusks",
    "name": "Baby Mum-Mum Strawberry & Beetroot Rusks 18 pack",
    "image_url": "https://cdn1.woolworths.media/content/wowproductimages/large/113624.jpg",
    "source_id": "Woolworths - 113624",
    "barcode": "686352602750",
    "category_id": "1_717A94B",
    "shop": "Woolworths",
    "weight": "100G",
    "prices": [
      {
        "state": "VIC",
        "price": "385",
        "price_per_unit": "1069",
        "price_unit": "G"
      },
      {
        "state": "QLD",
        "price": "385",
        "price_per_unit": "1069",
        "price_unit": "G"
      },
      {
        "state": "WA",
        "price": "385",
        "price_per_unit": "1069",
        "price_unit": "G"
      },
      {
        "state": "SA",
        "price": "385",
        "price_per_unit": "1069",
        "price_unit": "G"
      },
      {
        "state": "TAS",
        "price": "385",
        "price_per_unit": "1069",
        "price_unit": "G"
      },
      {
        "state": "ACT",
        "price": "385",
        "price_per_unit": "1069",
        "price_unit": "G"
      },
      {
        "state": "NT",
        "price": "405",
        "price_per_unit": "1125",
        "price_unit": "G"
      }
    ]
  },
  {
    "source_url": "https://www.woolworths.com.au/shop/productdetails/407228/heinz-little-kids-chocolate-custard-toddler-food-pouch-1-3-years",
    "name": "Heinz Little Kids Chocolate Custard Toddler Food Pouch 1-3 Years 120g",
    "image_url": "https://cdn1.woolworths.media/content/wowproductimages/large/407228.jpg",
    "source_id": "Woolworths - 407228",
    "barcode": "9300657131456",
    "category_id": "1_717A94B",
    "shop": "Woolworths",
    "weight": "100G",
    "prices": [
      {
        "state": "VIC",
        "price": "160",
        "price_per_unit": "133",
        "price_unit": "G"
      },
      {
        "state": "QLD",
        "price": "160",
        "price_per_unit": "133",
        "price_unit": "G"
      },
      {
        "state": "WA",
        "price": "160",
        "price_per_unit": "133",
        "price_unit": "G"
      },
      {
        "state": "SA",
        "price": "160",
        "price_per_unit": "133",
        "price_unit": "G"
      },
      {
        "state": "ACT",
        "price": "160",
        "price_per_unit": "133",
        "price_unit": "G"
      },
      {
        "state": "NT",
        "price": "170",
        "price_per_unit": "142",
        "price_unit": "G"
      }
    ]
  },
  {
    "source_url": "https://www.woolworths.com.au/shop/productdetails/407231/heinz-little-kids-vanilla-custard-toddler-food-pouch-1-3-years",
    "name": "Heinz Little Kids Vanilla Custard Toddler Food Pouch 1-3 Years 120g",
    "image_url": "https://cdn1.woolworths.media/content/wowproductimages/large/407231.jpg",
    "source_id": "Woolworths - 407231",
    "barcode": "9300657131470",
    "category_id": "1_717A94B",
    "shop": "Woolworths",
    "weight": "100G",
    "prices": [
      {
        "state": "VIC",
        "price": "160",
        "price_per_unit": "133",
        "price_unit": "G"
      },
      {
        "state": "QLD",
        "price": "160",
        "price_per_unit": "133",
        "price_unit": "G"
      },
      {
        "state": "WA",
        "price": "160",
        "price_per_unit": "133",
        "price_unit": "G"
      },
      {
        "state": "SA",
        "price": "160",
        "price_per_unit": "133",
        "price_unit": "G"
      },
      {
        "state": "ACT",
        "price": "160",
        "price_per_unit": "133",
        "price_unit": "G"
      },
      {
        "state": "NT",
        "price": "170",
        "price_per_unit": "142",
        "price_unit": "G"
      }
    ]
  },
  {
    "source_url": "https://www.woolworths.com.au/shop/productdetails/56230/kiddylicious-cheesy-straws",
    "name": "Kiddylicious Cheesy Straws 12g",
    "image_url": "https://cdn1.woolworths.media/content/wowproductimages/large/056230.jpg",
    "source_id": "Woolworths - 56230",
    "barcode": "5060040256152",
    "category_id": "1_717A94B",
    "shop": "Woolworths",
    "weight": "100G",
    "prices": [
      {
        "state": "VIC",
        "price": "220",
        "price_per_unit": "1833",
        "price_unit": "G"
      },
      {
        "state": "QLD",
        "price": "220",
        "price_per_unit": "1833",
        "price_unit": "G"
      },
      {
        "state": "WA",
        "price": "220",
        "price_per_unit": "1833",
        "price_unit": "G"
      },
      {
        "state": "SA",
        "price": "220",
        "price_per_unit": "1833",
        "price_unit": "G"
      },
      {
        "state": "TAS",
        "price": "220",
        "price_per_unit": "1833",
        "price_unit": "G"
      },
      {
        "state": "ACT",
        "price": "220",
        "price_per_unit": "1833",
        "price_unit": "G"
      },
      {
        "state": "NT",
        "price": "240",
        "price_per_unit": "2000",
        "price_unit": "G"
      }
    ]
  },
  {
    "source_url": "https://www.woolworths.com.au/shop/productdetails/112952/kiddylicious-strawberry-fruity-puffs",
    "name": "Kiddylicious Strawberry Fruity Puffs 10g",
    "image_url": "https://cdn1.woolworths.media/content/wowproductimages/large/112952.jpg",
    "source_id": "Woolworths - 112952",
    "barcode": "5060040256503",
    "category_id": "1_717A94B",
    "shop": "Woolworths",
    "weight": "100G",
    "prices": [
      {
        "state": "VIC",
        "price": "220",
        "price_per_unit": "2200",
        "price_unit": "G"
      },
      {
        "state": "QLD",
        "price": "220",
        "price_per_unit": "2200",
        "price_unit": "G"
      },
      {
        "state": "WA",
        "price": "220",
        "price_per_unit": "2200",
        "price_unit": "G"
      },
      {
        "state": "SA",
        "price": "220",
        "price_per_unit": "2200",
        "price_unit": "G"
      },
      {
        "state": "TAS",
        "price": "220",
        "price_per_unit": "2200",
        "price_unit": "G"
      },
      {
        "state": "ACT",
        "price": "220",
        "price_per_unit": "2200",
        "price_unit": "G"
      },
      {
        "state": "NT",
        "price": "240",
        "price_per_unit": "2400",
        "price_unit": "G"
      }
    ]
  },
  {
    "source_url": "https://www.woolworths.com.au/shop/productdetails/59519/little-bellies-organic-animal-biscuits",
    "name": "Little Bellies Organic Animal Biscuits 130g",
    "image_url": "https://cdn1.woolworths.media/content/wowproductimages/large/059519.jpg",
    "source_id": "Woolworths - 59519",
    "barcode": "9337824002745",
    "category_id": "1_717A94B",
    "shop": "Woolworths",
    "weight": "100G",
    "prices": [
      {
        "state": "VIC",
        "price": "550",
        "price_per_unit": "423",
        "price_unit": "G"
      },
      {
        "state": "QLD",
        "price": "550",
        "price_per_unit": "423",
        "price_unit": "G"
      },
      {
        "state": "WA",
        "price": "550",
        "price_per_unit": "423",
        "price_unit": "G"
      },
      {
        "state": "SA",
        "price": "550",
        "price_per_unit": "423",
        "price_unit": "G"
      },
      {
        "state": "ACT",
        "price": "550",
        "price_per_unit": "423",
        "price_unit": "G"
      },
      {
        "state": "NT",
        "price": "580",
        "price_per_unit": "446",
        "price_unit": "G"
      }
    ]
  },
  {
    "source_url": "https://www.woolworths.com.au/shop/productdetails/221215/little-bellies-organic-apple-cinnamon-puffs",
    "name": "Little Bellies Organic Apple & Cinnamon Puffs 35g",
    "image_url": "https://cdn1.woolworths.media/content/wowproductimages/large/221215.jpg",
    "source_id": "Woolworths - 221215",
    "barcode": "9337824003353",
    "category_id": "1_717A94B",
    "shop": "Woolworths",
    "weight": "100G",
    "prices": [
      {
        "state": "VIC",
        "price": "475",
        "price_per_unit": "1357",
        "price_unit": "G"
      },
      {
        "state": "QLD",
        "price": "475",
        "price_per_unit": "1357",
        "price_unit": "G"
      },
      {
        "state": "WA",
        "price": "475",
        "price_per_unit": "1357",
        "price_unit": "G"
      },
      {
        "state": "SA",
        "price": "475",
        "price_per_unit": "1357",
        "price_unit": "G"
      },
      {
        "state": "ACT",
        "price": "475",
        "price_per_unit": "1357",
        "price_unit": "G"
      },
      {
        "state": "NT",
        "price": "500",
        "price_per_unit": "1429",
        "price_unit": "G"
      }
    ]
  },
  {
    "source_url": "https://www.woolworths.com.au/shop/productdetails/174919/little-bellies-organic-banana-softcorn",
    "name": "Little Bellies Organic Banana Softcorn 30g",
    "image_url": "https://cdn1.woolworths.media/content/wowproductimages/large/174919.jpg",
    "source_id": "Woolworths - 174919",
    "barcode": "9337824002981",
    "category_id": "1_717A94B",
    "shop": "Woolworths",
    "weight": "100G",
    "prices": [
      {
        "state": "VIC",
        "price": "475",
        "price_per_unit": "1583",
        "price_unit": "G"
      },
      {
        "state": "QLD",
        "price": "475",
        "price_per_unit": "1583",
        "price_unit": "G"
      },
      {
        "state": "WA",
        "price": "475",
        "price_per_unit": "1583",
        "price_unit": "G"
      },
      {
        "state": "SA",
        "price": "475",
        "price_per_unit": "1583",
        "price_unit": "G"
      },
      {
        "state": "ACT",
        "price": "475",
        "price_per_unit": "1583",
        "price_unit": "G"
      },
      {
        "state": "NT",
        "price": "500",
        "price_per_unit": "1667",
        "price_unit": "G"
      }
    ]
  },
  {
    "source_url": "https://www.woolworths.com.au/shop/productdetails/175720/little-bellies-organic-berry-apple-softcorn",
    "name": "Little Bellies Organic Berry & Apple Softcorn 30g",
    "image_url": "https://cdn1.woolworths.media/content/wowproductimages/large/175720.jpg",
    "source_id": "Woolworths - 175720",
    "barcode": "9337824003360",
    "category_id": "1_717A94B",
    "shop": "Woolworths",
    "weight": "100G",
    "prices": [
      {
        "state": "VIC",
        "price": "475",
        "price_per_unit": "1583",
        "price_unit": "G"
      },
      {
        "state": "QLD",
        "price": "475",
        "price_per_unit": "1583",
        "price_unit": "G"
      },
      {
        "state": "WA",
        "price": "475",
        "price_per_unit": "1583",
        "price_unit": "G"
      },
      {
        "state": "SA",
        "price": "475",
        "price_per_unit": "1583",
        "price_unit": "G"
      },
      {
        "state": "ACT",
        "price": "475",
        "price_per_unit": "1583",
        "price_unit": "G"
      },
      {
        "state": "NT",
        "price": "500",
        "price_per_unit": "1667",
        "price_unit": "G"
      }
    ]
  },
  {
    "source_url": "https://www.woolworths.com.au/shop/productdetails/176477/little-bellies-organic-carrot-puffs",
    "name": "Little Bellies Organic Carrot Puffs 35g",
    "image_url": "https://cdn1.woolworths.media/content/wowproductimages/large/176477.jpg",
    "source_id": "Woolworths - 176477",
    "barcode": "9337824002974",
    "category_id": "1_717A94B",
    "shop": "Woolworths",
    "weight": "100G",
    "prices": [
      {
        "state": "VIC",
        "price": "475",
        "price_per_unit": "1357",
        "price_unit": "G"
      },
      {
        "state": "QLD",
        "price": "475",
        "price_per_unit": "1357",
        "price_unit": "G"
      },
      {
        "state": "WA",
        "price": "475",
        "price_per_unit": "1357",
        "price_unit": "G"
      },
      {
        "state": "SA",
        "price": "475",
        "price_per_unit": "1357",
        "price_unit": "G"
      },
      {
        "state": "ACT",
        "price": "475",
        "price_per_unit": "1357",
        "price_unit": "G"
      },
      {
        "state": "NT",
        "price": "500",
        "price_per_unit": "1429",
        "price_unit": "G"
      }
    ]
  },
  {
    "source_url": "https://www.woolworths.com.au/shop/productdetails/174867/little-bellies-organic-cocoa-vanilla-123-s",
    "name": "Little Bellies Organic Cocoa & Vanilla 123's 130g",
    "image_url": "https://cdn1.woolworths.media/content/wowproductimages/large/174867.jpg",
    "source_id": "Woolworths - 174867",
    "barcode": "9337824003391",
    "category_id": "1_717A94B",
    "shop": "Woolworths",
    "weight": "100G",
    "prices": [
      {
        "state": "VIC",
        "price": "550",
        "price_per_unit": "423",
        "price_unit": "G"
      },
      {
        "state": "QLD",
        "price": "550",
        "price_per_unit": "423",
        "price_unit": "G"
      },
      {
        "state": "WA",
        "price": "550",
        "price_per_unit": "423",
        "price_unit": "G"
      },
      {
        "state": "SA",
        "price": "550",
        "price_per_unit": "423",
        "price_unit": "G"
      },
      {
        "state": "TAS",
        "price": "550",
        "price_per_unit": "423",
        "price_unit": "G"
      },
      {
        "state": "ACT",
        "price": "550",
        "price_per_unit": "423",
        "price_unit": "G"
      },
      {
        "state": "NT",
        "price": "580",
        "price_per_unit": "446",
        "price_unit": "G"
      }
    ]
  },
  {
    "source_url": "https://www.woolworths.com.au/shop/productdetails/766376/little-bellies-organic-sultanas",
    "name": "Little Bellies Organic Sultanas 6 Pack",
    "image_url": "https://cdn1.woolworths.media/content/wowproductimages/large/766376.jpg",
    "source_id": "Woolworths - 766376",
    "barcode": "9337824002387",
    "category_id": "1_717A94B",
    "shop": "Woolworths",
    "weight": "100G",
    "prices": [
      {
        "state": "VIC",
        "price": "275",
        "price_per_unit": "327",
        "price_unit": "G"
      },
      {
        "state": "QLD",
        "price": "275",
        "price_per_unit": "327",
        "price_unit": "G"
      },
      {
        "state": "WA",
        "price": "275",
        "price_per_unit": "327",
        "price_unit": "G"
      },
      {
        "state": "SA",
        "price": "275",
        "price_per_unit": "327",
        "price_unit": "G"
      },
      {
        "state": "ACT",
        "price": "275",
        "price_per_unit": "327",
        "price_unit": "G"
      },
      {
        "state": "NT",
        "price": "290",
        "price_per_unit": "345",
        "price_unit": "G"
      }
    ]
  },
  {
    "source_url": "https://www.woolworths.com.au/shop/productdetails/392177/macro-organic-chickpea-stars-carrot-raspberry",
    "name": "Macro Organic Chickpea Stars Carrot & Raspberry 30g",
    "image_url": "https://cdn1.woolworths.media/content/wowproductimages/large/392177.jpg",
    "source_id": "Woolworths - 392177",
    "barcode": "9339687355914",
    "category_id": "1_717A94B",
    "shop": "Woolworths",
    "weight": "100G",
    "prices": [
      {
        "state": "VIC",
        "price": "300",
        "price_per_unit": "1000",
        "price_unit": "G"
      },
      {
        "state": "QLD",
        "price": "300",
        "price_per_unit": "1000",
        "price_unit": "G"
      },
      {
        "state": "WA",
        "price": "300",
        "price_per_unit": "1000",
        "price_unit": "G"
      },
      {
        "state": "SA",
        "price": "300",
        "price_per_unit": "1000",
        "price_unit": "G"
      },
      {
        "state": "NT",
        "price": "300",
        "price_per_unit": "1000",
        "price_unit": "G"
      }
    ]
  },
  {
    "source_url": "https://www.woolworths.com.au/shop/productdetails/392179/macro-organic-lentil-rings-pumpkin-cinnamon",
    "name": "Macro Organic Lentil Rings Pumpkin & Cinnamon 12g",
    "image_url": "https://cdn1.woolworths.media/content/wowproductimages/large/392179.jpg",
    "source_id": "Woolworths - 392179",
    "barcode": "9339687355938",
    "category_id": "1_717A94B",
    "shop": "Woolworths",
    "weight": "100G",
    "prices": [
      {
        "state": "VIC",
        "price": "165",
        "price_per_unit": "1375",
        "price_unit": "G"
      },
      {
        "state": "QLD",
        "price": "165",
        "price_per_unit": "1375",
        "price_unit": "G"
      },
      {
        "state": "WA",
        "price": "165",
        "price_per_unit": "1375",
        "price_unit": "G"
      },
      {
        "state": "SA",
        "price": "165",
        "price_per_unit": "1375",
        "price_unit": "G"
      },
      {
        "state": "ACT",
        "price": "165",
        "price_per_unit": "1375",
        "price_unit": "G"
      },
      {
        "state": "NT",
        "price": "165",
        "price_per_unit": "1375",
        "price_unit": "G"
      }
    ]
  },
  {
    "source_url": "https://www.woolworths.com.au/shop/productdetails/392178/macro-organic-lentil-rings-tomato",
    "name": "Macro Organic Lentil Rings Tomato 12g",
    "image_url": "https://cdn1.woolworths.media/content/wowproductimages/large/392178.jpg",
    "source_id": "Woolworths - 392178",
    "barcode": "9339687355921",
    "category_id": "1_717A94B",
    "shop": "Woolworths",
    "weight": "100G",
    "prices": [
      {
        "state": "VIC",
        "price": "165",
        "price_per_unit": "1375",
        "price_unit": "G"
      },
      {
        "state": "QLD",
        "price": "165",
        "price_per_unit": "1375",
        "price_unit": "G"
      },
      {
        "state": "WA",
        "price": "165",
        "price_per_unit": "1375",
        "price_unit": "G"
      },
      {
        "state": "SA",
        "price": "165",
        "price_per_unit": "1375",
        "price_unit": "G"
      },
      {
        "state": "NT",
        "price": "165",
        "price_per_unit": "1375",
        "price_unit": "G"
      }
    ]
  },
  {
    "source_url": "https://www.woolworths.com.au/shop/productdetails/392174/macro-organic-multigrain-puffs-betroot-blueberry",
    "name": "Macro Organic Multigrain Puffs Betroot & Blueberry 12g",
    "image_url": "https://cdn1.woolworths.media/content/wowproductimages/large/392174.jpg",
    "source_id": "Woolworths - 392174",
    "barcode": "9339687355884",
    "category_id": "1_717A94B",
    "shop": "Woolworths",
    "weight": "100G",
    "prices": [
      {
        "state": "VIC",
        "price": "165",
        "price_per_unit": "1375",
        "price_unit": "G"
      },
      {
        "state": "QLD",
        "price": "165",
        "price_per_unit": "1375",
        "price_unit": "G"
      },
      {
        "state": "WA",
        "price": "165",
        "price_per_unit": "1375",
        "price_unit": "G"
      },
      {
        "state": "SA",
        "price": "165",
        "price_per_unit": "1375",
        "price_unit": "G"
      }
    ]
  },
  {
    "source_url": "https://www.woolworths.com.au/shop/productdetails/660273/only-organic-kumara-crt-coco-rice",
    "name": "Only Organic Kumara Crt & Coco Rice 170g",
    "image_url": "https://cdn1.woolworths.media/content/wowproductimages/large/660273.jpg",
    "source_id": "Woolworths - 660273",
    "barcode": "9403145304568",
    "category_id": "1_717A94B",
    "shop": "Woolworths",
    "weight": "100G",
    "prices": [
      {
        "state": "VIC",
        "price": "250",
        "price_per_unit": "147",
        "price_unit": "G"
      },
      {
        "state": "QLD",
        "price": "250",
        "price_per_unit": "147",
        "price_unit": "G"
      },
      {
        "state": "WA",
        "price": "250",
        "price_per_unit": "147",
        "price_unit": "G"
      },
      {
        "state": "SA",
        "price": "250",
        "price_per_unit": "147",
        "price_unit": "G"
      },
      {
        "state": "ACT",
        "price": "250",
        "price_per_unit": "147",
        "price_unit": "G"
      },
      {
        "state": "NT",
        "price": "270",
        "price_per_unit": "159",
        "price_unit": "G"
      }
    ]
  },
  {
    "source_url": "https://www.woolworths.com.au/shop/productdetails/905815/only-organic-melty-corn-sticks-strawberry-blueberry",
    "name": "Only Organic Melty Corn Sticks Strawberry & Blueberry 15g",
    "image_url": "https://cdn1.woolworths.media/content/wowproductimages/large/905815.jpg",
    "source_id": "Woolworths - 905815",
    "barcode": "9403145305893",
    "category_id": "1_717A94B",
    "shop": "Woolworths",
    "weight": "100G",
    "prices": [
      {
        "state": "VIC",
        "price": "200",
        "price_per_unit": "1333",
        "price_unit": "G"
      },
      {
        "state": "QLD",
        "price": "200",
        "price_per_unit": "1333",
        "price_unit": "G"
      },
      {
        "state": "WA",
        "price": "200",
        "price_per_unit": "1333",
        "price_unit": "G"
      },
      {
        "state": "SA",
        "price": "200",
        "price_per_unit": "1333",
        "price_unit": "G"
      },
      {
        "state": "ACT",
        "price": "200",
        "price_per_unit": "1333",
        "price_unit": "G"
      },
      {
        "state": "NT",
        "price": "200",
        "price_per_unit": "1333",
        "price_unit": "G"
      }
    ]
  },
  {
    "source_url": "https://www.woolworths.com.au/shop/productdetails/226074/only-organic-oat-bars-banana-raisin",
    "name": "Only Organic Oat Bars Banana & Raisin 6 Pack",
    "image_url": "https://cdn1.woolworths.media/content/wowproductimages/large/226074.jpg",
    "source_id": "Woolworths - 226074",
    "barcode": "9403145305565",
    "category_id": "1_717A94B",
    "shop": "Woolworths",
    "weight": "100G",
    "prices": [
      {
        "state": "VIC",
        "price": "550",
        "price_per_unit": "458",
        "price_unit": "G"
      },
      {
        "state": "QLD",
        "price": "500",
        "price_per_unit": "417",
        "price_unit": "G"
      },
      {
        "state": "WA",
        "price": "550",
        "price_per_unit": "458",
        "price_unit": "G"
      },
      {
        "state": "SA",
        "price": "500",
        "price_per_unit": "417",
        "price_unit": "G"
      },
      {
        "state": "ACT",
        "price": "550",
        "price_per_unit": "458",
        "price_unit": "G"
      },
      {
        "state": "NT",
        "price": "580",
        "price_per_unit": "483",
        "price_unit": "G"
      }
    ]
  },
  {
    "source_url": "https://www.woolworths.com.au/shop/productdetails/485307/only-organic-raspberry-date-oat-milk-goji",
    "name": "Only Organic Raspberry Date Oat Milk & Goji 100g",
    "image_url": "https://cdn1.woolworths.media/content/wowproductimages/large/485307.jpg",
    "source_id": "Woolworths - 485307",
    "barcode": "9403145305848",
    "category_id": "1_717A94B",
    "shop": "Woolworths",
    "weight": "100G",
    "prices": [
      {
        "state": "VIC",
        "price": "250",
        "price_per_unit": "250",
        "price_unit": "G"
      },
      {
        "state": "QLD",
        "price": "250",
        "price_per_unit": "250",
        "price_unit": "G"
      },
      {
        "state": "WA",
        "price": "250",
        "price_per_unit": "250",
        "price_unit": "G"
      },
      {
        "state": "SA",
        "price": "250",
        "price_per_unit": "250",
        "price_unit": "G"
      },
      {
        "state": "TAS",
        "price": "250",
        "price_per_unit": "250",
        "price_unit": "G"
      },
      {
        "state": "ACT",
        "price": "250",
        "price_per_unit": "250",
        "price_unit": "G"
      },
      {
        "state": "NT",
        "price": "250",
        "price_per_unit": "250",
        "price_unit": "G"
      }
    ]
  },
  {
    "source_url": "https://www.woolworths.com.au/shop/productdetails/905271/only-organic-rice-cakes-carrot-apple",
    "name": "Only Organic Rice Cakes Carrot & Apple 35g",
    "image_url": "https://cdn1.woolworths.media/content/wowproductimages/large/905271.jpg",
    "source_id": "Woolworths - 905271",
    "barcode": "9403145305961",
    "category_id": "1_717A94B",
    "shop": "Woolworths",
    "weight": "100G",
    "prices": [
      {
        "state": "VIC",
        "price": "300",
        "price_per_unit": "857",
        "price_unit": "G"
      },
      {
        "state": "QLD",
        "price": "300",
        "price_per_unit": "857",
        "price_unit": "G"
      },
      {
        "state": "WA",
        "price": "300",
        "price_per_unit": "857",
        "price_unit": "G"
      },
      {
        "state": "SA",
        "price": "300",
        "price_per_unit": "857",
        "price_unit": "G"
      },
      {
        "state": "ACT",
        "price": "300",
        "price_per_unit": "857",
        "price_unit": "G"
      },
      {
        "state": "NT",
        "price": "300",
        "price_per_unit": "857",
        "price_unit": "G"
      }
    ]
  },
  {
    "source_url": "https://www.woolworths.com.au/shop/productdetails/226828/only-organic-strawberry-apple-oat-bars-with-wholegrains",
    "name": "Only Organic Strawberry & Apple Oat Bars With Wholegrains 6 Pack",
    "image_url": "https://cdn1.woolworths.media/content/wowproductimages/large/226828.jpg",
    "source_id": "Woolworths - 226828",
    "barcode": "9403145305572",
    "category_id": "1_717A94B",
    "shop": "Woolworths",
    "weight": "100G",
    "prices": [
      {
        "state": "VIC",
        "price": "550",
        "price_per_unit": "458",
        "price_unit": "G"
      },
      {
        "state": "QLD",
        "price": "500",
        "price_per_unit": "417",
        "price_unit": "G"
      },
      {
        "state": "WA",
        "price": "550",
        "price_per_unit": "458",
        "price_unit": "G"
      },
      {
        "state": "SA",
        "price": "500",
        "price_per_unit": "417",
        "price_unit": "G"
      },
      {
        "state": "ACT",
        "price": "550",
        "price_per_unit": "458",
        "price_unit": "G"
      },
      {
        "state": "NT",
        "price": "580",
        "price_per_unit": "483",
        "price_unit": "G"
      }
    ]
  },
  {
    "source_url": "https://www.woolworths.com.au/shop/productdetails/933169/only-organic-vegetable-chicken-risotto-1-5-years",
    "name": "Only Organic Vegetable Chicken Risotto 1-5 Years 220g",
    "image_url": "https://cdn1.woolworths.media/content/wowproductimages/large/933169.jpg",
    "source_id": "Woolworths - 933169",
    "barcode": "9403145304230",
    "category_id": "1_717A94B",
    "shop": "Woolworths",
    "weight": "100G",
    "prices": [
      {
        "state": "VIC",
        "price": "350",
        "price_per_unit": "159",
        "price_unit": "G"
      },
      {
        "state": "QLD",
        "price": "350",
        "price_per_unit": "159",
        "price_unit": "G"
      },
      {
        "state": "WA",
        "price": "350",
        "price_per_unit": "159",
        "price_unit": "G"
      },
      {
        "state": "SA",
        "price": "350",
        "price_per_unit": "159",
        "price_unit": "G"
      },
      {
        "state": "ACT",
        "price": "350",
        "price_per_unit": "159",
        "price_unit": "G"
      },
      {
        "state": "NT",
        "price": "360",
        "price_per_unit": "164",
        "price_unit": "G"
      }
    ]
  },
  {
    "source_url": "https://www.woolworths.com.au/shop/productdetails/905775/only-organic-yoghurt-rice-cakes-passionfruit-yoghurt",
    "name": "Only Organic Yoghurt Rice Cakes Passionfruit Yoghurt 60g",
    "image_url": "https://cdn1.woolworths.media/content/wowproductimages/large/905775.jpg",
    "source_id": "Woolworths - 905775",
    "barcode": "9403145305947",
    "category_id": "1_717A94B",
    "shop": "Woolworths",
    "weight": "100G",
    "prices": [
      {
        "state": "VIC",
        "price": "450",
        "price_per_unit": "750",
        "price_unit": "G"
      },
      {
        "state": "QLD",
        "price": "450",
        "price_per_unit": "750",
        "price_unit": "G"
      },
      {
        "state": "WA",
        "price": "450",
        "price_per_unit": "750",
        "price_unit": "G"
      },
      {
        "state": "SA",
        "price": "450",
        "price_per_unit": "750",
        "price_unit": "G"
      },
      {
        "state": "ACT",
        "price": "450",
        "price_per_unit": "750",
        "price_unit": "G"
      },
      {
        "state": "NT",
        "price": "450",
        "price_per_unit": "750",
        "price_unit": "G"
      }
    ]
  },
  {
    "source_url": "https://www.woolworths.com.au/shop/productdetails/333233/only-organic-yohurt-rice-cakes-with-wholegrains",
    "name": "Only Organic Yohurt Rice Cakes With Wholegrains 60g",
    "image_url": "https://cdn1.woolworths.media/content/wowproductimages/large/333233.jpg",
    "source_id": "Woolworths - 333233",
    "barcode": "9403145302724",
    "category_id": "1_717A94B",
    "shop": "Woolworths",
    "weight": "100G",
    "prices": [
      {
        "state": "VIC",
        "price": "450",
        "price_per_unit": "750",
        "price_unit": "G"
      },
      {
        "state": "QLD",
        "price": "450",
        "price_per_unit": "750",
        "price_unit": "G"
      },
      {
        "state": "WA",
        "price": "450",
        "price_per_unit": "750",
        "price_unit": "G"
      },
      {
        "state": "SA",
        "price": "450",
        "price_per_unit": "750",
        "price_unit": "G"
      },
      {
        "state": "ACT",
        "price": "450",
        "price_per_unit": "750",
        "price_unit": "G"
      },
      {
        "state": "NT",
        "price": "450",
        "price_per_unit": "750",
        "price_unit": "G"
      }
    ]
  },
  {
    "source_url": "https://www.woolworths.com.au/shop/productdetails/909307/rafferty-s-garden-apple-cinnamon-pressed-bars-1-3-years",
    "name": "Rafferty's Garden Apple & Cinnamon Pressed Bars 1-3 Years 6 pack",
    "image_url": "https://cdn1.woolworths.media/content/wowproductimages/large/909307.jpg",
    "source_id": "Woolworths - 909307",
    "barcode": "9340156028895",
    "category_id": "1_717A94B",
    "shop": "Woolworths",
    "weight": "100G",
    "prices": [
      {
        "state": "VIC",
        "price": "550",
        "price_per_unit": "611",
        "price_unit": "G"
      },
      {
        "state": "QLD",
        "price": "550",
        "price_per_unit": "611",
        "price_unit": "G"
      },
      {
        "state": "WA",
        "price": "550",
        "price_per_unit": "611",
        "price_unit": "G"
      },
      {
        "state": "SA",
        "price": "550",
        "price_per_unit": "611",
        "price_unit": "G"
      },
      {
        "state": "NT",
        "price": "550",
        "price_per_unit": "611",
        "price_unit": "G"
      }
    ]
  },
  {
    "source_url": "https://www.woolworths.com.au/shop/productdetails/906379/rafferty-s-garden-banana-pumpkin-teething-wafers",
    "name": "Rafferty's Garden Banana & Pumpkin Teething Wafers 60g",
    "image_url": "https://cdn1.woolworths.media/content/wowproductimages/large/906379.jpg",
    "source_id": "Woolworths - 906379",
    "barcode": "9340156028796",
    "category_id": "1_717A94B",
    "shop": "Woolworths",
    "weight": "100G",
    "prices": [
      {
        "state": "VIC",
        "price": "450",
        "price_per_unit": "750",
        "price_unit": "G"
      },
      {
        "state": "QLD",
        "price": "450",
        "price_per_unit": "750",
        "price_unit": "G"
      },
      {
        "state": "WA",
        "price": "450",
        "price_per_unit": "750",
        "price_unit": "G"
      },
      {
        "state": "SA",
        "price": "450",
        "price_per_unit": "750",
        "price_unit": "G"
      },
      {
        "state": "ACT",
        "price": "450",
        "price_per_unit": "750",
        "price_unit": "G"
      },
      {
        "state": "NT",
        "price": "450",
        "price_per_unit": "750",
        "price_unit": "G"
      }
    ]
  },
  {
    "source_url": "https://www.woolworths.com.au/shop/productdetails/909516/rafferty-s-garden-broccoli-sweet-potato-carrot",
    "name": "Rafferty's Garden Broccoli Sweet Potato & Carrot 120g",
    "image_url": "https://cdn1.woolworths.media/content/wowproductimages/large/909516.jpg",
    "source_id": "Woolworths - 909516",
    "barcode": "9340156029465",
    "category_id": "1_717A94B",
    "shop": "Woolworths",
    "weight": "100G",
    "prices": [
      {
        "state": "VIC",
        "price": "250",
        "price_per_unit": "208",
        "price_unit": "G"
      },
      {
        "state": "QLD",
        "price": "250",
        "price_per_unit": "208",
        "price_unit": "G"
      },
      {
        "state": "WA",
        "price": "250",
        "price_per_unit": "208",
        "price_unit": "G"
      },
      {
        "state": "SA",
        "price": "250",
        "price_per_unit": "208",
        "price_unit": "G"
      },
      {
        "state": "ACT",
        "price": "250",
        "price_per_unit": "208",
        "price_unit": "G"
      },
      {
        "state": "NT",
        "price": "250",
        "price_per_unit": "208",
        "price_unit": "G"
      }
    ]
  },
  {
    "source_url": "https://www.woolworths.com.au/shop/productdetails/909364/rafferty-s-garden-chicken-sweetcorn-risotto",
    "name": "Rafferty's Garden Chicken & Sweetcorn Risotto 170g",
    "image_url": "https://cdn1.woolworths.media/content/wowproductimages/large/909364.jpg",
    "source_id": "Woolworths - 909364",
    "barcode": "9340156029403",
    "category_id": "1_717A94B",
    "shop": "Woolworths",
    "weight": "100G",
    "prices": [
      {
        "state": "VIC",
        "price": "280",
        "price_per_unit": "165",
        "price_unit": "G"
      },
      {
        "state": "QLD",
        "price": "280",
        "price_per_unit": "165",
        "price_unit": "G"
      },
      {
        "state": "WA",
        "price": "280",
        "price_per_unit": "165",
        "price_unit": "G"
      },
      {
        "state": "SA",
        "price": "280",
        "price_per_unit": "165",
        "price_unit": "G"
      },
      {
        "state": "TAS",
        "price": "280",
        "price_per_unit": "165",
        "price_unit": "G"
      },
      {
        "state": "ACT",
        "price": "280",
        "price_per_unit": "165",
        "price_unit": "G"
      },
      {
        "state": "NT",
        "price": "280",
        "price_per_unit": "165",
        "price_unit": "G"
      }
    ]
  },
  {
    "source_url": "https://www.woolworths.com.au/shop/productdetails/909265/rafferty-s-garden-lamb-vegetables-couscous",
    "name": "Rafferty's Garden Lamb Vegetables & Couscous 200g",
    "image_url": "https://cdn1.woolworths.media/content/wowproductimages/large/909265.jpg",
    "source_id": "Woolworths - 909265",
    "barcode": "9340156003458",
    "category_id": "1_717A94B",
    "shop": "Woolworths",
    "weight": "100G",
    "prices": [
      {
        "state": "VIC",
        "price": "300",
        "price_per_unit": "150",
        "price_unit": "G"
      },
      {
        "state": "QLD",
        "price": "300",
        "price_per_unit": "150",
        "price_unit": "G"
      },
      {
        "state": "WA",
        "price": "300",
        "price_per_unit": "150",
        "price_unit": "G"
      },
      {
        "state": "SA",
        "price": "300",
        "price_per_unit": "150",
        "price_unit": "G"
      },
      {
        "state": "ACT",
        "price": "300",
        "price_per_unit": "150",
        "price_unit": "G"
      },
      {
        "state": "NT",
        "price": "300",
        "price_per_unit": "150",
        "price_unit": "G"
      }
    ]
  },
  {
    "source_url": "https://www.woolworths.com.au/shop/productdetails/642959/rafferty-s-garden-little-smoothies-coconut-cacao",
    "name": "Rafferty's Garden Little Smoothies Coconut Cacao 120g",
    "image_url": "https://cdn1.woolworths.media/content/wowproductimages/large/642959.jpg",
    "source_id": "Woolworths - 642959",
    "barcode": "9340156016908",
    "category_id": "1_717A94B",
    "shop": "Woolworths",
    "weight": "100G",
    "prices": [
      {
        "state": "VIC",
        "price": "285",
        "price_per_unit": "238",
        "price_unit": "G"
      },
      {
        "state": "QLD",
        "price": "285",
        "price_per_unit": "238",
        "price_unit": "G"
      },
      {
        "state": "WA",
        "price": "285",
        "price_per_unit": "238",
        "price_unit": "G"
      },
      {
        "state": "SA",
        "price": "285",
        "price_per_unit": "238",
        "price_unit": "G"
      },
      {
        "state": "ACT",
        "price": "285",
        "price_per_unit": "238",
        "price_unit": "G"
      },
      {
        "state": "NT",
        "price": "285",
        "price_per_unit": "238",
        "price_unit": "G"
      }
    ]
  },
  {
    "source_url": "https://www.woolworths.com.au/shop/productdetails/907522/rafferty-s-garden-little-smoothies-coconut-green",
    "name": "Rafferty's Garden Little Smoothies Coconut Green 120g",
    "image_url": "https://cdn1.woolworths.media/content/wowproductimages/large/907522.jpg",
    "source_id": "Woolworths - 907522",
    "barcode": "9340156016915",
    "category_id": "1_717A94B",
    "shop": "Woolworths",
    "weight": "100G",
    "prices": [
      {
        "state": "VIC",
        "price": "285",
        "price_per_unit": "238",
        "price_unit": "G"
      },
      {
        "state": "QLD",
        "price": "285",
        "price_per_unit": "238",
        "price_unit": "G"
      },
      {
        "state": "WA",
        "price": "285",
        "price_per_unit": "238",
        "price_unit": "G"
      },
      {
        "state": "SA",
        "price": "285",
        "price_per_unit": "238",
        "price_unit": "G"
      },
      {
        "state": "ACT",
        "price": "285",
        "price_per_unit": "238",
        "price_unit": "G"
      },
      {
        "state": "NT",
        "price": "285",
        "price_per_unit": "238",
        "price_unit": "G"
      }
    ]
  },
  {
    "source_url": "https://www.woolworths.com.au/shop/productdetails/908229/rafferty-s-garden-mango-vanilla-yoghurt-brekkie-pouch",
    "name": "Rafferty's Garden Mango & Vanilla Yoghurt Brekkie Pouch 120g",
    "image_url": "https://cdn1.woolworths.media/content/wowproductimages/large/908229.jpg",
    "source_id": "Woolworths - 908229",
    "barcode": "9340156029489",
    "category_id": "1_717A94B",
    "shop": "Woolworths",
    "weight": "100G",
    "prices": [
      {
        "state": "VIC",
        "price": "215",
        "price_per_unit": "179",
        "price_unit": "G"
      },
      {
        "state": "QLD",
        "price": "215",
        "price_per_unit": "179",
        "price_unit": "G"
      },
      {
        "state": "WA",
        "price": "215",
        "price_per_unit": "179",
        "price_unit": "G"
      },
      {
        "state": "SA",
        "price": "215",
        "price_per_unit": "179",
        "price_unit": "G"
      },
      {
        "state": "ACT",
        "price": "215",
        "price_per_unit": "179",
        "price_unit": "G"
      },
      {
        "state": "NT",
        "price": "230",
        "price_per_unit": "192",
        "price_unit": "G"
      }
    ]
  },
  {
    "source_url": "https://www.woolworths.com.au/shop/productdetails/363525/rafferty-s-garden-mixed-berry-yoghurt-buttons-baby-food-snack-12-months",
    "name": "Rafferty's Garden Mixed Berry Yoghurt Buttons Baby Food Snack 12+ Months 28g",
    "image_url": "https://cdn1.woolworths.media/content/wowproductimages/large/363525.jpg",
    "source_id": "Woolworths - 363525",
    "barcode": "9421901088484",
    "category_id": "1_717A94B",
    "shop": "Woolworths",
    "weight": "100G",
    "prices": [
      {
        "state": "VIC",
        "price": "600",
        "price_per_unit": "2143",
        "price_unit": "G"
      },
      {
        "state": "QLD",
        "price": "600",
        "price_per_unit": "2143",
        "price_unit": "G"
      },
      {
        "state": "WA",
        "price": "600",
        "price_per_unit": "2143",
        "price_unit": "G"
      },
      {
        "state": "SA",
        "price": "600",
        "price_per_unit": "2143",
        "price_unit": "G"
      },
      {
        "state": "ACT",
        "price": "600",
        "price_per_unit": "2143",
        "price_unit": "G"
      },
      {
        "state": "NT",
        "price": "630",
        "price_per_unit": "2250",
        "price_unit": "G"
      }
    ]
  },
  {
    "source_url": "https://www.woolworths.com.au/shop/productdetails/907504/rafferty-s-garden-pea-pods",
    "name": "Rafferty's Garden Pea Pods 40g",
    "image_url": "https://cdn1.woolworths.media/content/wowproductimages/large/907504.jpg",
    "source_id": "Woolworths - 907504",
    "barcode": "9340156028819",
    "category_id": "1_717A94B",
    "shop": "Woolworths",
    "weight": "100G",
    "prices": [
      {
        "state": "VIC",
        "price": "240",
        "price_per_unit": "600",
        "price_unit": "G"
      },
      {
        "state": "QLD",
        "price": "240",
        "price_per_unit": "600",
        "price_unit": "G"
      },
      {
        "state": "WA",
        "price": "240",
        "price_per_unit": "600",
        "price_unit": "G"
      },
      {
        "state": "SA",
        "price": "240",
        "price_per_unit": "600",
        "price_unit": "G"
      },
      {
        "state": "ACT",
        "price": "240",
        "price_per_unit": "600",
        "price_unit": "G"
      },
      {
        "state": "NT",
        "price": "240",
        "price_per_unit": "600",
        "price_unit": "G"
      }
    ]
  },
  {
    "source_url": "https://www.woolworths.com.au/shop/productdetails/345604/rafferty-s-garden-rice-cereal-pear-banana-milk",
    "name": "Rafferty's Garden Rice Cereal, Pear Banana & Milk 120g",
    "image_url": "https://cdn1.woolworths.media/content/wowproductimages/large/345604.jpg",
    "source_id": "Woolworths - 345604",
    "barcode": "9421901088705",
    "category_id": "1_717A94B",
    "shop": "Woolworths",
    "weight": "100G",
    "prices": [
      {
        "state": "VIC",
        "price": "215",
        "price_per_unit": "179",
        "price_unit": "G"
      },
      {
        "state": "QLD",
        "price": "215",
        "price_per_unit": "179",
        "price_unit": "G"
      },
      {
        "state": "WA",
        "price": "215",
        "price_per_unit": "179",
        "price_unit": "G"
      },
      {
        "state": "SA",
        "price": "215",
        "price_per_unit": "179",
        "price_unit": "G"
      },
      {
        "state": "NT",
        "price": "230",
        "price_per_unit": "192",
        "price_unit": "G"
      }
    ]
  },
  {
    "source_url": "https://www.woolworths.com.au/shop/productdetails/909087/rafferty-s-garden-vegetable-bolognese",
    "name": "Rafferty's Garden Vegetable Bolognese 200g",
    "image_url": "https://cdn1.woolworths.media/content/wowproductimages/large/909087.jpg",
    "source_id": "Woolworths - 909087",
    "barcode": "9340156029434",
    "category_id": "1_717A94B",
    "shop": "Woolworths",
    "weight": "100G",
    "prices": [
      {
        "state": "VIC",
        "price": "300",
        "price_per_unit": "150",
        "price_unit": "G"
      },
      {
        "state": "QLD",
        "price": "300",
        "price_per_unit": "150",
        "price_unit": "G"
      },
      {
        "state": "WA",
        "price": "300",
        "price_per_unit": "150",
        "price_unit": "G"
      },
      {
        "state": "SA",
        "price": "300",
        "price_per_unit": "150",
        "price_unit": "G"
      },
      {
        "state": "ACT",
        "price": "300",
        "price_per_unit": "150",
        "price_unit": "G"
      },
      {
        "state": "NT",
        "price": "300",
        "price_per_unit": "150",
        "price_unit": "G"
      }
    ]
  },
  {
    "source_url": "https://www.woolworths.com.au/shop/productdetails/909362/rafferty-s-garden-veggie-patch-spinach-sweet-potato-carrot-corn",
    "name": "Rafferty's Garden Veggie Patch Spinach Sweet Potato Carrot & Corn 120g",
    "image_url": "https://cdn1.woolworths.media/content/wowproductimages/large/909362.jpg",
    "source_id": "Woolworths - 909362",
    "barcode": "9340156029458",
    "category_id": "1_717A94B",
    "shop": "Woolworths",
    "weight": "100G",
    "prices": [
      {
        "state": "VIC",
        "price": "250",
        "price_per_unit": "208",
        "price_unit": "G"
      },
      {
        "state": "QLD",
        "price": "250",
        "price_per_unit": "208",
        "price_unit": "G"
      },
      {
        "state": "WA",
        "price": "250",
        "price_per_unit": "208",
        "price_unit": "G"
      },
      {
        "state": "SA",
        "price": "250",
        "price_per_unit": "208",
        "price_unit": "G"
      },
      {
        "state": "ACT",
        "price": "250",
        "price_per_unit": "208",
        "price_unit": "G"
      },
      {
        "state": "NT",
        "price": "250",
        "price_per_unit": "208",
        "price_unit": "G"
      }
    ]
  },
  {
    "source_url": "https://www.woolworths.com.au/shop/productdetails/909245/rafferty-s-garden-zucchini-pumpkin-potatoes",
    "name": "Rafferty's Garden Zucchini Pumpkin & Potatoes 120g",
    "image_url": "https://cdn1.woolworths.media/content/wowproductimages/large/909245.jpg",
    "source_id": "Woolworths - 909245",
    "barcode": "9340156029472",
    "category_id": "1_717A94B",
    "shop": "Woolworths",
    "weight": "100G",
    "prices": [
      {
        "state": "VIC",
        "price": "250",
        "price_per_unit": "208",
        "price_unit": "G"
      },
      {
        "state": "QLD",
        "price": "250",
        "price_per_unit": "208",
        "price_unit": "G"
      },
      {
        "state": "WA",
        "price": "250",
        "price_per_unit": "208",
        "price_unit": "G"
      },
      {
        "state": "SA",
        "price": "250",
        "price_per_unit": "208",
        "price_unit": "G"
      },
      {
        "state": "ACT",
        "price": "250",
        "price_per_unit": "208",
        "price_unit": "G"
      },
      {
        "state": "NT",
        "price": "250",
        "price_per_unit": "208",
        "price_unit": "G"
      }
    ]
  },
  {
    "source_url": "https://www.woolworths.com.au/shop/productdetails/222602/snacktacular-bits-bobs-fruit-snack-apple-mixed-berry-12-months",
    "name": "Snacktacular Bits & Bobs Fruit Snack Apple & Mixed Berry 12+ Months 12g",
    "image_url": "https://cdn1.woolworths.media/content/wowproductimages/large/222602.jpg",
    "source_id": "Woolworths - 222602",
    "barcode": "9349763000171",
    "category_id": "1_717A94B",
    "shop": "Woolworths",
    "weight": "100G",
    "prices": [
      {
        "state": "VIC",
        "price": "150",
        "price_per_unit": "1250",
        "price_unit": "G"
      },
      {
        "state": "QLD",
        "price": "150",
        "price_per_unit": "1250",
        "price_unit": "G"
      },
      {
        "state": "WA",
        "price": "150",
        "price_per_unit": "1250",
        "price_unit": "G"
      },
      {
        "state": "SA",
        "price": "150",
        "price_per_unit": "1250",
        "price_unit": "G"
      },
      {
        "state": "ACT",
        "price": "150",
        "price_per_unit": "1250",
        "price_unit": "G"
      },
      {
        "state": "NT",
        "price": "165",
        "price_per_unit": "1375",
        "price_unit": "G"
      }
    ]
  },
  {
    "source_url": "https://www.woolworths.com.au/shop/productdetails/222534/snacktacular-chewy-crispy-fruit-pieces-apple-strawberry-12-months",
    "name": "Snacktacular Chewy Crispy Fruit Pieces Apple & Strawberry 12+ Months 12g",
    "image_url": "https://cdn1.woolworths.media/content/wowproductimages/large/222534.jpg",
    "source_id": "Woolworths - 222534",
    "barcode": "9349763000201",
    "category_id": "1_717A94B",
    "shop": "Woolworths",
    "weight": "100G",
    "prices": [
      {
        "state": "VIC",
        "price": "150",
        "price_per_unit": "1250",
        "price_unit": "G"
      },
      {
        "state": "QLD",
        "price": "150",
        "price_per_unit": "1250",
        "price_unit": "G"
      },
      {
        "state": "WA",
        "price": "150",
        "price_per_unit": "1250",
        "price_unit": "G"
      },
      {
        "state": "SA",
        "price": "150",
        "price_per_unit": "1250",
        "price_unit": "G"
      },
      {
        "state": "ACT",
        "price": "150",
        "price_per_unit": "1250",
        "price_unit": "G"
      },
      {
        "state": "NT",
        "price": "165",
        "price_per_unit": "1375",
        "price_unit": "G"
      }
    ]
  },
  {
    "source_url": "https://www.woolworths.com.au/shop/productdetails/112947/snacktacular-melty-sticks-puffed-corn-banana",
    "name": "Snacktacular Melty Sticks Puffed Corn Banana 16g",
    "image_url": "https://cdn1.woolworths.media/content/wowproductimages/large/112947.jpg",
    "source_id": "Woolworths - 112947",
    "barcode": "9349763001420",
    "category_id": "1_717A94B",
    "shop": "Woolworths",
    "weight": "100G",
    "prices": [
      {
        "state": "VIC",
        "price": "275",
        "price_per_unit": "1719",
        "price_unit": "G"
      },
      {
        "state": "QLD",
        "price": "275",
        "price_per_unit": "1719",
        "price_unit": "G"
      },
      {
        "state": "WA",
        "price": "275",
        "price_per_unit": "1719",
        "price_unit": "G"
      },
      {
        "state": "SA",
        "price": "275",
        "price_per_unit": "1719",
        "price_unit": "G"
      },
      {
        "state": "ACT",
        "price": "275",
        "price_per_unit": "1719",
        "price_unit": "G"
      },
      {
        "state": "NT",
        "price": "275",
        "price_per_unit": "1719",
        "price_unit": "G"
      }
    ]
  },
  {
    "source_url": "https://www.woolworths.com.au/shop/productdetails/105611/snacktacular-melty-sticks-puffed-corn-strawberry",
    "name": "Snacktacular Melty Sticks Puffed Corn Strawberry 16g",
    "image_url": "https://cdn1.woolworths.media/content/wowproductimages/large/105611.jpg",
    "source_id": "Woolworths - 105611",
    "barcode": "9349763001413",
    "category_id": "1_717A94B",
    "shop": "Woolworths",
    "weight": "100G",
    "prices": [
      {
        "state": "VIC",
        "price": "275",
        "price_per_unit": "1719",
        "price_unit": "G"
      },
      {
        "state": "QLD",
        "price": "275",
        "price_per_unit": "1719",
        "price_unit": "G"
      },
      {
        "state": "WA",
        "price": "275",
        "price_per_unit": "1719",
        "price_unit": "G"
      },
      {
        "state": "SA",
        "price": "275",
        "price_per_unit": "1719",
        "price_unit": "G"
      },
      {
        "state": "ACT",
        "price": "275",
        "price_per_unit": "1719",
        "price_unit": "G"
      },
      {
        "state": "NT",
        "price": "275",
        "price_per_unit": "1719",
        "price_unit": "G"
      }
    ]
  },
  {
    "source_url": "https://www.woolworths.com.au/shop/productdetails/908450/whole-kids-meltaway-drops-banana",
    "name": "Whole Kids Meltaway Drops Banana 15g",
    "image_url": "https://cdn1.woolworths.media/content/wowproductimages/large/908450.jpg",
    "source_id": "Woolworths - 908450",
    "barcode": "9332066068368",
    "category_id": "1_717A94B",
    "shop": "Woolworths",
    "weight": "100G",
    "prices": [
      {
        "state": "VIC",
        "price": "250",
        "price_per_unit": "1667",
        "price_unit": "G"
      },
      {
        "state": "QLD",
        "price": "250",
        "price_per_unit": "1667",
        "price_unit": "G"
      },
      {
        "state": "WA",
        "price": "250",
        "price_per_unit": "1667",
        "price_unit": "G"
      },
      {
        "state": "SA",
        "price": "250",
        "price_per_unit": "1667",
        "price_unit": "G"
      },
      {
        "state": "ACT",
        "price": "250",
        "price_per_unit": "1667",
        "price_unit": "G"
      },
      {
        "state": "NT",
        "price": "250",
        "price_per_unit": "1667",
        "price_unit": "G"
      }
    ]
  },
  {
    "source_url": "https://www.woolworths.com.au/shop/productdetails/908552/whole-kids-meltaway-drops-berry",
    "name": "Whole Kids Meltaway Drops Berry 15g",
    "image_url": "https://cdn1.woolworths.media/content/wowproductimages/large/908552.jpg",
    "source_id": "Woolworths - 908552",
    "barcode": "9332066068375",
    "category_id": "1_717A94B",
    "shop": "Woolworths",
    "weight": "100G",
    "prices": [
      {
        "state": "VIC",
        "price": "250",
        "price_per_unit": "1667",
        "price_unit": "G"
      },
      {
        "state": "QLD",
        "price": "250",
        "price_per_unit": "1667",
        "price_unit": "G"
      },
      {
        "state": "WA",
        "price": "250",
        "price_per_unit": "1667",
        "price_unit": "G"
      },
      {
        "state": "SA",
        "price": "250",
        "price_per_unit": "1667",
        "price_unit": "G"
      },
      {
        "state": "ACT",
        "price": "250",
        "price_per_unit": "1667",
        "price_unit": "G"
      },
      {
        "state": "NT",
        "price": "250",
        "price_per_unit": "1667",
        "price_unit": "G"
      }
    ]
  },
  {
    "source_url": "https://www.woolworths.com.au/shop/productdetails/116470/whole-kids-organic-meltaway-sticks-corn",
    "name": "Whole Kids Organic Meltaway Sticks Corn 10g",
    "image_url": "https://cdn1.woolworths.media/content/wowproductimages/large/116470.jpg",
    "source_id": "Woolworths - 116470",
    "barcode": "9336269002327",
    "category_id": "1_717A94B",
    "shop": "Woolworths",
    "weight": "100G",
    "prices": [
      {
        "state": "VIC",
        "price": "250",
        "price_per_unit": "2500",
        "price_unit": "G"
      },
      {
        "state": "QLD",
        "price": "250",
        "price_per_unit": "2500",
        "price_unit": "G"
      },
      {
        "state": "WA",
        "price": "250",
        "price_per_unit": "2500",
        "price_unit": "G"
      },
      {
        "state": "SA",
        "price": "250",
        "price_per_unit": "2500",
        "price_unit": "G"
      },
      {
        "state": "TAS",
        "price": "250",
        "price_per_unit": "2500",
        "price_unit": "G"
      },
      {
        "state": "ACT",
        "price": "250",
        "price_per_unit": "2500",
        "price_unit": "G"
      },
      {
        "state": "NT",
        "price": "265",
        "price_per_unit": "2650",
        "price_unit": "G"
      }
    ]
  },
  {
    "source_url": "https://www.woolworths.com.au/shop/productdetails/109589/whole-kids-organic-mini-abc-apple-chia-biscuits-multipack",
    "name": "Whole Kids Organic Mini Abc Apple & Chia Biscuits Multipack 30g x4 Pack",
    "image_url": "https://cdn1.woolworths.media/content/wowproductimages/large/109589.jpg",
    "source_id": "Woolworths - 109589",
    "barcode": "9336269001825",
    "category_id": "1_717A94B",
    "shop": "Woolworths",
    "weight": "100G",
    "prices": [
      {
        "state": "VIC",
        "price": "700",
        "price_per_unit": "583",
        "price_unit": "G"
      },
      {
        "state": "QLD",
        "price": "700",
        "price_per_unit": "583",
        "price_unit": "G"
      },
      {
        "state": "WA",
        "price": "700",
        "price_per_unit": "583",
        "price_unit": "G"
      },
      {
        "state": "TAS",
        "price": "700",
        "price_per_unit": "583",
        "price_unit": "G"
      }
    ]
  },
  {
    "source_url": "https://www.woolworths.com.au/shop/productdetails/57509/whole-kids-organic-soft-cereal-biscuits-oatmeal",
    "name": "Whole Kids Organic Soft Cereal Biscuits - Oatmeal 120g",
    "image_url": "https://cdn1.woolworths.media/content/wowproductimages/large/057509.jpg",
    "source_id": "Woolworths - 57509",
    "barcode": "9336269001801",
    "category_id": "1_717A94B",
    "shop": "Woolworths",
    "weight": "100G",
    "prices": [
      {
        "state": "VIC",
        "price": "600",
        "price_per_unit": "500",
        "price_unit": "G"
      },
      {
        "state": "QLD",
        "price": "600",
        "price_per_unit": "500",
        "price_unit": "G"
      },
      {
        "state": "WA",
        "price": "600",
        "price_per_unit": "500",
        "price_unit": "G"
      },
      {
        "state": "SA",
        "price": "600",
        "price_per_unit": "500",
        "price_unit": "G"
      },
      {
        "state": "TAS",
        "price": "600",
        "price_per_unit": "500",
        "price_unit": "G"
      },
      {
        "state": "ACT",
        "price": "600",
        "price_per_unit": "500",
        "price_unit": "G"
      },
      {
        "state": "NT",
        "price": "630",
        "price_per_unit": "525",
        "price_unit": "G"
      }
    ]
  },
  {
    "source_url": "https://www.woolworths.com.au/shop/productdetails/57508/whole-kids-organic-soft-cereal-biscuits-spelt-apple",
    "name": "Whole Kids Organic Soft Cereal Biscuits- Spelt & Apple 120g",
    "image_url": "https://cdn1.woolworths.media/content/wowproductimages/large/057508.jpg",
    "source_id": "Woolworths - 57508",
    "barcode": "9336269001818",
    "category_id": "1_717A94B",
    "shop": "Woolworths",
    "weight": "100G",
    "prices": [
      {
        "state": "VIC",
        "price": "600",
        "price_per_unit": "500",
        "price_unit": "G"
      },
      {
        "state": "QLD",
        "price": "600",
        "price_per_unit": "500",
        "price_unit": "G"
      },
      {
        "state": "WA",
        "price": "600",
        "price_per_unit": "500",
        "price_unit": "G"
      },
      {
        "state": "SA",
        "price": "600",
        "price_per_unit": "500",
        "price_unit": "G"
      },
      {
        "state": "ACT",
        "price": "600",
        "price_per_unit": "500",
        "price_unit": "G"
      },
      {
        "state": "NT",
        "price": "630",
        "price_per_unit": "525",
        "price_unit": "G"
      }
    ]
  },
  {
    "source_url": "https://www.woolworths.com.au/shop/productdetails/206810/whole-kids-organic-stage-2-cereal-little-flowers-berry",
    "name": "Whole Kids Organic Stage 2 Cereal Little Flowers Berry 40g",
    "image_url": "https://cdn1.woolworths.media/content/wowproductimages/large/206810.jpg",
    "source_id": "Woolworths - 206810",
    "barcode": "9336269002617",
    "category_id": "1_717A94B",
    "shop": "Woolworths",
    "weight": "100G",
    "prices": [
      {
        "state": "VIC",
        "price": "600",
        "price_per_unit": "1500",
        "price_unit": "G"
      },
      {
        "state": "SA",
        "price": "600",
        "price_per_unit": "1500",
        "price_unit": "G"
      }
    ]
  },
  {
    "source_url": "https://www.woolworths.com.au/shop/productdetails/207238/whole-kids-smoothie-drops-mango-banana-coconut-milk",
    "name": "Whole Kids Smoothie Drops Mango, Banana & Coconut Milk 20g",
    "image_url": "https://cdn1.woolworths.media/content/wowproductimages/large/207238.jpg",
    "source_id": "Woolworths - 207238",
    "barcode": "9336269002518",
    "category_id": "1_717A94B",
    "shop": "Woolworths",
    "weight": "100G",
    "prices": [
      {
        "state": "VIC",
        "price": "600",
        "price_per_unit": "3000",
        "price_unit": "G"
      },
      {
        "state": "QLD",
        "price": "600",
        "price_per_unit": "3000",
        "price_unit": "G"
      },
      {
        "state": "WA",
        "price": "600",
        "price_per_unit": "3000",
        "price_unit": "G"
      },
      {
        "state": "SA",
        "price": "600",
        "price_per_unit": "3000",
        "price_unit": "G"
      },
      {
        "state": "ACT",
        "price": "600",
        "price_per_unit": "3000",
        "price_unit": "G"
      },
      {
        "state": "NT",
        "price": "630",
        "price_per_unit": "3150",
        "price_unit": "G"
      }
    ]
  },
  {
    "source_url": "https://www.woolworths.com.au/shop/productdetails/222866/whole-kids-teething-wafers-raspberry-beetroot-chia-8-months",
    "name": "Whole Kids Teething Wafers Raspberry, Beetroot & Chia 8+ Months 6 Pack",
    "image_url": "https://cdn1.woolworths.media/content/wowproductimages/large/222866.jpg",
    "source_id": "Woolworths - 222866",
    "barcode": "9336269002662",
    "category_id": "1_717A94B",
    "shop": "Woolworths",
    "weight": "100G",
    "prices": [
      {
        "state": "VIC",
        "price": "620",
        "price_per_unit": "3100",
        "price_unit": "G"
      },
      {
        "state": "QLD",
        "price": "620",
        "price_per_unit": "3100",
        "price_unit": "G"
      },
      {
        "state": "WA",
        "price": "620",
        "price_per_unit": "3100",
        "price_unit": "G"
      },
      {
        "state": "SA",
        "price": "620",
        "price_per_unit": "3100",
        "price_unit": "G"
      },
      {
        "state": "ACT",
        "price": "620",
        "price_per_unit": "3100",
        "price_unit": "G"
      },
      {
        "state": "NT",
        "price": "680",
        "price_per_unit": "3400",
        "price_unit": "G"
      }
    ]
  },
  {
    "source_url": "https://www.woolworths.com.au/shop/productdetails/392175/macro-organic-chickpea-stars-sweetcorn",
    "name": "Macro Organic Chickpea Stars Sweetcorn 12g",
    "image_url": "https://cdn1.woolworths.media/content/wowproductimages/large/392175.jpg",
    "source_id": "Woolworths - 392175",
    "barcode": "9339687355891",
    "category_id": "1_717A94B",
    "shop": "Woolworths",
    "weight": "100G",
    "prices": [
      {
        "state": "QLD",
        "price": "165",
        "price_per_unit": "1375",
        "price_unit": "G"
      },
      {
        "state": "WA",
        "price": "165",
        "price_per_unit": "1375",
        "price_unit": "G"
      },
      {
        "state": "SA",
        "price": "165",
        "price_per_unit": "1375",
        "price_unit": "G"
      },
      {
        "state": "ACT",
        "price": "165",
        "price_per_unit": "1375",
        "price_unit": "G"
      },
      {
        "state": "NT",
        "price": "165",
        "price_per_unit": "1375",
        "price_unit": "G"
      }
    ]
  },
  {
    "source_url": "https://www.woolworths.com.au/shop/productdetails/392181/macro-organic-multigrain-puffs-apple-broccoli",
    "name": "Macro Organic Multigrain Puffs Apple & Broccoli 12g",
    "image_url": "https://cdn1.woolworths.media/content/wowproductimages/large/392181.jpg",
    "source_id": "Woolworths - 392181",
    "barcode": "9339687355952",
    "category_id": "1_717A94B",
    "shop": "Woolworths",
    "weight": "100G",
    "prices": [
      {
        "state": "QLD",
        "price": "165",
        "price_per_unit": "1375",
        "price_unit": "G"
      },
      {
        "state": "WA",
        "price": "165",
        "price_per_unit": "1375",
        "price_unit": "G"
      },
      {
        "state": "SA",
        "price": "165",
        "price_per_unit": "1375",
        "price_unit": "G"
      },
      {
        "state": "ACT",
        "price": "165",
        "price_per_unit": "1375",
        "price_unit": "G"
      },
      {
        "state": "NT",
        "price": "165",
        "price_per_unit": "1375",
        "price_unit": "G"
      }
    ]
  },
  {
    "source_url": "https://www.woolworths.com.au/shop/productdetails/104243/rafferty-s-garden-mini-yoghurt-drops-banana",
    "name": "Rafferty's Garden Mini Yoghurt Drops Banana 8g",
    "image_url": "https://cdn1.woolworths.media/content/wowproductimages/large/104243.jpg",
    "source_id": "Woolworths - 104243",
    "barcode": "9340156034575",
    "category_id": "1_717A94B",
    "shop": "Woolworths",
    "weight": "100G",
    "prices": [
      {
        "state": "QLD",
        "price": "270",
        "price_per_unit": "3375",
        "price_unit": "G"
      },
      {
        "state": "WA",
        "price": "270",
        "price_per_unit": "3375",
        "price_unit": "G"
      },
      {
        "state": "SA",
        "price": "270",
        "price_per_unit": "3375",
        "price_unit": "G"
      },
      {
        "state": "NT",
        "price": "270",
        "price_per_unit": "3375",
        "price_unit": "G"
      }
    ]
  },
  {
    "source_url": "https://www.woolworths.com.au/shop/productdetails/104077/rafferty-s-garden-mini-yoghurt-drops-raspberry-blackberry",
    "name": "Rafferty's Garden Mini Yoghurt Drops Raspberry & Blackberry 8g",
    "image_url": "https://cdn1.woolworths.media/content/wowproductimages/large/104077.jpg",
    "source_id": "Woolworths - 104077",
    "barcode": "9340156034599",
    "category_id": "1_717A94B",
    "shop": "Woolworths",
    "weight": "100G",
    "prices": [
      {
        "state": "QLD",
        "price": "270",
        "price_per_unit": "3375",
        "price_unit": "G"
      },
      {
        "state": "WA",
        "price": "270",
        "price_per_unit": "3375",
        "price_unit": "G"
      },
      {
        "state": "SA",
        "price": "270",
        "price_per_unit": "3375",
        "price_unit": "G"
      },
      {
        "state": "NT",
        "price": "270",
        "price_per_unit": "3375",
        "price_unit": "G"
      }
    ]
  },
  {
    "source_url": "https://www.woolworths.com.au/shop/productdetails/908525/whole-kids-little-stars-cereal-banana-chia",
    "name": "Whole Kids Little Stars Cereal Banana & Chia 40g",
    "image_url": "https://cdn1.woolworths.media/content/wowproductimages/large/908525.jpg",
    "source_id": "Woolworths - 908525",
    "barcode": "9332066068351",
    "category_id": "1_717A94B",
    "shop": "Woolworths",
    "weight": "100G",
    "prices": [
      {
        "state": "QLD",
        "price": "600",
        "price_per_unit": "1500",
        "price_unit": "G"
      },
      {
        "state": "WA",
        "price": "600",
        "price_per_unit": "1500",
        "price_unit": "G"
      },
      {
        "state": "SA",
        "price": "600",
        "price_per_unit": "1500",
        "price_unit": "G"
      },
      {
        "state": "ACT",
        "price": "600",
        "price_per_unit": "1500",
        "price_unit": "G"
      },
      {
        "state": "NT",
        "price": "600",
        "price_per_unit": "1500",
        "price_unit": "G"
      }
    ]
  },
  {
    "source_url": "https://www.woolworths.com.au/shop/productdetails/173846/whole-kids-smoothie-drops-berry-banana-coconut-milk",
    "name": "Whole Kids Smoothie Drops Berry Banana & Coconut Milk 20g",
    "image_url": "https://cdn1.woolworths.media/content/wowproductimages/large/173846.jpg",
    "source_id": "Woolworths - 173846",
    "barcode": "9336269002532",
    "category_id": "1_717A94B",
    "shop": "Woolworths",
    "weight": "100G",
    "prices": [
      {
        "state": "QLD",
        "price": "600",
        "price_per_unit": "3000",
        "price_unit": "G"
      },
      {
        "state": "WA",
        "price": "600",
        "price_per_unit": "3000",
        "price_unit": "G"
      },
      {
        "state": "SA",
        "price": "600",
        "price_per_unit": "3000",
        "price_unit": "G"
      },
      {
        "state": "NT",
        "price": "630",
        "price_per_unit": "3150",
        "price_unit": "G"
      }
    ]
  },
  {
    "source_url": "https://www.woolworths.com.au/shop/productdetails/907489/whole-kids-teething-wafers-carrot-chia-quinoa",
    "name": "Whole Kids Teething Wafers Carrot Chia & Quinoa 6 pack",
    "image_url": "https://cdn1.woolworths.media/content/wowproductimages/large/907489.jpg",
    "source_id": "Woolworths - 907489",
    "barcode": "9332066068382",
    "category_id": "1_717A94B",
    "shop": "Woolworths",
    "weight": "100G",
    "prices": [
      {
        "state": "QLD",
        "price": "600",
        "price_per_unit": "3000",
        "price_unit": "G"
      },
      {
        "state": "WA",
        "price": "600",
        "price_per_unit": "3000",
        "price_unit": "G"
      },
      {
        "state": "SA",
        "price": "600",
        "price_per_unit": "3000",
        "price_unit": "G"
      },
      {
        "state": "ACT",
        "price": "600",
        "price_per_unit": "3000",
        "price_unit": "G"
      },
      {
        "state": "NT",
        "price": "600",
        "price_per_unit": "3000",
        "price_unit": "G"
      }
    ]
  },
  {
    "source_url": "https://www.woolworths.com.au/shop/productdetails/221857/baby-mum-mum-rice-rusks-strawberry-strawberry-flavour-8-months",
    "name": "Baby Mum Mum Rice Rusks Strawberry 18 Pack",
    "image_url": "https://cdn1.woolworths.media/content/wowproductimages/large/221857.jpg",
    "source_id": "Woolworths - 221857",
    "barcode": "686352604075",
    "category_id": "1_717A94B",
    "shop": "Woolworths",
    "weight": "100G",
    "prices": [
      {
        "state": "WA",
        "price": "385",
        "price_per_unit": "1069",
        "price_unit": "G"
      },
      {
        "state": "SA",
        "price": "385",
        "price_per_unit": "1069",
        "price_unit": "G"
      },
      {
        "state": "ACT",
        "price": "385",
        "price_per_unit": "1069",
        "price_unit": "G"
      },
      {
        "state": "NT",
        "price": "405",
        "price_per_unit": "1125",
        "price_unit": "G"
      }
    ]
  },
  {
    "source_url": "https://www.woolworths.com.au/shop/productdetails/507942/kiddylicious-fruit-wriggles-strawberry",
    "name": "Kiddylicious Fruit Wriggles Strawberry 12g",
    "image_url": "https://cdn1.woolworths.media/content/wowproductimages/large/507942.jpg",
    "source_id": "Woolworths - 507942",
    "barcode": "5060040256305",
    "category_id": "1_717A94B",
    "shop": "Woolworths",
    "weight": "100G",
    "prices": [
      {
        "state": "WA",
        "price": "220",
        "price_per_unit": "1833",
        "price_unit": "G"
      },
      {
        "state": "ACT",
        "price": "220",
        "price_per_unit": "1833",
        "price_unit": "G"
      },
      {
        "state": "NT",
        "price": "240",
        "price_per_unit": "2000",
        "price_unit": "G"
      }
    ]
  },
  {
    "source_url": "https://www.woolworths.com.au/shop/productdetails/220968/kiddylicious-smoothie-melts-strawberry-banana-12-months",
    "name": "Kiddylicious Smoothie Melts Strawberry & Banana 12+ Months 6g",
    "image_url": "https://cdn1.woolworths.media/content/wowproductimages/large/220968.jpg",
    "source_id": "Woolworths - 220968",
    "barcode": "5060040256411",
    "category_id": "1_717A94B",
    "shop": "Woolworths",
    "weight": "100G",
    "prices": [
      {
        "state": "WA",
        "price": "220",
        "price_per_unit": "3667",
        "price_unit": "G"
      },
      {
        "state": "SA",
        "price": "220",
        "price_per_unit": "3667",
        "price_unit": "G"
      },
      {
        "state": "ACT",
        "price": "220",
        "price_per_unit": "3667",
        "price_unit": "G"
      },
      {
        "state": "NT",
        "price": "220",
        "price_per_unit": "3667",
        "price_unit": "G"
      }
    ]
  },
  {
    "source_url": "https://www.woolworths.com.au/shop/productdetails/906162/little-bellies-coconut-melts-mango-banana",
    "name": "Little Bellies Coconut Melts Mango & Banana 20g",
    "image_url": "https://cdn1.woolworths.media/content/wowproductimages/large/906162.jpg",
    "source_id": "Woolworths - 906162",
    "barcode": "9337824004008",
    "category_id": "1_717A94B",
    "shop": "Woolworths",
    "weight": "100G",
    "prices": [
      {
        "state": "WA",
        "price": "650",
        "price_per_unit": "3250",
        "price_unit": "G"
      },
      {
        "state": "SA",
        "price": "650",
        "price_per_unit": "3250",
        "price_unit": "G"
      },
      {
        "state": "ACT",
        "price": "650",
        "price_per_unit": "3250",
        "price_unit": "G"
      },
      {
        "state": "NT",
        "price": "650",
        "price_per_unit": "3250",
        "price_unit": "G"
      }
    ]
  },
  {
    "source_url": "https://www.woolworths.com.au/shop/productdetails/905765/little-bellies-organic-sweet-cinnamon-softcorn",
    "name": "Little Bellies Organic Sweet Cinnamon Softcorn 8g x 4 pack",
    "image_url": "https://cdn1.woolworths.media/content/wowproductimages/large/905765.jpg",
    "source_id": "Woolworths - 905765",
    "barcode": "9337824003902",
    "category_id": "1_717A94B",
    "shop": "Woolworths",
    "weight": "100G",
    "prices": [
      {
        "state": "WA",
        "price": "750",
        "price_per_unit": "2344",
        "price_unit": "G"
      },
      {
        "state": "SA",
        "price": "750",
        "price_per_unit": "2344",
        "price_unit": "G"
      },
      {
        "state": "ACT",
        "price": "750",
        "price_per_unit": "2344",
        "price_unit": "G"
      },
      {
        "state": "NT",
        "price": "750",
        "price_per_unit": "2344",
        "price_unit": "G"
      }
    ]
  },
  {
    "source_url": "https://www.woolworths.com.au/shop/productdetails/905506/little-bellies-yoghurt-melts-strawberry-banana",
    "name": "Little Bellies Yoghurt Melts Strawberry & Banana 20g",
    "image_url": "https://cdn1.woolworths.media/content/wowproductimages/large/905506.jpg",
    "source_id": "Woolworths - 905506",
    "barcode": "9337824003988",
    "category_id": "1_717A94B",
    "shop": "Woolworths",
    "weight": "100G",
    "prices": [
      {
        "state": "WA",
        "price": "650",
        "price_per_unit": "3250",
        "price_unit": "G"
      },
      {
        "state": "SA",
        "price": "650",
        "price_per_unit": "3250",
        "price_unit": "G"
      },
      {
        "state": "ACT",
        "price": "650",
        "price_per_unit": "3250",
        "price_unit": "G"
      },
      {
        "state": "NT",
        "price": "650",
        "price_per_unit": "3250",
        "price_unit": "G"
      }
    ]
  },
  {
    "source_url": "https://www.woolworths.com.au/shop/productdetails/392176/macro-organic-chickpea-stars-carrot-raspberry",
    "name": "Macro Organic Chickpea Stars Carrot & Raspberry 12g",
    "image_url": "https://cdn1.woolworths.media/content/wowproductimages/large/392176.jpg",
    "source_id": "Woolworths - 392176",
    "barcode": "9339687355907",
    "category_id": "1_717A94B",
    "shop": "Woolworths",
    "weight": "100G",
    "prices": [
      {
        "state": "WA",
        "price": "165",
        "price_per_unit": "1375",
        "price_unit": "G"
      },
      {
        "state": "SA",
        "price": "165",
        "price_per_unit": "1375",
        "price_unit": "G"
      },
      {
        "state": "ACT",
        "price": "165",
        "price_per_unit": "1375",
        "price_unit": "G"
      },
      {
        "state": "NT",
        "price": "165",
        "price_per_unit": "1375",
        "price_unit": "G"
      }
    ]
  },
  {
    "source_url": "https://www.woolworths.com.au/shop/productdetails/393142/macro-organic-multigrain-puffs-betroot-blueberry",
    "name": "Macro Organic Multigrain Puffs Betroot & Blueberry 30g",
    "image_url": "https://cdn1.woolworths.media/content/wowproductimages/large/393142.jpg",
    "source_id": "Woolworths - 393142",
    "barcode": "9339687355969",
    "category_id": "1_717A94B",
    "shop": "Woolworths",
    "weight": "100G",
    "prices": [
      {
        "state": "WA",
        "price": "300",
        "price_per_unit": "1000",
        "price_unit": "G"
      },
      {
        "state": "SA",
        "price": "300",
        "price_per_unit": "1000",
        "price_unit": "G"
      },
      {
        "state": "ACT",
        "price": "300",
        "price_per_unit": "1000",
        "price_unit": "G"
      },
      {
        "state": "NT",
        "price": "300",
        "price_per_unit": "1000",
        "price_unit": "G"
      }
    ]
  },
  {
    "source_url": "https://www.woolworths.com.au/shop/productdetails/905270/only-organic-blueberry-apple-rice-cakes",
    "name": "Only Organic Blueberry & Apple Rice Cakes 35g",
    "image_url": "https://cdn1.woolworths.media/content/wowproductimages/large/905270.jpg",
    "source_id": "Woolworths - 905270",
    "barcode": "9403145305978",
    "category_id": "1_717A94B",
    "shop": "Woolworths",
    "weight": "100G",
    "prices": [
      {
        "state": "WA",
        "price": "300",
        "price_per_unit": "857",
        "price_unit": "G"
      },
      {
        "state": "SA",
        "price": "300",
        "price_per_unit": "857",
        "price_unit": "G"
      },
      {
        "state": "ACT",
        "price": "300",
        "price_per_unit": "857",
        "price_unit": "G"
      },
      {
        "state": "NT",
        "price": "300",
        "price_per_unit": "857",
        "price_unit": "G"
      }
    ]
  },
  {
    "source_url": "https://www.woolworths.com.au/shop/productdetails/710451/only-organic-food-rice-cakes-snack-strawberry-yoghurt",
    "name": "Only Organic Food Rice Cakes Snack Strawberry Yoghurt 60g",
    "image_url": "https://cdn1.woolworths.media/content/wowproductimages/large/710451.jpg",
    "source_id": "Woolworths - 710451",
    "barcode": "9403145303370",
    "category_id": "1_717A94B",
    "shop": "Woolworths",
    "weight": "100G",
    "prices": [
      {
        "state": "WA",
        "price": "450",
        "price_per_unit": "750",
        "price_unit": "G"
      },
      {
        "state": "SA",
        "price": "450",
        "price_per_unit": "750",
        "price_unit": "G"
      },
      {
        "state": "ACT",
        "price": "450",
        "price_per_unit": "750",
        "price_unit": "G"
      },
      {
        "state": "NT",
        "price": "450",
        "price_per_unit": "750",
        "price_unit": "G"
      }
    ]
  },
  {
    "source_url": "https://www.woolworths.com.au/shop/productdetails/905507/only-organic-melty-corn-sticks-banana-mango",
    "name": "Only Organic Melty Corn Sticks Banana & Mango 15g",
    "image_url": "https://cdn1.woolworths.media/content/wowproductimages/large/905507.jpg",
    "source_id": "Woolworths - 905507",
    "barcode": "9403145305909",
    "category_id": "1_717A94B",
    "shop": "Woolworths",
    "weight": "100G",
    "prices": [
      {
        "state": "WA",
        "price": "200",
        "price_per_unit": "1333",
        "price_unit": "G"
      },
      {
        "state": "SA",
        "price": "200",
        "price_per_unit": "1333",
        "price_unit": "G"
      },
      {
        "state": "ACT",
        "price": "200",
        "price_per_unit": "1333",
        "price_unit": "G"
      },
      {
        "state": "NT",
        "price": "200",
        "price_per_unit": "1333",
        "price_unit": "G"
      }
    ]
  },
  {
    "source_url": "https://www.woolworths.com.au/shop/productdetails/498411/only-organic-strawberry-vanilla-spelt-biscuits",
    "name": "Only Organic Strawberry Vanilla & Spelt Biscuits 100g",
    "image_url": "https://cdn1.woolworths.media/content/wowproductimages/large/498411.jpg",
    "source_id": "Woolworths - 498411",
    "barcode": "9403145305879",
    "category_id": "1_717A94B",
    "shop": "Woolworths",
    "weight": "100G",
    "prices": [
      {
        "state": "WA",
        "price": "400",
        "price_per_unit": "400",
        "price_unit": "G"
      },
      {
        "state": "SA",
        "price": "400",
        "price_per_unit": "400",
        "price_unit": "G"
      },
      {
        "state": "ACT",
        "price": "400",
        "price_per_unit": "400",
        "price_unit": "G"
      },
      {
        "state": "NT",
        "price": "400",
        "price_per_unit": "400",
        "price_unit": "G"
      }
    ]
  },
  {
    "source_url": "https://www.woolworths.com.au/shop/productdetails/909241/rafferty-s-garden-banana-chia-pressed-bars",
    "name": "Rafferty's Garden Banana & Chia Pressed Bars 6 pack",
    "image_url": "https://cdn1.woolworths.media/content/wowproductimages/large/909241.jpg",
    "source_id": "Woolworths - 909241",
    "barcode": "9340156028888",
    "category_id": "1_717A94B",
    "shop": "Woolworths",
    "weight": "100G",
    "prices": [
      {
        "state": "WA",
        "price": "550",
        "price_per_unit": "611",
        "price_unit": "G"
      },
      {
        "state": "SA",
        "price": "550",
        "price_per_unit": "611",
        "price_unit": "G"
      },
      {
        "state": "ACT",
        "price": "550",
        "price_per_unit": "611",
        "price_unit": "G"
      },
      {
        "state": "NT",
        "price": "550",
        "price_per_unit": "611",
        "price_unit": "G"
      }
    ]
  },
  {
    "source_url": "https://www.woolworths.com.au/shop/productdetails/909244/rafferty-s-garden-blueberry-banana-teething-wafers",
    "name": "Rafferty's Garden Blueberry & Banana Teething Wafers 60g",
    "image_url": "https://cdn1.woolworths.media/content/wowproductimages/large/909244.jpg",
    "source_id": "Woolworths - 909244",
    "barcode": "9340156028802",
    "category_id": "1_717A94B",
    "shop": "Woolworths",
    "weight": "100G",
    "prices": [
      {
        "state": "WA",
        "price": "450",
        "price_per_unit": "750",
        "price_unit": "G"
      },
      {
        "state": "SA",
        "price": "450",
        "price_per_unit": "750",
        "price_unit": "G"
      },
      {
        "state": "ACT",
        "price": "450",
        "price_per_unit": "750",
        "price_unit": "G"
      },
      {
        "state": "NT",
        "price": "450",
        "price_per_unit": "750",
        "price_unit": "G"
      }
    ]
  },
  {
    "source_url": "https://www.woolworths.com.au/shop/productdetails/909257/rafferty-s-garden-pea-pods-cheese-flavour",
    "name": "Rafferty's Garden Pea Pods Cheese Flavour 40g",
    "image_url": "https://cdn1.woolworths.media/content/wowproductimages/large/909257.jpg",
    "source_id": "Woolworths - 909257",
    "barcode": "9340156028826",
    "category_id": "1_717A94B",
    "shop": "Woolworths",
    "weight": "100G",
    "prices": [
      {
        "state": "WA",
        "price": "240",
        "price_per_unit": "600",
        "price_unit": "G"
      },
      {
        "state": "SA",
        "price": "240",
        "price_per_unit": "600",
        "price_unit": "G"
      },
      {
        "state": "ACT",
        "price": "240",
        "price_per_unit": "600",
        "price_unit": "G"
      },
      {
        "state": "NT",
        "price": "240",
        "price_per_unit": "600",
        "price_unit": "G"
      }
    ]
  },
  {
    "source_url": "https://www.woolworths.com.au/shop/productdetails/910760/rafferty-s-garden-strawberry-chia-pressed-bars",
    "name": "Rafferty's Garden Strawberry & Chia Pressed Bars 6 pack",
    "image_url": "https://cdn1.woolworths.media/content/wowproductimages/large/910760.jpg",
    "source_id": "Woolworths - 910760",
    "barcode": "9340156028871",
    "category_id": "1_717A94B",
    "shop": "Woolworths",
    "weight": "100G",
    "prices": [
      {
        "state": "WA",
        "price": "550",
        "price_per_unit": "611",
        "price_unit": "G"
      },
      {
        "state": "SA",
        "price": "550",
        "price_per_unit": "611",
        "price_unit": "G"
      },
      {
        "state": "ACT",
        "price": "550",
        "price_per_unit": "611",
        "price_unit": "G"
      },
      {
        "state": "NT",
        "price": "550",
        "price_per_unit": "611",
        "price_unit": "G"
      }
    ]
  },
  {
    "source_url": "https://www.woolworths.com.au/shop/productdetails/907055/rafferty-s-garden-tomato-veggies-pasta-sauce-1-3-years",
    "name": "Rafferty's Garden Tomato & Veggies Pasta Sauce 1-3 Years 150g",
    "image_url": "https://cdn1.woolworths.media/content/wowproductimages/large/907055.jpg",
    "source_id": "Woolworths - 907055",
    "barcode": "9340156029373",
    "category_id": "1_717A94B",
    "shop": "Woolworths",
    "weight": "100G",
    "prices": [
      {
        "state": "WA",
        "price": "300",
        "price_per_unit": "200",
        "price_unit": "G"
      },
      {
        "state": "SA",
        "price": "300",
        "price_per_unit": "200",
        "price_unit": "G"
      },
      {
        "state": "ACT",
        "price": "300",
        "price_per_unit": "200",
        "price_unit": "G"
      },
      {
        "state": "NT",
        "price": "300",
        "price_per_unit": "200",
        "price_unit": "G"
      }
    ]
  }
]