[
  {
    "source_url": "https://www.woolworths.com.au/shop/productdetails/181922/dari-s-chicken-corn-soup",
    "name": "Dari's Chicken & Corn Soup 550g",
    "image_url": "https://cdn1.woolworths.media/content/wowproductimages/large/181922.jpg",
    "source_id": "Woolworths - 181922",
    "barcode": "9335068004587",
    "shop": "Woolworths",
    "weight": "100G",
    "prices": [
      {
        "state": "NSW",
        "price": "680",
        "price_per_unit": "124",
        "price_unit": "G"
      },
      {
        "state": "NSW",
        "price": "680",
        "price_per_unit": "124",
        "price_unit": "G"
      },
      {
        "state": "VIC",
        "price": "680",
        "price_per_unit": "124",
        "price_unit": "G"
      },
      {
        "state": "VIC",
        "price": "680",
        "price_per_unit": "124",
        "price_unit": "G"
      },
      {
        "state": "QLD",
        "price": "680",
        "price_per_unit": "124",
        "price_unit": "G"
      },
      {
        "state": "QLD",
        "price": "680",
        "price_per_unit": "124",
        "price_unit": "G"
      },
      {
        "state": "WA",
        "price": "680",
        "price_per_unit": "124",
        "price_unit": "G"
      },
      {
        "state": "WA",
        "price": "680",
        "price_per_unit": "124",
        "price_unit": "G"
      },
      {
        "state": "SA",
        "price": "680",
        "price_per_unit": "124",
        "price_unit": "G"
      },
      {
        "state": "SA",
        "price": "680",
        "price_per_unit": "124",
        "price_unit": "G"
      },
      {
        "state": "TAS",
        "price": "680",
        "price_per_unit": "124",
        "price_unit": "G"
      },
      {
        "state": "TAS",
        "price": "680",
        "price_per_unit": "124",
        "price_unit": "G"
      },
      {
        "state": "ACT",
        "price": "680",
        "price_per_unit": "124",
        "price_unit": "G"
      },
      {
        "state": "ACT",
        "price": "680",
        "price_per_unit": "124",
        "price_unit": "G"
      },
      {
        "state": "NT",
        "price": "680",
        "price_per_unit": "124",
        "price_unit": "G"
      },
      {
        "state": "NT",
        "price": "680",
        "price_per_unit": "124",
        "price_unit": "G"
      }
    ]
  },
  {
    "source_url": "https://www.woolworths.com.au/shop/productdetails/181143/dari-s-chicken-noodle-soup",
    "name": "Dari's Chicken Noodle Soup 550g",
    "image_url": "https://cdn1.woolworths.media/content/wowproductimages/large/181143.jpg",
    "source_id": "Woolworths - 181143",
    "barcode": "9335068004570",
    "shop": "Woolworths",
    "weight": "100G",
    "prices": [
      {
        "state": "NSW",
        "price": "680",
        "price_per_unit": "124",
        "price_unit": "G"
      },
      {
        "state": "NSW",
        "price": "680",
        "price_per_unit": "124",
        "price_unit": "G"
      },
      {
        "state": "VIC",
        "price": "680",
        "price_per_unit": "124",
        "price_unit": "G"
      },
      {
        "state": "VIC",
        "price": "680",
        "price_per_unit": "124",
        "price_unit": "G"
      },
      {
        "state": "QLD",
        "price": "680",
        "price_per_unit": "124",
        "price_unit": "G"
      },
      {
        "state": "QLD",
        "price": "680",
        "price_per_unit": "124",
        "price_unit": "G"
      },
      {
        "state": "WA",
        "price": "680",
        "price_per_unit": "124",
        "price_unit": "G"
      },
      {
        "state": "WA",
        "price": "680",
        "price_per_unit": "124",
        "price_unit": "G"
      },
      {
        "state": "SA",
        "price": "680",
        "price_per_unit": "124",
        "price_unit": "G"
      },
      {
        "state": "SA",
        "price": "680",
        "price_per_unit": "124",
        "price_unit": "G"
      },
      {
        "state": "TAS",
        "price": "680",
        "price_per_unit": "124",
        "price_unit": "G"
      },
      {
        "state": "TAS",
        "price": "680",
        "price_per_unit": "124",
        "price_unit": "G"
      },
      {
        "state": "ACT",
        "price": "680",
        "price_per_unit": "124",
        "price_unit": "G"
      },
      {
        "state": "ACT",
        "price": "680",
        "price_per_unit": "124",
        "price_unit": "G"
      },
      {
        "state": "NT",
        "price": "680",
        "price_per_unit": "124",
        "price_unit": "G"
      },
      {
        "state": "NT",
        "price": "680",
        "price_per_unit": "124",
        "price_unit": "G"
      }
    ]
  },
  {
    "source_url": "https://www.woolworths.com.au/shop/productdetails/212043/dari-s-chunky-minestrone-soup",
    "name": "Dari's Chunky Minestrone Soup 550g",
    "image_url": "https://cdn1.woolworths.media/content/wowproductimages/large/212043.jpg",
    "source_id": "Woolworths - 212043",
    "barcode": "9335068004662",
    "shop": "Woolworths",
    "weight": "100G",
    "prices": [
      {
        "state": "NSW",
        "price": "680",
        "price_per_unit": "124",
        "price_unit": "G"
      },
      {
        "state": "NSW",
        "price": "680",
        "price_per_unit": "124",
        "price_unit": "G"
      },
      {
        "state": "VIC",
        "price": "680",
        "price_per_unit": "124",
        "price_unit": "G"
      },
      {
        "state": "VIC",
        "price": "680",
        "price_per_unit": "124",
        "price_unit": "G"
      },
      {
        "state": "QLD",
        "price": "680",
        "price_per_unit": "124",
        "price_unit": "G"
      },
      {
        "state": "QLD",
        "price": "680",
        "price_per_unit": "124",
        "price_unit": "G"
      },
      {
        "state": "WA",
        "price": "680",
        "price_per_unit": "124",
        "price_unit": "G"
      },
      {
        "state": "WA",
        "price": "680",
        "price_per_unit": "124",
        "price_unit": "G"
      },
      {
        "state": "SA",
        "price": "680",
        "price_per_unit": "124",
        "price_unit": "G"
      },
      {
        "state": "SA",
        "price": "680",
        "price_per_unit": "124",
        "price_unit": "G"
      },
      {
        "state": "TAS",
        "price": "680",
        "price_per_unit": "124",
        "price_unit": "G"
      },
      {
        "state": "TAS",
        "price": "680",
        "price_per_unit": "124",
        "price_unit": "G"
      },
      {
        "state": "ACT",
        "price": "680",
        "price_per_unit": "124",
        "price_unit": "G"
      },
      {
        "state": "ACT",
        "price": "680",
        "price_per_unit": "124",
        "price_unit": "G"
      },
      {
        "state": "NT",
        "price": "680",
        "price_per_unit": "124",
        "price_unit": "G"
      },
      {
        "state": "NT",
        "price": "680",
        "price_per_unit": "124",
        "price_unit": "G"
      }
    ]
  },
  {
    "source_url": "https://www.woolworths.com.au/shop/productdetails/210591/dari-s-classic-pumpkin-soup",
    "name": "Dari's Classic Pumpkin Soup 550g",
    "image_url": "https://cdn1.woolworths.media/content/wowproductimages/large/210591.jpg",
    "source_id": "Woolworths - 210591",
    "barcode": "9335068004556",
    "shop": "Woolworths",
    "weight": "100G",
    "prices": [
      {
        "state": "NSW",
        "price": "680",
        "price_per_unit": "124",
        "price_unit": "G"
      },
      {
        "state": "NSW",
        "price": "680",
        "price_per_unit": "124",
        "price_unit": "G"
      },
      {
        "state": "VIC",
        "price": "680",
        "price_per_unit": "124",
        "price_unit": "G"
      },
      {
        "state": "VIC",
        "price": "680",
        "price_per_unit": "124",
        "price_unit": "G"
      },
      {
        "state": "WA",
        "price": "680",
        "price_per_unit": "124",
        "price_unit": "G"
      },
      {
        "state": "WA",
        "price": "680",
        "price_per_unit": "124",
        "price_unit": "G"
      },
      {
        "state": "SA",
        "price": "680",
        "price_per_unit": "124",
        "price_unit": "G"
      },
      {
        "state": "SA",
        "price": "680",
        "price_per_unit": "124",
        "price_unit": "G"
      },
      {
        "state": "TAS",
        "price": "680",
        "price_per_unit": "124",
        "price_unit": "G"
      },
      {
        "state": "TAS",
        "price": "680",
        "price_per_unit": "124",
        "price_unit": "G"
      },
      {
        "state": "ACT",
        "price": "680",
        "price_per_unit": "124",
        "price_unit": "G"
      },
      {
        "state": "ACT",
        "price": "680",
        "price_per_unit": "124",
        "price_unit": "G"
      },
      {
        "state": "NT",
        "price": "680",
        "price_per_unit": "124",
        "price_unit": "G"
      },
      {
        "state": "NT",
        "price": "680",
        "price_per_unit": "124",
        "price_unit": "G"
      }
    ]
  },
  {
    "source_url": "https://www.woolworths.com.au/shop/productdetails/180711/dari-s-classic-vegetable-soup",
    "name": "Dari's Classic Vegetable Soup 550g",
    "image_url": "https://cdn1.woolworths.media/content/wowproductimages/large/180711.jpg",
    "source_id": "Woolworths - 180711",
    "barcode": "9335068004648",
    "shop": "Woolworths",
    "weight": "100G",
    "prices": [
      {
        "state": "NSW",
        "price": "680",
        "price_per_unit": "124",
        "price_unit": "G"
      },
      {
        "state": "NSW",
        "price": "680",
        "price_per_unit": "124",
        "price_unit": "G"
      },
      {
        "state": "VIC",
        "price": "680",
        "price_per_unit": "124",
        "price_unit": "G"
      },
      {
        "state": "VIC",
        "price": "680",
        "price_per_unit": "124",
        "price_unit": "G"
      },
      {
        "state": "QLD",
        "price": "680",
        "price_per_unit": "124",
        "price_unit": "G"
      },
      {
        "state": "QLD",
        "price": "680",
        "price_per_unit": "124",
        "price_unit": "G"
      },
      {
        "state": "WA",
        "price": "680",
        "price_per_unit": "124",
        "price_unit": "G"
      },
      {
        "state": "WA",
        "price": "680",
        "price_per_unit": "124",
        "price_unit": "G"
      },
      {
        "state": "SA",
        "price": "680",
        "price_per_unit": "124",
        "price_unit": "G"
      },
      {
        "state": "SA",
        "price": "680",
        "price_per_unit": "124",
        "price_unit": "G"
      },
      {
        "state": "TAS",
        "price": "680",
        "price_per_unit": "124",
        "price_unit": "G"
      },
      {
        "state": "TAS",
        "price": "680",
        "price_per_unit": "124",
        "price_unit": "G"
      },
      {
        "state": "ACT",
        "price": "680",
        "price_per_unit": "124",
        "price_unit": "G"
      },
      {
        "state": "ACT",
        "price": "680",
        "price_per_unit": "124",
        "price_unit": "G"
      },
      {
        "state": "NT",
        "price": "680",
        "price_per_unit": "124",
        "price_unit": "G"
      },
      {
        "state": "NT",
        "price": "680",
        "price_per_unit": "124",
        "price_unit": "G"
      }
    ]
  },
  {
    "source_url": "https://www.woolworths.com.au/shop/productdetails/180787/dari-s-hearty-chicken-soup",
    "name": "Dari's Hearty Chicken Soup 550g",
    "image_url": "https://cdn1.woolworths.media/content/wowproductimages/large/180787.jpg",
    "source_id": "Woolworths - 180787",
    "barcode": "9335068004563",
    "shop": "Woolworths",
    "weight": "100G",
    "prices": [
      {
        "state": "NSW",
        "price": "680",
        "price_per_unit": "124",
        "price_unit": "G"
      },
      {
        "state": "NSW",
        "price": "680",
        "price_per_unit": "124",
        "price_unit": "G"
      },
      {
        "state": "VIC",
        "price": "680",
        "price_per_unit": "124",
        "price_unit": "G"
      },
      {
        "state": "VIC",
        "price": "680",
        "price_per_unit": "124",
        "price_unit": "G"
      },
      {
        "state": "QLD",
        "price": "680",
        "price_per_unit": "124",
        "price_unit": "G"
      },
      {
        "state": "QLD",
        "price": "680",
        "price_per_unit": "124",
        "price_unit": "G"
      },
      {
        "state": "WA",
        "price": "680",
        "price_per_unit": "124",
        "price_unit": "G"
      },
      {
        "state": "WA",
        "price": "680",
        "price_per_unit": "124",
        "price_unit": "G"
      },
      {
        "state": "SA",
        "price": "680",
        "price_per_unit": "124",
        "price_unit": "G"
      },
      {
        "state": "SA",
        "price": "680",
        "price_per_unit": "124",
        "price_unit": "G"
      },
      {
        "state": "ACT",
        "price": "680",
        "price_per_unit": "124",
        "price_unit": "G"
      },
      {
        "state": "ACT",
        "price": "680",
        "price_per_unit": "124",
        "price_unit": "G"
      },
      {
        "state": "NT",
        "price": "680",
        "price_per_unit": "124",
        "price_unit": "G"
      },
      {
        "state": "NT",
        "price": "680",
        "price_per_unit": "124",
        "price_unit": "G"
      }
    ]
  },
  {
    "source_url": "https://www.woolworths.com.au/shop/productdetails/180479/dari-s-lentil-soup",
    "name": "Dari's Lentil Soup 550g",
    "image_url": "https://cdn1.woolworths.media/content/wowproductimages/large/180479.jpg",
    "source_id": "Woolworths - 180479",
    "barcode": "9335068004594",
    "shop": "Woolworths",
    "weight": "100G",
    "prices": [
      {
        "state": "NSW",
        "price": "680",
        "price_per_unit": "124",
        "price_unit": "G"
      },
      {
        "state": "NSW",
        "price": "680",
        "price_per_unit": "124",
        "price_unit": "G"
      },
      {
        "state": "VIC",
        "price": "680",
        "price_per_unit": "124",
        "price_unit": "G"
      },
      {
        "state": "VIC",
        "price": "680",
        "price_per_unit": "124",
        "price_unit": "G"
      },
      {
        "state": "QLD",
        "price": "680",
        "price_per_unit": "124",
        "price_unit": "G"
      },
      {
        "state": "QLD",
        "price": "680",
        "price_per_unit": "124",
        "price_unit": "G"
      },
      {
        "state": "WA",
        "price": "680",
        "price_per_unit": "124",
        "price_unit": "G"
      },
      {
        "state": "WA",
        "price": "680",
        "price_per_unit": "124",
        "price_unit": "G"
      },
      {
        "state": "SA",
        "price": "680",
        "price_per_unit": "124",
        "price_unit": "G"
      },
      {
        "state": "SA",
        "price": "680",
        "price_per_unit": "124",
        "price_unit": "G"
      },
      {
        "state": "TAS",
        "price": "680",
        "price_per_unit": "124",
        "price_unit": "G"
      },
      {
        "state": "TAS",
        "price": "680",
        "price_per_unit": "124",
        "price_unit": "G"
      },
      {
        "state": "ACT",
        "price": "680",
        "price_per_unit": "124",
        "price_unit": "G"
      },
      {
        "state": "ACT",
        "price": "680",
        "price_per_unit": "124",
        "price_unit": "G"
      },
      {
        "state": "NT",
        "price": "680",
        "price_per_unit": "124",
        "price_unit": "G"
      },
      {
        "state": "NT",
        "price": "680",
        "price_per_unit": "124",
        "price_unit": "G"
      }
    ]
  },
  {
    "source_url": "https://www.woolworths.com.au/shop/productdetails/278397/dari-s-pea-ham-soup",
    "name": "Dari's Pea & Ham Soup 550g",
    "image_url": "https://cdn1.woolworths.media/content/wowproductimages/large/278397.jpg",
    "source_id": "Woolworths - 278397",
    "barcode": "9335068004679",
    "shop": "Woolworths",
    "weight": "100G",
    "prices": [
      null,
      {
        "state": "VIC",
        "price": "680",
        "price_per_unit": "124",
        "price_unit": "G"
      },
      {
        "state": "VIC",
        "price": "680",
        "price_per_unit": "124",
        "price_unit": "G"
      },
      {
        "state": "QLD",
        "price": "680",
        "price_per_unit": "124",
        "price_unit": "G"
      },
      {
        "state": "QLD",
        "price": "680",
        "price_per_unit": "124",
        "price_unit": "G"
      },
      {
        "state": "WA",
        "price": "680",
        "price_per_unit": "124",
        "price_unit": "G"
      },
      {
        "state": "WA",
        "price": "680",
        "price_per_unit": "124",
        "price_unit": "G"
      },
      {
        "state": "SA",
        "price": "680",
        "price_per_unit": "124",
        "price_unit": "G"
      },
      {
        "state": "SA",
        "price": "680",
        "price_per_unit": "124",
        "price_unit": "G"
      },
      {
        "state": "TAS",
        "price": "680",
        "price_per_unit": "124",
        "price_unit": "G"
      },
      {
        "state": "TAS",
        "price": "680",
        "price_per_unit": "124",
        "price_unit": "G"
      },
      {
        "state": "ACT",
        "price": "680",
        "price_per_unit": "124",
        "price_unit": "G"
      },
      {
        "state": "ACT",
        "price": "680",
        "price_per_unit": "124",
        "price_unit": "G"
      }
    ]
  },
  {
    "source_url": "https://www.woolworths.com.au/shop/productdetails/277762/fast-fuel-meals-chicken-corn-soup",
    "name": "Fast Fuel Meals Chicken Corn Soup 350g",
    "image_url": "https://cdn1.woolworths.media/content/wowproductimages/large/277762.jpg",
    "source_id": "Woolworths - 277762",
    "barcode": "793618109783",
    "shop": "Woolworths",
    "weight": "100G",
    "prices": [
      {
        "state": "NSW",
        "price": "500",
        "price_per_unit": "143",
        "price_unit": "G"
      },
      {
        "state": "NSW",
        "price": "500",
        "price_per_unit": "143",
        "price_unit": "G"
      },
      {
        "state": "QLD",
        "price": "500",
        "price_per_unit": "143",
        "price_unit": "G"
      },
      {
        "state": "QLD",
        "price": "500",
        "price_per_unit": "143",
        "price_unit": "G"
      },
      {
        "state": "WA",
        "price": "500",
        "price_per_unit": "143",
        "price_unit": "G"
      },
      {
        "state": "WA",
        "price": "500",
        "price_per_unit": "143",
        "price_unit": "G"
      },
      {
        "state": "SA",
        "price": "500",
        "price_per_unit": "143",
        "price_unit": "G"
      },
      {
        "state": "SA",
        "price": "500",
        "price_per_unit": "143",
        "price_unit": "G"
      },
      {
        "state": "TAS",
        "price": "500",
        "price_per_unit": "143",
        "price_unit": "G"
      },
      {
        "state": "TAS",
        "price": "500",
        "price_per_unit": "143",
        "price_unit": "G"
      },
      {
        "state": "ACT",
        "price": "500",
        "price_per_unit": "143",
        "price_unit": "G"
      },
      {
        "state": "ACT",
        "price": "500",
        "price_per_unit": "143",
        "price_unit": "G"
      },
      {
        "state": "NT",
        "price": "525",
        "price_per_unit": "150",
        "price_unit": "G"
      },
      {
        "state": "NT",
        "price": "525",
        "price_per_unit": "150",
        "price_unit": "G"
      }
    ]
  },
  {
    "source_url": "https://www.woolworths.com.au/shop/productdetails/278198/fast-fuel-meals-chicken-laksa",
    "name": "Fast Fuel Meals Chicken Laksa 350g",
    "image_url": "https://cdn1.woolworths.media/content/wowproductimages/large/278198.jpg",
    "source_id": "Woolworths - 278198",
    "barcode": "793618109813",
    "shop": "Woolworths",
    "weight": "100G",
    "prices": [
      {
        "state": "NSW",
        "price": "500",
        "price_per_unit": "143",
        "price_unit": "G"
      },
      {
        "state": "NSW",
        "price": "500",
        "price_per_unit": "143",
        "price_unit": "G"
      },
      {
        "state": "VIC",
        "price": "500",
        "price_per_unit": "143",
        "price_unit": "G"
      },
      {
        "state": "VIC",
        "price": "500",
        "price_per_unit": "143",
        "price_unit": "G"
      },
      {
        "state": "QLD",
        "price": "500",
        "price_per_unit": "143",
        "price_unit": "G"
      },
      {
        "state": "QLD",
        "price": "500",
        "price_per_unit": "143",
        "price_unit": "G"
      },
      {
        "state": "WA",
        "price": "500",
        "price_per_unit": "143",
        "price_unit": "G"
      },
      {
        "state": "WA",
        "price": "500",
        "price_per_unit": "143",
        "price_unit": "G"
      },
      {
        "state": "SA",
        "price": "500",
        "price_per_unit": "143",
        "price_unit": "G"
      },
      {
        "state": "SA",
        "price": "500",
        "price_per_unit": "143",
        "price_unit": "G"
      },
      {
        "state": "TAS",
        "price": "500",
        "price_per_unit": "143",
        "price_unit": "G"
      },
      {
        "state": "TAS",
        "price": "500",
        "price_per_unit": "143",
        "price_unit": "G"
      },
      {
        "state": "ACT",
        "price": "500",
        "price_per_unit": "143",
        "price_unit": "G"
      },
      {
        "state": "ACT",
        "price": "500",
        "price_per_unit": "143",
        "price_unit": "G"
      },
      {
        "state": "NT",
        "price": "525",
        "price_per_unit": "150",
        "price_unit": "G"
      },
      {
        "state": "NT",
        "price": "525",
        "price_per_unit": "150",
        "price_unit": "G"
      }
    ]
  },
  {
    "source_url": "https://www.woolworths.com.au/shop/productdetails/483610/fast-fuel-pumpkin-fetta-soup",
    "name": "Fast Fuel Pumpkin & Fetta Soup 350g",
    "image_url": "https://cdn1.woolworths.media/content/wowproductimages/large/483610.jpg",
    "source_id": "Woolworths - 483610",
    "barcode": "781005646980",
    "shop": "Woolworths",
    "weight": "100G",
    "prices": [
      {
        "state": "NSW",
        "price": "500",
        "price_per_unit": "143",
        "price_unit": "G"
      },
      {
        "state": "NSW",
        "price": "500",
        "price_per_unit": "143",
        "price_unit": "G"
      },
      {
        "state": "VIC",
        "price": "500",
        "price_per_unit": "143",
        "price_unit": "G"
      },
      {
        "state": "VIC",
        "price": "500",
        "price_per_unit": "143",
        "price_unit": "G"
      },
      {
        "state": "QLD",
        "price": "500",
        "price_per_unit": "143",
        "price_unit": "G"
      },
      {
        "state": "QLD",
        "price": "500",
        "price_per_unit": "143",
        "price_unit": "G"
      },
      {
        "state": "SA",
        "price": "500",
        "price_per_unit": "143",
        "price_unit": "G"
      },
      {
        "state": "SA",
        "price": "500",
        "price_per_unit": "143",
        "price_unit": "G"
      },
      {
        "state": "TAS",
        "price": "500",
        "price_per_unit": "143",
        "price_unit": "G"
      },
      {
        "state": "TAS",
        "price": "500",
        "price_per_unit": "143",
        "price_unit": "G"
      },
      {
        "state": "ACT",
        "price": "500",
        "price_per_unit": "143",
        "price_unit": "G"
      },
      {
        "state": "ACT",
        "price": "500",
        "price_per_unit": "143",
        "price_unit": "G"
      },
      {
        "state": "NT",
        "price": "525",
        "price_per_unit": "150",
        "price_unit": "G"
      },
      {
        "state": "NT",
        "price": "525",
        "price_per_unit": "150",
        "price_unit": "G"
      }
    ]
  },
  {
    "source_url": "https://www.woolworths.com.au/shop/productdetails/155289/strength-meals-co-chicken-laksa-high-protein-soup",
    "name": "Strength Meals Co Chicken Laksa High Protein Soup 400g",
    "image_url": "https://cdn1.woolworths.media/content/wowproductimages/large/155289.jpg",
    "source_id": "Woolworths - 155289",
    "barcode": "9319946006894",
    "shop": "Woolworths",
    "weight": "100G",
    "prices": [
      {
        "state": "NSW",
        "price": "550",
        "price_per_unit": "138",
        "price_unit": "G"
      },
      {
        "state": "NSW",
        "price": "550",
        "price_per_unit": "138",
        "price_unit": "G"
      },
      {
        "state": "QLD",
        "price": "550",
        "price_per_unit": "138",
        "price_unit": "G"
      },
      {
        "state": "QLD",
        "price": "550",
        "price_per_unit": "138",
        "price_unit": "G"
      },
      {
        "state": "WA",
        "price": "550",
        "price_per_unit": "138",
        "price_unit": "G"
      },
      {
        "state": "WA",
        "price": "550",
        "price_per_unit": "138",
        "price_unit": "G"
      },
      {
        "state": "SA",
        "price": "550",
        "price_per_unit": "138",
        "price_unit": "G"
      },
      {
        "state": "SA",
        "price": "550",
        "price_per_unit": "138",
        "price_unit": "G"
      },
      {
        "state": "TAS",
        "price": "550",
        "price_per_unit": "138",
        "price_unit": "G"
      },
      {
        "state": "TAS",
        "price": "550",
        "price_per_unit": "138",
        "price_unit": "G"
      },
      {
        "state": "ACT",
        "price": "550",
        "price_per_unit": "138",
        "price_unit": "G"
      },
      {
        "state": "ACT",
        "price": "550",
        "price_per_unit": "138",
        "price_unit": "G"
      },
      {
        "state": "NT",
        "price": "550",
        "price_per_unit": "138",
        "price_unit": "G"
      },
      {
        "state": "NT",
        "price": "550",
        "price_per_unit": "138",
        "price_unit": "G"
      }
    ]
  },
  {
    "source_url": "https://www.woolworths.com.au/shop/productdetails/215475/strength-meals-co-high-protein-hearty-beef-soup",
    "name": "Strength Meals Co High Protein Hearty Beef Soup 400g",
    "image_url": "https://cdn1.woolworths.media/content/wowproductimages/large/215475.jpg",
    "source_id": "Woolworths - 215475",
    "barcode": "9319946007310",
    "shop": "Woolworths",
    "weight": "100G",
    "prices": [
      {
        "state": "NSW",
        "price": "550",
        "price_per_unit": "138",
        "price_unit": "G"
      },
      {
        "state": "NSW",
        "price": "550",
        "price_per_unit": "138",
        "price_unit": "G"
      },
      {
        "state": "QLD",
        "price": "550",
        "price_per_unit": "138",
        "price_unit": "G"
      },
      {
        "state": "QLD",
        "price": "550",
        "price_per_unit": "138",
        "price_unit": "G"
      },
      {
        "state": "WA",
        "price": "550",
        "price_per_unit": "138",
        "price_unit": "G"
      },
      {
        "state": "WA",
        "price": "550",
        "price_per_unit": "138",
        "price_unit": "G"
      },
      {
        "state": "SA",
        "price": "550",
        "price_per_unit": "138",
        "price_unit": "G"
      },
      {
        "state": "SA",
        "price": "550",
        "price_per_unit": "138",
        "price_unit": "G"
      },
      {
        "state": "TAS",
        "price": "550",
        "price_per_unit": "138",
        "price_unit": "G"
      },
      {
        "state": "TAS",
        "price": "550",
        "price_per_unit": "138",
        "price_unit": "G"
      },
      {
        "state": "ACT",
        "price": "550",
        "price_per_unit": "138",
        "price_unit": "G"
      },
      {
        "state": "ACT",
        "price": "550",
        "price_per_unit": "138",
        "price_unit": "G"
      },
      {
        "state": "NT",
        "price": "550",
        "price_per_unit": "138",
        "price_unit": "G"
      },
      {
        "state": "NT",
        "price": "550",
        "price_per_unit": "138",
        "price_unit": "G"
      }
    ]
  },
  {
    "source_url": "https://www.woolworths.com.au/shop/productdetails/155851/strength-meals-co-smoky-pea-and-ham-high-protein-soup",
    "name": "Strength Meals Co Smoky Pea And Ham High Protein Soup 400g",
    "image_url": "https://cdn1.woolworths.media/content/wowproductimages/large/155851.jpg",
    "source_id": "Woolworths - 155851",
    "barcode": "9319946006924",
    "shop": "Woolworths",
    "weight": "100G",
    "prices": [
      {
        "state": "NSW",
        "price": "550",
        "price_per_unit": "138",
        "price_unit": "G"
      },
      {
        "state": "NSW",
        "price": "550",
        "price_per_unit": "138",
        "price_unit": "G"
      },
      {
        "state": "VIC",
        "price": "550",
        "price_per_unit": "138",
        "price_unit": "G"
      },
      {
        "state": "VIC",
        "price": "550",
        "price_per_unit": "138",
        "price_unit": "G"
      },
      {
        "state": "QLD",
        "price": "550",
        "price_per_unit": "138",
        "price_unit": "G"
      },
      {
        "state": "QLD",
        "price": "550",
        "price_per_unit": "138",
        "price_unit": "G"
      },
      {
        "state": "WA",
        "price": "550",
        "price_per_unit": "138",
        "price_unit": "G"
      },
      {
        "state": "WA",
        "price": "550",
        "price_per_unit": "138",
        "price_unit": "G"
      },
      {
        "state": "SA",
        "price": "550",
        "price_per_unit": "138",
        "price_unit": "G"
      },
      {
        "state": "SA",
        "price": "550",
        "price_per_unit": "138",
        "price_unit": "G"
      },
      {
        "state": "TAS",
        "price": "550",
        "price_per_unit": "138",
        "price_unit": "G"
      },
      {
        "state": "TAS",
        "price": "550",
        "price_per_unit": "138",
        "price_unit": "G"
      },
      {
        "state": "ACT",
        "price": "550",
        "price_per_unit": "138",
        "price_unit": "G"
      },
      {
        "state": "ACT",
        "price": "550",
        "price_per_unit": "138",
        "price_unit": "G"
      },
      {
        "state": "NT",
        "price": "550",
        "price_per_unit": "138",
        "price_unit": "G"
      },
      {
        "state": "NT",
        "price": "550",
        "price_per_unit": "138",
        "price_unit": "G"
      }
    ]
  },
  {
    "source_url": "https://www.woolworths.com.au/shop/productdetails/155458/strength-meals-co-spiced-pumpkin-lentil-high-protein-soup",
    "name": "Strength Meals Co Spiced Pumpkin & Lentil High Protein Soup 400g",
    "image_url": "https://cdn1.woolworths.media/content/wowproductimages/large/155458.jpg",
    "source_id": "Woolworths - 155458",
    "barcode": "9319946006900",
    "shop": "Woolworths",
    "weight": "100G",
    "prices": [
      {
        "state": "NSW",
        "price": "550",
        "price_per_unit": "138",
        "price_unit": "G"
      },
      {
        "state": "NSW",
        "price": "550",
        "price_per_unit": "138",
        "price_unit": "G"
      },
      {
        "state": "QLD",
        "price": "550",
        "price_per_unit": "138",
        "price_unit": "G"
      },
      {
        "state": "QLD",
        "price": "550",
        "price_per_unit": "138",
        "price_unit": "G"
      },
      {
        "state": "WA",
        "price": "550",
        "price_per_unit": "138",
        "price_unit": "G"
      },
      {
        "state": "WA",
        "price": "550",
        "price_per_unit": "138",
        "price_unit": "G"
      },
      {
        "state": "SA",
        "price": "550",
        "price_per_unit": "138",
        "price_unit": "G"
      },
      {
        "state": "SA",
        "price": "550",
        "price_per_unit": "138",
        "price_unit": "G"
      },
      {
        "state": "TAS",
        "price": "550",
        "price_per_unit": "138",
        "price_unit": "G"
      },
      {
        "state": "TAS",
        "price": "550",
        "price_per_unit": "138",
        "price_unit": "G"
      },
      {
        "state": "ACT",
        "price": "550",
        "price_per_unit": "138",
        "price_unit": "G"
      },
      {
        "state": "ACT",
        "price": "550",
        "price_per_unit": "138",
        "price_unit": "G"
      },
      {
        "state": "NT",
        "price": "550",
        "price_per_unit": "138",
        "price_unit": "G"
      },
      {
        "state": "NT",
        "price": "550",
        "price_per_unit": "138",
        "price_unit": "G"
      }
    ]
  },
  {
    "source_url": "https://www.woolworths.com.au/shop/productdetails/744854/woolworths-chicken-vegetable-soup-low-fat",
    "name": "Woolworths Chicken & Vegetable Soup Low Fat 300g",
    "image_url": "https://cdn1.woolworths.media/content/wowproductimages/large/744854.jpg",
    "source_id": "Woolworths - 744854",
    "barcode": "9300633369576",
    "shop": "Woolworths",
    "weight": "100G",
    "prices": [
      {
        "state": "NSW",
        "price": "400",
        "price_per_unit": "133",
        "price_unit": "G"
      },
      {
        "state": "NSW",
        "price": "400",
        "price_per_unit": "133",
        "price_unit": "G"
      },
      {
        "state": "VIC",
        "price": "400",
        "price_per_unit": "133",
        "price_unit": "G"
      },
      {
        "state": "VIC",
        "price": "400",
        "price_per_unit": "133",
        "price_unit": "G"
      },
      {
        "state": "QLD",
        "price": "400",
        "price_per_unit": "133",
        "price_unit": "G"
      },
      {
        "state": "QLD",
        "price": "400",
        "price_per_unit": "133",
        "price_unit": "G"
      },
      {
        "state": "WA",
        "price": "400",
        "price_per_unit": "133",
        "price_unit": "G"
      },
      {
        "state": "WA",
        "price": "400",
        "price_per_unit": "133",
        "price_unit": "G"
      },
      {
        "state": "SA",
        "price": "400",
        "price_per_unit": "133",
        "price_unit": "G"
      },
      {
        "state": "SA",
        "price": "400",
        "price_per_unit": "133",
        "price_unit": "G"
      },
      {
        "state": "TAS",
        "price": "400",
        "price_per_unit": "133",
        "price_unit": "G"
      },
      {
        "state": "TAS",
        "price": "400",
        "price_per_unit": "133",
        "price_unit": "G"
      },
      {
        "state": "ACT",
        "price": "400",
        "price_per_unit": "133",
        "price_unit": "G"
      },
      {
        "state": "ACT",
        "price": "400",
        "price_per_unit": "133",
        "price_unit": "G"
      },
      {
        "state": "NT",
        "price": "400",
        "price_per_unit": "133",
        "price_unit": "G"
      },
      {
        "state": "NT",
        "price": "400",
        "price_per_unit": "133",
        "price_unit": "G"
      }
    ]
  },
  {
    "source_url": "https://www.woolworths.com.au/shop/productdetails/79405/woolworths-chunky-vegetable-soup",
    "name": "Woolworths Chunky Vegetable Soup 300g",
    "image_url": "https://cdn1.woolworths.media/content/wowproductimages/large/079405.jpg",
    "source_id": "Woolworths - 79405",
    "barcode": "9339687153695",
    "shop": "Woolworths",
    "weight": "100G",
    "prices": [
      {
        "state": "NSW",
        "price": "400",
        "price_per_unit": "133",
        "price_unit": "G"
      },
      {
        "state": "NSW",
        "price": "400",
        "price_per_unit": "133",
        "price_unit": "G"
      },
      {
        "state": "QLD",
        "price": "400",
        "price_per_unit": "133",
        "price_unit": "G"
      },
      {
        "state": "QLD",
        "price": "400",
        "price_per_unit": "133",
        "price_unit": "G"
      },
      {
        "state": "WA",
        "price": "400",
        "price_per_unit": "133",
        "price_unit": "G"
      },
      {
        "state": "WA",
        "price": "400",
        "price_per_unit": "133",
        "price_unit": "G"
      },
      {
        "state": "SA",
        "price": "400",
        "price_per_unit": "133",
        "price_unit": "G"
      },
      {
        "state": "SA",
        "price": "400",
        "price_per_unit": "133",
        "price_unit": "G"
      },
      {
        "state": "TAS",
        "price": "400",
        "price_per_unit": "133",
        "price_unit": "G"
      },
      {
        "state": "TAS",
        "price": "400",
        "price_per_unit": "133",
        "price_unit": "G"
      },
      {
        "state": "ACT",
        "price": "400",
        "price_per_unit": "133",
        "price_unit": "G"
      },
      {
        "state": "ACT",
        "price": "400",
        "price_per_unit": "133",
        "price_unit": "G"
      },
      {
        "state": "NT",
        "price": "400",
        "price_per_unit": "133",
        "price_unit": "G"
      },
      {
        "state": "NT",
        "price": "400",
        "price_per_unit": "133",
        "price_unit": "G"
      }
    ]
  },
  {
    "source_url": "https://www.woolworths.com.au/shop/productdetails/744840/woolworths-fresh-chicken-corn-soup-asian-style",
    "name": "Woolworths Fresh Chicken & Corn Soup Asian Style 300g",
    "image_url": "https://cdn1.woolworths.media/content/wowproductimages/large/744840.jpg",
    "source_id": "Woolworths - 744840",
    "barcode": "9300633369552",
    "shop": "Woolworths",
    "weight": "100G",
    "prices": [
      {
        "state": "NSW",
        "price": "400",
        "price_per_unit": "133",
        "price_unit": "G"
      },
      {
        "state": "NSW",
        "price": "400",
        "price_per_unit": "133",
        "price_unit": "G"
      },
      {
        "state": "QLD",
        "price": "400",
        "price_per_unit": "133",
        "price_unit": "G"
      },
      {
        "state": "QLD",
        "price": "400",
        "price_per_unit": "133",
        "price_unit": "G"
      },
      {
        "state": "WA",
        "price": "400",
        "price_per_unit": "133",
        "price_unit": "G"
      },
      {
        "state": "WA",
        "price": "400",
        "price_per_unit": "133",
        "price_unit": "G"
      },
      {
        "state": "SA",
        "price": "400",
        "price_per_unit": "133",
        "price_unit": "G"
      },
      {
        "state": "SA",
        "price": "400",
        "price_per_unit": "133",
        "price_unit": "G"
      },
      {
        "state": "TAS",
        "price": "400",
        "price_per_unit": "133",
        "price_unit": "G"
      },
      {
        "state": "TAS",
        "price": "400",
        "price_per_unit": "133",
        "price_unit": "G"
      },
      {
        "state": "ACT",
        "price": "400",
        "price_per_unit": "133",
        "price_unit": "G"
      },
      {
        "state": "ACT",
        "price": "400",
        "price_per_unit": "133",
        "price_unit": "G"
      },
      {
        "state": "NT",
        "price": "400",
        "price_per_unit": "133",
        "price_unit": "G"
      },
      {
        "state": "NT",
        "price": "400",
        "price_per_unit": "133",
        "price_unit": "G"
      }
    ]
  },
  {
    "source_url": "https://www.woolworths.com.au/shop/productdetails/421118/woolworths-fresh-chicken-noodle-soup",
    "name": "Woolworths Fresh Chicken Noodle Soup 300g",
    "image_url": "https://cdn1.woolworths.media/content/wowproductimages/large/421118.jpg",
    "source_id": "Woolworths - 421118",
    "barcode": "9300633578503",
    "shop": "Woolworths",
    "weight": "100G",
    "prices": [
      {
        "state": "NSW",
        "price": "400",
        "price_per_unit": "133",
        "price_unit": "G"
      },
      {
        "state": "NSW",
        "price": "400",
        "price_per_unit": "133",
        "price_unit": "G"
      },
      {
        "state": "VIC",
        "price": "400",
        "price_per_unit": "133",
        "price_unit": "G"
      },
      {
        "state": "VIC",
        "price": "400",
        "price_per_unit": "133",
        "price_unit": "G"
      },
      {
        "state": "QLD",
        "price": "400",
        "price_per_unit": "133",
        "price_unit": "G"
      },
      {
        "state": "QLD",
        "price": "400",
        "price_per_unit": "133",
        "price_unit": "G"
      },
      {
        "state": "WA",
        "price": "400",
        "price_per_unit": "133",
        "price_unit": "G"
      },
      {
        "state": "WA",
        "price": "400",
        "price_per_unit": "133",
        "price_unit": "G"
      },
      {
        "state": "SA",
        "price": "400",
        "price_per_unit": "133",
        "price_unit": "G"
      },
      {
        "state": "SA",
        "price": "400",
        "price_per_unit": "133",
        "price_unit": "G"
      },
      {
        "state": "TAS",
        "price": "400",
        "price_per_unit": "133",
        "price_unit": "G"
      },
      {
        "state": "TAS",
        "price": "400",
        "price_per_unit": "133",
        "price_unit": "G"
      },
      {
        "state": "ACT",
        "price": "400",
        "price_per_unit": "133",
        "price_unit": "G"
      },
      {
        "state": "ACT",
        "price": "400",
        "price_per_unit": "133",
        "price_unit": "G"
      },
      {
        "state": "NT",
        "price": "400",
        "price_per_unit": "133",
        "price_unit": "G"
      },
      {
        "state": "NT",
        "price": "400",
        "price_per_unit": "133",
        "price_unit": "G"
      }
    ]
  },
  {
    "source_url": "https://www.woolworths.com.au/shop/productdetails/744855/woolworths-fresh-creamy-pumpkin-soup",
    "name": "Woolworths Fresh Creamy Pumpkin Soup 300g",
    "image_url": "https://cdn1.woolworths.media/content/wowproductimages/large/744855.jpg",
    "source_id": "Woolworths - 744855",
    "barcode": "9300633369583",
    "shop": "Woolworths",
    "weight": "100G",
    "prices": [
      {
        "state": "NSW",
        "price": "400",
        "price_per_unit": "133",
        "price_unit": "G"
      },
      {
        "state": "NSW",
        "price": "400",
        "price_per_unit": "133",
        "price_unit": "G"
      },
      {
        "state": "VIC",
        "price": "400",
        "price_per_unit": "133",
        "price_unit": "G"
      },
      {
        "state": "VIC",
        "price": "400",
        "price_per_unit": "133",
        "price_unit": "G"
      },
      {
        "state": "QLD",
        "price": "400",
        "price_per_unit": "133",
        "price_unit": "G"
      },
      {
        "state": "QLD",
        "price": "400",
        "price_per_unit": "133",
        "price_unit": "G"
      },
      {
        "state": "WA",
        "price": "400",
        "price_per_unit": "133",
        "price_unit": "G"
      },
      {
        "state": "WA",
        "price": "400",
        "price_per_unit": "133",
        "price_unit": "G"
      },
      {
        "state": "SA",
        "price": "400",
        "price_per_unit": "133",
        "price_unit": "G"
      },
      {
        "state": "SA",
        "price": "400",
        "price_per_unit": "133",
        "price_unit": "G"
      },
      {
        "state": "TAS",
        "price": "400",
        "price_per_unit": "133",
        "price_unit": "G"
      },
      {
        "state": "TAS",
        "price": "400",
        "price_per_unit": "133",
        "price_unit": "G"
      },
      {
        "state": "ACT",
        "price": "400",
        "price_per_unit": "133",
        "price_unit": "G"
      },
      {
        "state": "ACT",
        "price": "400",
        "price_per_unit": "133",
        "price_unit": "G"
      },
      {
        "state": "NT",
        "price": "400",
        "price_per_unit": "133",
        "price_unit": "G"
      },
      {
        "state": "NT",
        "price": "400",
        "price_per_unit": "133",
        "price_unit": "G"
      }
    ]
  },
  {
    "source_url": "https://www.woolworths.com.au/shop/productdetails/744838/woolworths-fresh-minestrone-soup-low-fat",
    "name": "Woolworths Fresh Minestrone Soup Low Fat 300g",
    "image_url": "https://cdn1.woolworths.media/content/wowproductimages/large/744838.jpg",
    "source_id": "Woolworths - 744838",
    "barcode": "9300633369545",
    "shop": "Woolworths",
    "weight": "100G",
    "prices": [
      {
        "state": "NSW",
        "price": "400",
        "price_per_unit": "133",
        "price_unit": "G"
      },
      {
        "state": "NSW",
        "price": "400",
        "price_per_unit": "133",
        "price_unit": "G"
      },
      {
        "state": "QLD",
        "price": "400",
        "price_per_unit": "133",
        "price_unit": "G"
      },
      {
        "state": "QLD",
        "price": "400",
        "price_per_unit": "133",
        "price_unit": "G"
      },
      {
        "state": "WA",
        "price": "400",
        "price_per_unit": "133",
        "price_unit": "G"
      },
      {
        "state": "WA",
        "price": "400",
        "price_per_unit": "133",
        "price_unit": "G"
      },
      {
        "state": "SA",
        "price": "400",
        "price_per_unit": "133",
        "price_unit": "G"
      },
      {
        "state": "SA",
        "price": "400",
        "price_per_unit": "133",
        "price_unit": "G"
      },
      {
        "state": "TAS",
        "price": "400",
        "price_per_unit": "133",
        "price_unit": "G"
      },
      {
        "state": "TAS",
        "price": "400",
        "price_per_unit": "133",
        "price_unit": "G"
      },
      {
        "state": "ACT",
        "price": "400",
        "price_per_unit": "133",
        "price_unit": "G"
      },
      {
        "state": "ACT",
        "price": "400",
        "price_per_unit": "133",
        "price_unit": "G"
      },
      {
        "state": "NT",
        "price": "400",
        "price_per_unit": "133",
        "price_unit": "G"
      },
      {
        "state": "NT",
        "price": "400",
        "price_per_unit": "133",
        "price_unit": "G"
      }
    ]
  },
  {
    "source_url": "https://www.woolworths.com.au/shop/productdetails/778327/woolworths-fresh-pea-ham-soup",
    "name": "Woolworths Fresh Pea & Ham Soup 300g",
    "image_url": "https://cdn1.woolworths.media/content/wowproductimages/large/778327.jpg",
    "source_id": "Woolworths - 778327",
    "barcode": "9300633472429",
    "shop": "Woolworths",
    "weight": "100G",
    "prices": [
      {
        "state": "NSW",
        "price": "400",
        "price_per_unit": "133",
        "price_unit": "G"
      },
      {
        "state": "NSW",
        "price": "400",
        "price_per_unit": "133",
        "price_unit": "G"
      },
      {
        "state": "QLD",
        "price": "400",
        "price_per_unit": "133",
        "price_unit": "G"
      },
      {
        "state": "QLD",
        "price": "400",
        "price_per_unit": "133",
        "price_unit": "G"
      },
      {
        "state": "WA",
        "price": "400",
        "price_per_unit": "133",
        "price_unit": "G"
      },
      {
        "state": "WA",
        "price": "400",
        "price_per_unit": "133",
        "price_unit": "G"
      },
      {
        "state": "SA",
        "price": "400",
        "price_per_unit": "133",
        "price_unit": "G"
      },
      {
        "state": "SA",
        "price": "400",
        "price_per_unit": "133",
        "price_unit": "G"
      },
      {
        "state": "TAS",
        "price": "400",
        "price_per_unit": "133",
        "price_unit": "G"
      },
      {
        "state": "TAS",
        "price": "400",
        "price_per_unit": "133",
        "price_unit": "G"
      },
      {
        "state": "ACT",
        "price": "400",
        "price_per_unit": "133",
        "price_unit": "G"
      },
      {
        "state": "ACT",
        "price": "400",
        "price_per_unit": "133",
        "price_unit": "G"
      },
      {
        "state": "NT",
        "price": "400",
        "price_per_unit": "133",
        "price_unit": "G"
      },
      {
        "state": "NT",
        "price": "400",
        "price_per_unit": "133",
        "price_unit": "G"
      }
    ]
  },
  {
    "source_url": "https://www.woolworths.com.au/shop/productdetails/412367/woolworths-potato-leek-soup",
    "name": "Woolworths Potato & Leek Soup 300g",
    "image_url": "https://cdn1.woolworths.media/content/wowproductimages/large/412367.jpg",
    "source_id": "Woolworths - 412367",
    "barcode": "9300633538217",
    "shop": "Woolworths",
    "weight": "100G",
    "prices": [
      {
        "state": "NSW",
        "price": "400",
        "price_per_unit": "133",
        "price_unit": "G"
      },
      {
        "state": "NSW",
        "price": "400",
        "price_per_unit": "133",
        "price_unit": "G"
      },
      {
        "state": "VIC",
        "price": "400",
        "price_per_unit": "133",
        "price_unit": "G"
      },
      {
        "state": "VIC",
        "price": "400",
        "price_per_unit": "133",
        "price_unit": "G"
      },
      {
        "state": "QLD",
        "price": "400",
        "price_per_unit": "133",
        "price_unit": "G"
      },
      {
        "state": "QLD",
        "price": "400",
        "price_per_unit": "133",
        "price_unit": "G"
      },
      {
        "state": "WA",
        "price": "400",
        "price_per_unit": "133",
        "price_unit": "G"
      },
      {
        "state": "WA",
        "price": "400",
        "price_per_unit": "133",
        "price_unit": "G"
      },
      {
        "state": "SA",
        "price": "400",
        "price_per_unit": "133",
        "price_unit": "G"
      },
      {
        "state": "SA",
        "price": "400",
        "price_per_unit": "133",
        "price_unit": "G"
      },
      {
        "state": "TAS",
        "price": "400",
        "price_per_unit": "133",
        "price_unit": "G"
      },
      {
        "state": "TAS",
        "price": "400",
        "price_per_unit": "133",
        "price_unit": "G"
      },
      {
        "state": "ACT",
        "price": "400",
        "price_per_unit": "133",
        "price_unit": "G"
      },
      {
        "state": "ACT",
        "price": "400",
        "price_per_unit": "133",
        "price_unit": "G"
      },
      {
        "state": "NT",
        "price": "400",
        "price_per_unit": "133",
        "price_unit": "G"
      },
      {
        "state": "NT",
        "price": "400",
        "price_per_unit": "133",
        "price_unit": "G"
      }
    ]
  }
]