[
  {
    "source_url": "https://www.woolworths.com.au/shop/productdetails/154473/bodalla-gumleaf-smoked-cheddar",
    "name": "Bodalla Gumleaf Smoked Cheddar 150g",
    "image_url": "https://cdn1.woolworths.media/content/wowproductimages/large/154473.jpg",
    "source_id": "Woolworths - 154473",
    "barcode": "9347205001816",
    "shop": "Woolworths",
    "weight": "1KG",
    "prices": [
      {
        "state": "NSW",
        "price": "880",
        "price_per_unit": "5867",
        "price_unit": "KG"
      },
      {
        "state": "NSW",
        "price": "880",
        "price_per_unit": "5867",
        "price_unit": "KG"
      }
    ]
  },
  {
    "source_url": "https://www.woolworths.com.au/shop/productdetails/153371/bodalla-tasmanian-pepperberry-cheddar",
    "name": "Bodalla Tasmanian Pepperberry Cheddar 150g",
    "image_url": "https://cdn1.woolworths.media/content/wowproductimages/large/153371.jpg",
    "source_id": "Woolworths - 153371",
    "barcode": "9347205001823",
    "shop": "Woolworths",
    "weight": "1KG",
    "prices": [
      {
        "state": "NSW",
        "price": "880",
        "price_per_unit": "5867",
        "price_unit": "KG"
      },
      {
        "state": "NSW",
        "price": "880",
        "price_per_unit": "5867",
        "price_unit": "KG"
      }
    ]
  },
  {
    "source_url": "https://www.woolworths.com.au/shop/productdetails/67699/castello-aged-havarti-cheese-block",
    "name": "Castello Aged Havarti Cheese Block 200g",
    "image_url": "https://cdn1.woolworths.media/content/wowproductimages/large/067699.jpg",
    "source_id": "Woolworths - 67699",
    "barcode": "5711953088537",
    "shop": "Woolworths",
    "weight": "1KG",
    "prices": [
      {
        "state": "NSW",
        "price": "800",
        "price_per_unit": "4000",
        "price_unit": "KG"
      },
      {
        "state": "NSW",
        "price": "800",
        "price_per_unit": "4000",
        "price_unit": "KG"
      },
      {
        "state": "QLD",
        "price": "800",
        "price_per_unit": "4000",
        "price_unit": "KG"
      },
      {
        "state": "QLD",
        "price": "800",
        "price_per_unit": "4000",
        "price_unit": "KG"
      },
      {
        "state": "SA",
        "price": "800",
        "price_per_unit": "4000",
        "price_unit": "KG"
      },
      {
        "state": "SA",
        "price": "800",
        "price_per_unit": "4000",
        "price_unit": "KG"
      },
      {
        "state": "NT",
        "price": "800",
        "price_per_unit": "4000",
        "price_unit": "KG"
      },
      {
        "state": "NT",
        "price": "800",
        "price_per_unit": "4000",
        "price_unit": "KG"
      }
    ]
  },
  {
    "source_url": "https://www.woolworths.com.au/shop/productdetails/48824/castello-blue-cheese-creamy",
    "name": "Castello Blue Cheese Creamy 150g",
    "image_url": "https://cdn1.woolworths.media/content/wowproductimages/large/048824.jpg",
    "source_id": "Woolworths - 48824",
    "barcode": "5740200001012",
    "shop": "Woolworths",
    "weight": "1KG",
    "prices": [
      {
        "state": "NSW",
        "price": "750",
        "price_per_unit": "5000",
        "price_unit": "KG"
      },
      {
        "state": "NSW",
        "price": "750",
        "price_per_unit": "5000",
        "price_unit": "KG"
      },
      {
        "state": "VIC",
        "price": "750",
        "price_per_unit": "5000",
        "price_unit": "KG"
      },
      {
        "state": "VIC",
        "price": "750",
        "price_per_unit": "5000",
        "price_unit": "KG"
      },
      {
        "state": "QLD",
        "price": "750",
        "price_per_unit": "5000",
        "price_unit": "KG"
      },
      {
        "state": "QLD",
        "price": "750",
        "price_per_unit": "5000",
        "price_unit": "KG"
      },
      {
        "state": "WA",
        "price": "750",
        "price_per_unit": "5000",
        "price_unit": "KG"
      },
      {
        "state": "WA",
        "price": "750",
        "price_per_unit": "5000",
        "price_unit": "KG"
      },
      {
        "state": "SA",
        "price": "750",
        "price_per_unit": "5000",
        "price_unit": "KG"
      },
      {
        "state": "SA",
        "price": "750",
        "price_per_unit": "5000",
        "price_unit": "KG"
      },
      {
        "state": "TAS",
        "price": "750",
        "price_per_unit": "5000",
        "price_unit": "KG"
      },
      {
        "state": "TAS",
        "price": "750",
        "price_per_unit": "5000",
        "price_unit": "KG"
      },
      {
        "state": "ACT",
        "price": "750",
        "price_per_unit": "5000",
        "price_unit": "KG"
      },
      {
        "state": "ACT",
        "price": "750",
        "price_per_unit": "5000",
        "price_unit": "KG"
      },
      {
        "state": "NT",
        "price": "750",
        "price_per_unit": "5000",
        "price_unit": "KG"
      },
      {
        "state": "NT",
        "price": "750",
        "price_per_unit": "5000",
        "price_unit": "KG"
      }
    ]
  },
  {
    "source_url": "https://www.woolworths.com.au/shop/productdetails/48920/castello-brie-double-cream",
    "name": "Castello Brie Double Cream 150g",
    "image_url": "https://cdn1.woolworths.media/content/wowproductimages/large/048920.jpg",
    "source_id": "Woolworths - 48920",
    "barcode": "5740200017013",
    "shop": "Woolworths",
    "weight": "1KG",
    "prices": [
      {
        "state": "NSW",
        "price": "750",
        "price_per_unit": "5000",
        "price_unit": "KG"
      },
      {
        "state": "NSW",
        "price": "750",
        "price_per_unit": "5000",
        "price_unit": "KG"
      },
      {
        "state": "VIC",
        "price": "750",
        "price_per_unit": "5000",
        "price_unit": "KG"
      },
      {
        "state": "VIC",
        "price": "750",
        "price_per_unit": "5000",
        "price_unit": "KG"
      },
      {
        "state": "QLD",
        "price": "750",
        "price_per_unit": "5000",
        "price_unit": "KG"
      },
      {
        "state": "QLD",
        "price": "750",
        "price_per_unit": "5000",
        "price_unit": "KG"
      },
      {
        "state": "WA",
        "price": "750",
        "price_per_unit": "5000",
        "price_unit": "KG"
      },
      {
        "state": "WA",
        "price": "750",
        "price_per_unit": "5000",
        "price_unit": "KG"
      },
      {
        "state": "SA",
        "price": "750",
        "price_per_unit": "5000",
        "price_unit": "KG"
      },
      {
        "state": "SA",
        "price": "750",
        "price_per_unit": "5000",
        "price_unit": "KG"
      },
      {
        "state": "TAS",
        "price": "750",
        "price_per_unit": "5000",
        "price_unit": "KG"
      },
      {
        "state": "TAS",
        "price": "750",
        "price_per_unit": "5000",
        "price_unit": "KG"
      },
      {
        "state": "ACT",
        "price": "750",
        "price_per_unit": "5000",
        "price_unit": "KG"
      },
      {
        "state": "ACT",
        "price": "750",
        "price_per_unit": "5000",
        "price_unit": "KG"
      }
    ]
  },
  {
    "source_url": "https://www.woolworths.com.au/shop/productdetails/684255/castello-creamy-havarti",
    "name": "Castello Creamy Havarti 200g",
    "image_url": "https://cdn1.woolworths.media/content/wowproductimages/large/684255.jpg",
    "source_id": "Woolworths - 684255",
    "barcode": "5711953066283",
    "shop": "Woolworths",
    "weight": "1KG",
    "prices": [
      {
        "state": "NSW",
        "price": "800",
        "price_per_unit": "4000",
        "price_unit": "KG"
      },
      {
        "state": "NSW",
        "price": "800",
        "price_per_unit": "4000",
        "price_unit": "KG"
      },
      {
        "state": "VIC",
        "price": "800",
        "price_per_unit": "4000",
        "price_unit": "KG"
      },
      {
        "state": "VIC",
        "price": "800",
        "price_per_unit": "4000",
        "price_unit": "KG"
      },
      {
        "state": "QLD",
        "price": "800",
        "price_per_unit": "4000",
        "price_unit": "KG"
      },
      {
        "state": "QLD",
        "price": "800",
        "price_per_unit": "4000",
        "price_unit": "KG"
      },
      {
        "state": "WA",
        "price": "800",
        "price_per_unit": "4000",
        "price_unit": "KG"
      },
      {
        "state": "WA",
        "price": "800",
        "price_per_unit": "4000",
        "price_unit": "KG"
      },
      {
        "state": "SA",
        "price": "800",
        "price_per_unit": "4000",
        "price_unit": "KG"
      },
      {
        "state": "SA",
        "price": "800",
        "price_per_unit": "4000",
        "price_unit": "KG"
      },
      {
        "state": "TAS",
        "price": "800",
        "price_per_unit": "4000",
        "price_unit": "KG"
      },
      {
        "state": "TAS",
        "price": "800",
        "price_per_unit": "4000",
        "price_unit": "KG"
      },
      {
        "state": "ACT",
        "price": "800",
        "price_per_unit": "4000",
        "price_unit": "KG"
      },
      {
        "state": "ACT",
        "price": "800",
        "price_per_unit": "4000",
        "price_unit": "KG"
      },
      {
        "state": "NT",
        "price": "800",
        "price_per_unit": "4000",
        "price_unit": "KG"
      },
      {
        "state": "NT",
        "price": "800",
        "price_per_unit": "4000",
        "price_unit": "KG"
      }
    ]
  },
  {
    "source_url": "https://www.woolworths.com.au/shop/productdetails/154015/castello-double-cream-pink-pepper",
    "name": "Castello Double Cream Pink Pepper 150g",
    "image_url": "https://cdn1.woolworths.media/content/wowproductimages/large/154015.jpg",
    "source_id": "Woolworths - 154015",
    "barcode": "5711953123177",
    "shop": "Woolworths",
    "weight": "1KG",
    "prices": [
      {
        "state": "NSW",
        "price": "750",
        "price_per_unit": "5000",
        "price_unit": "KG"
      },
      {
        "state": "NSW",
        "price": "750",
        "price_per_unit": "5000",
        "price_unit": "KG"
      },
      {
        "state": "VIC",
        "price": "750",
        "price_per_unit": "5000",
        "price_unit": "KG"
      },
      {
        "state": "VIC",
        "price": "750",
        "price_per_unit": "5000",
        "price_unit": "KG"
      },
      {
        "state": "QLD",
        "price": "750",
        "price_per_unit": "5000",
        "price_unit": "KG"
      },
      {
        "state": "QLD",
        "price": "750",
        "price_per_unit": "5000",
        "price_unit": "KG"
      },
      {
        "state": "SA",
        "price": "750",
        "price_per_unit": "5000",
        "price_unit": "KG"
      },
      {
        "state": "SA",
        "price": "750",
        "price_per_unit": "5000",
        "price_unit": "KG"
      },
      {
        "state": "TAS",
        "price": "750",
        "price_per_unit": "5000",
        "price_unit": "KG"
      },
      {
        "state": "TAS",
        "price": "750",
        "price_per_unit": "5000",
        "price_unit": "KG"
      },
      {
        "state": "ACT",
        "price": "750",
        "price_per_unit": "5000",
        "price_unit": "KG"
      },
      {
        "state": "ACT",
        "price": "750",
        "price_per_unit": "5000",
        "price_unit": "KG"
      }
    ]
  },
  {
    "source_url": "https://www.woolworths.com.au/shop/productdetails/964767/castello-double-cream-truffle",
    "name": "Castello Double Cream Truffle Brie 150g",
    "image_url": "https://cdn1.woolworths.media/content/wowproductimages/large/964767.jpg",
    "source_id": "Woolworths - 964767",
    "barcode": "5711953036477",
    "shop": "Woolworths",
    "weight": "1KG",
    "prices": [
      {
        "state": "NSW",
        "price": "800",
        "price_per_unit": "5333",
        "price_unit": "KG"
      },
      {
        "state": "NSW",
        "price": "800",
        "price_per_unit": "5333",
        "price_unit": "KG"
      },
      {
        "state": "VIC",
        "price": "800",
        "price_per_unit": "5333",
        "price_unit": "KG"
      },
      {
        "state": "VIC",
        "price": "800",
        "price_per_unit": "5333",
        "price_unit": "KG"
      },
      {
        "state": "QLD",
        "price": "800",
        "price_per_unit": "5333",
        "price_unit": "KG"
      },
      {
        "state": "QLD",
        "price": "800",
        "price_per_unit": "5333",
        "price_unit": "KG"
      },
      {
        "state": "WA",
        "price": "800",
        "price_per_unit": "5333",
        "price_unit": "KG"
      },
      {
        "state": "WA",
        "price": "800",
        "price_per_unit": "5333",
        "price_unit": "KG"
      },
      {
        "state": "SA",
        "price": "800",
        "price_per_unit": "5333",
        "price_unit": "KG"
      },
      {
        "state": "SA",
        "price": "800",
        "price_per_unit": "5333",
        "price_unit": "KG"
      },
      {
        "state": "TAS",
        "price": "800",
        "price_per_unit": "5333",
        "price_unit": "KG"
      },
      {
        "state": "TAS",
        "price": "800",
        "price_per_unit": "5333",
        "price_unit": "KG"
      },
      {
        "state": "ACT",
        "price": "800",
        "price_per_unit": "5333",
        "price_unit": "KG"
      },
      {
        "state": "ACT",
        "price": "800",
        "price_per_unit": "5333",
        "price_unit": "KG"
      },
      {
        "state": "NT",
        "price": "800",
        "price_per_unit": "5333",
        "price_unit": "KG"
      },
      {
        "state": "NT",
        "price": "800",
        "price_per_unit": "5333",
        "price_unit": "KG"
      }
    ]
  },
  {
    "source_url": "https://www.woolworths.com.au/shop/productdetails/483553/castello-extra-creamy-brie",
    "name": "Castello Extra Creamy Brie 200g",
    "image_url": "https://cdn1.woolworths.media/content/wowproductimages/large/483553.jpg",
    "source_id": "Woolworths - 483553",
    "barcode": "5711953158681",
    "shop": "Woolworths",
    "weight": "1KG",
    "prices": [
      {
        "state": "NSW",
        "price": "1000",
        "price_per_unit": "5000",
        "price_unit": "KG"
      },
      {
        "state": "NSW",
        "price": "1000",
        "price_per_unit": "5000",
        "price_unit": "KG"
      },
      {
        "state": "VIC",
        "price": "1000",
        "price_per_unit": "5000",
        "price_unit": "KG"
      },
      {
        "state": "VIC",
        "price": "1000",
        "price_per_unit": "5000",
        "price_unit": "KG"
      },
      {
        "state": "QLD",
        "price": "1000",
        "price_per_unit": "5000",
        "price_unit": "KG"
      },
      {
        "state": "QLD",
        "price": "1000",
        "price_per_unit": "5000",
        "price_unit": "KG"
      },
      {
        "state": "WA",
        "price": "1000",
        "price_per_unit": "5000",
        "price_unit": "KG"
      },
      {
        "state": "WA",
        "price": "1000",
        "price_per_unit": "5000",
        "price_unit": "KG"
      },
      {
        "state": "SA",
        "price": "1000",
        "price_per_unit": "5000",
        "price_unit": "KG"
      },
      {
        "state": "SA",
        "price": "1000",
        "price_per_unit": "5000",
        "price_unit": "KG"
      },
      {
        "state": "TAS",
        "price": "1000",
        "price_per_unit": "5000",
        "price_unit": "KG"
      },
      {
        "state": "TAS",
        "price": "1000",
        "price_per_unit": "5000",
        "price_unit": "KG"
      },
      {
        "state": "ACT",
        "price": "1000",
        "price_per_unit": "5000",
        "price_unit": "KG"
      },
      {
        "state": "ACT",
        "price": "1000",
        "price_per_unit": "5000",
        "price_unit": "KG"
      },
      {
        "state": "NT",
        "price": "1000",
        "price_per_unit": "5000",
        "price_unit": "KG"
      },
      {
        "state": "NT",
        "price": "1000",
        "price_per_unit": "5000",
        "price_unit": "KG"
      }
    ]
  },
  {
    "source_url": "https://www.woolworths.com.au/shop/productdetails/308976/castello-extra-creamy-mild-blue-cheese",
    "name": "Castello Extra Creamy Mild Blue Cheese 100g",
    "image_url": "https://cdn1.woolworths.media/content/wowproductimages/large/308976.jpg",
    "source_id": "Woolworths - 308976",
    "barcode": "5760466881623",
    "shop": "Woolworths",
    "weight": "1KG",
    "prices": [
      {
        "state": "NSW",
        "price": "450",
        "price_per_unit": "4500",
        "price_unit": "KG"
      },
      {
        "state": "NSW",
        "price": "450",
        "price_per_unit": "4500",
        "price_unit": "KG"
      },
      {
        "state": "VIC",
        "price": "450",
        "price_per_unit": "4500",
        "price_unit": "KG"
      },
      {
        "state": "VIC",
        "price": "450",
        "price_per_unit": "4500",
        "price_unit": "KG"
      },
      {
        "state": "QLD",
        "price": "450",
        "price_per_unit": "4500",
        "price_unit": "KG"
      },
      {
        "state": "QLD",
        "price": "450",
        "price_per_unit": "4500",
        "price_unit": "KG"
      },
      {
        "state": "WA",
        "price": "450",
        "price_per_unit": "4500",
        "price_unit": "KG"
      },
      {
        "state": "WA",
        "price": "450",
        "price_per_unit": "4500",
        "price_unit": "KG"
      },
      {
        "state": "SA",
        "price": "450",
        "price_per_unit": "4500",
        "price_unit": "KG"
      },
      {
        "state": "SA",
        "price": "450",
        "price_per_unit": "4500",
        "price_unit": "KG"
      },
      {
        "state": "TAS",
        "price": "450",
        "price_per_unit": "4500",
        "price_unit": "KG"
      },
      {
        "state": "TAS",
        "price": "450",
        "price_per_unit": "4500",
        "price_unit": "KG"
      },
      {
        "state": "ACT",
        "price": "450",
        "price_per_unit": "4500",
        "price_unit": "KG"
      },
      {
        "state": "ACT",
        "price": "450",
        "price_per_unit": "4500",
        "price_unit": "KG"
      },
      {
        "state": "NT",
        "price": "450",
        "price_per_unit": "4500",
        "price_unit": "KG"
      },
      {
        "state": "NT",
        "price": "450",
        "price_per_unit": "4500",
        "price_unit": "KG"
      }
    ]
  },
  {
    "source_url": "https://www.woolworths.com.au/shop/productdetails/318494/castello-goat-cheese-log",
    "name": "Castello Goat Cheese Log 110g",
    "image_url": "https://cdn1.woolworths.media/content/wowproductimages/large/318494.jpg",
    "source_id": "Woolworths - 318494",
    "barcode": "9310677002407",
    "shop": "Woolworths",
    "weight": "1KG",
    "prices": [
      {
        "state": "NSW",
        "price": "570",
        "price_per_unit": "5182",
        "price_unit": "KG"
      },
      {
        "state": "NSW",
        "price": "570",
        "price_per_unit": "5182",
        "price_unit": "KG"
      },
      {
        "state": "VIC",
        "price": "570",
        "price_per_unit": "5182",
        "price_unit": "KG"
      },
      {
        "state": "VIC",
        "price": "570",
        "price_per_unit": "5182",
        "price_unit": "KG"
      },
      {
        "state": "QLD",
        "price": "570",
        "price_per_unit": "5182",
        "price_unit": "KG"
      },
      {
        "state": "QLD",
        "price": "570",
        "price_per_unit": "5182",
        "price_unit": "KG"
      },
      {
        "state": "WA",
        "price": "570",
        "price_per_unit": "5182",
        "price_unit": "KG"
      },
      {
        "state": "WA",
        "price": "570",
        "price_per_unit": "5182",
        "price_unit": "KG"
      },
      {
        "state": "SA",
        "price": "570",
        "price_per_unit": "5182",
        "price_unit": "KG"
      },
      {
        "state": "SA",
        "price": "570",
        "price_per_unit": "5182",
        "price_unit": "KG"
      },
      {
        "state": "TAS",
        "price": "570",
        "price_per_unit": "5182",
        "price_unit": "KG"
      },
      {
        "state": "TAS",
        "price": "570",
        "price_per_unit": "5182",
        "price_unit": "KG"
      }
    ]
  },
  {
    "source_url": "https://www.woolworths.com.au/shop/productdetails/95977/castello-marinated-fetta-cubes",
    "name": "Castello Marinated Fetta Cubes 265g",
    "image_url": "https://cdn1.woolworths.media/content/wowproductimages/large/095977.jpg",
    "source_id": "Woolworths - 95977",
    "barcode": "5711953115943",
    "shop": "Woolworths",
    "weight": "1KG",
    "prices": [
      {
        "state": "NSW",
        "price": "650",
        "price_per_unit": "2453",
        "price_unit": "KG"
      },
      {
        "state": "NSW",
        "price": "650",
        "price_per_unit": "2453",
        "price_unit": "KG"
      },
      {
        "state": "VIC",
        "price": "650",
        "price_per_unit": "2453",
        "price_unit": "KG"
      },
      {
        "state": "VIC",
        "price": "650",
        "price_per_unit": "2453",
        "price_unit": "KG"
      },
      {
        "state": "QLD",
        "price": "650",
        "price_per_unit": "2453",
        "price_unit": "KG"
      },
      {
        "state": "QLD",
        "price": "650",
        "price_per_unit": "2453",
        "price_unit": "KG"
      },
      {
        "state": "WA",
        "price": "650",
        "price_per_unit": "2453",
        "price_unit": "KG"
      },
      {
        "state": "WA",
        "price": "650",
        "price_per_unit": "2453",
        "price_unit": "KG"
      },
      {
        "state": "SA",
        "price": "650",
        "price_per_unit": "2453",
        "price_unit": "KG"
      },
      {
        "state": "SA",
        "price": "650",
        "price_per_unit": "2453",
        "price_unit": "KG"
      },
      {
        "state": "TAS",
        "price": "650",
        "price_per_unit": "2453",
        "price_unit": "KG"
      },
      {
        "state": "TAS",
        "price": "650",
        "price_per_unit": "2453",
        "price_unit": "KG"
      },
      {
        "state": "ACT",
        "price": "650",
        "price_per_unit": "2453",
        "price_unit": "KG"
      },
      {
        "state": "ACT",
        "price": "650",
        "price_per_unit": "2453",
        "price_unit": "KG"
      },
      {
        "state": "NT",
        "price": "650",
        "price_per_unit": "2453",
        "price_unit": "KG"
      },
      {
        "state": "NT",
        "price": "650",
        "price_per_unit": "2453",
        "price_unit": "KG"
      }
    ]
  },
  {
    "source_url": "https://www.woolworths.com.au/shop/productdetails/611905/castello-marinated-greek-style-cheese-in-oil-with-garlic-herbs",
    "name": "Castello Marinated Greek Style Cheese In Oil With Garlic & Herbs 100g",
    "image_url": "https://cdn1.woolworths.media/content/wowproductimages/large/611905.jpg",
    "source_id": "Woolworths - 611905",
    "barcode": "5711953057069",
    "shop": "Woolworths",
    "weight": "1KG",
    "prices": [
      {
        "state": "NSW",
        "price": "320",
        "price_per_unit": "3200",
        "price_unit": "KG"
      },
      {
        "state": "NSW",
        "price": "320",
        "price_per_unit": "3200",
        "price_unit": "KG"
      },
      {
        "state": "VIC",
        "price": "320",
        "price_per_unit": "3200",
        "price_unit": "KG"
      },
      {
        "state": "VIC",
        "price": "320",
        "price_per_unit": "3200",
        "price_unit": "KG"
      },
      {
        "state": "QLD",
        "price": "320",
        "price_per_unit": "3200",
        "price_unit": "KG"
      },
      {
        "state": "QLD",
        "price": "320",
        "price_per_unit": "3200",
        "price_unit": "KG"
      },
      {
        "state": "WA",
        "price": "320",
        "price_per_unit": "3200",
        "price_unit": "KG"
      },
      {
        "state": "WA",
        "price": "320",
        "price_per_unit": "3200",
        "price_unit": "KG"
      },
      {
        "state": "SA",
        "price": "320",
        "price_per_unit": "3200",
        "price_unit": "KG"
      },
      {
        "state": "SA",
        "price": "320",
        "price_per_unit": "3200",
        "price_unit": "KG"
      },
      {
        "state": "TAS",
        "price": "320",
        "price_per_unit": "3200",
        "price_unit": "KG"
      },
      {
        "state": "TAS",
        "price": "320",
        "price_per_unit": "3200",
        "price_unit": "KG"
      },
      {
        "state": "ACT",
        "price": "320",
        "price_per_unit": "3200",
        "price_unit": "KG"
      },
      {
        "state": "ACT",
        "price": "320",
        "price_per_unit": "3200",
        "price_unit": "KG"
      },
      {
        "state": "NT",
        "price": "320",
        "price_per_unit": "3200",
        "price_unit": "KG"
      },
      {
        "state": "NT",
        "price": "320",
        "price_per_unit": "3200",
        "price_unit": "KG"
      }
    ]
  },
  {
    "source_url": "https://www.woolworths.com.au/shop/productdetails/925797/castello-mature-cheddar-cheese",
    "name": "Castello Mature Cheddar Cheese 200g",
    "image_url": "https://cdn1.woolworths.media/content/wowproductimages/large/925797.jpg",
    "source_id": "Woolworths - 925797",
    "barcode": "5000246729746",
    "shop": "Woolworths",
    "weight": "1KG",
    "prices": [
      {
        "state": "NSW",
        "price": "800",
        "price_per_unit": "4000",
        "price_unit": "KG"
      },
      {
        "state": "NSW",
        "price": "800",
        "price_per_unit": "4000",
        "price_unit": "KG"
      },
      {
        "state": "QLD",
        "price": "800",
        "price_per_unit": "4000",
        "price_unit": "KG"
      },
      {
        "state": "QLD",
        "price": "800",
        "price_per_unit": "4000",
        "price_unit": "KG"
      },
      {
        "state": "WA",
        "price": "800",
        "price_per_unit": "4000",
        "price_unit": "KG"
      },
      {
        "state": "WA",
        "price": "800",
        "price_per_unit": "4000",
        "price_unit": "KG"
      },
      {
        "state": "SA",
        "price": "800",
        "price_per_unit": "4000",
        "price_unit": "KG"
      },
      {
        "state": "SA",
        "price": "800",
        "price_per_unit": "4000",
        "price_unit": "KG"
      },
      {
        "state": "TAS",
        "price": "800",
        "price_per_unit": "4000",
        "price_unit": "KG"
      },
      {
        "state": "TAS",
        "price": "800",
        "price_per_unit": "4000",
        "price_unit": "KG"
      },
      {
        "state": "ACT",
        "price": "800",
        "price_per_unit": "4000",
        "price_unit": "KG"
      },
      {
        "state": "ACT",
        "price": "800",
        "price_per_unit": "4000",
        "price_unit": "KG"
      },
      {
        "state": "NT",
        "price": "800",
        "price_per_unit": "4000",
        "price_unit": "KG"
      },
      {
        "state": "NT",
        "price": "800",
        "price_per_unit": "4000",
        "price_unit": "KG"
      }
    ]
  },
  {
    "source_url": "https://www.woolworths.com.au/shop/productdetails/486762/castello-mild-blue-cheese",
    "name": "Castello Mild Blue Cheese 150g",
    "image_url": "https://cdn1.woolworths.media/content/wowproductimages/large/486762.jpg",
    "source_id": "Woolworths - 486762",
    "barcode": "5711953158759",
    "shop": "Woolworths",
    "weight": "1KG",
    "prices": [
      {
        "state": "NSW",
        "price": "750",
        "price_per_unit": "5000",
        "price_unit": "KG"
      },
      {
        "state": "NSW",
        "price": "750",
        "price_per_unit": "5000",
        "price_unit": "KG"
      },
      {
        "state": "VIC",
        "price": "750",
        "price_per_unit": "5000",
        "price_unit": "KG"
      },
      {
        "state": "VIC",
        "price": "750",
        "price_per_unit": "5000",
        "price_unit": "KG"
      },
      {
        "state": "QLD",
        "price": "750",
        "price_per_unit": "5000",
        "price_unit": "KG"
      },
      {
        "state": "QLD",
        "price": "750",
        "price_per_unit": "5000",
        "price_unit": "KG"
      },
      {
        "state": "WA",
        "price": "750",
        "price_per_unit": "5000",
        "price_unit": "KG"
      },
      {
        "state": "WA",
        "price": "750",
        "price_per_unit": "5000",
        "price_unit": "KG"
      },
      {
        "state": "SA",
        "price": "750",
        "price_per_unit": "5000",
        "price_unit": "KG"
      },
      {
        "state": "SA",
        "price": "750",
        "price_per_unit": "5000",
        "price_unit": "KG"
      },
      {
        "state": "TAS",
        "price": "750",
        "price_per_unit": "5000",
        "price_unit": "KG"
      },
      {
        "state": "TAS",
        "price": "750",
        "price_per_unit": "5000",
        "price_unit": "KG"
      },
      {
        "state": "ACT",
        "price": "750",
        "price_per_unit": "5000",
        "price_unit": "KG"
      },
      {
        "state": "ACT",
        "price": "750",
        "price_per_unit": "5000",
        "price_unit": "KG"
      },
      {
        "state": "NT",
        "price": "750",
        "price_per_unit": "5000",
        "price_unit": "KG"
      },
      {
        "state": "NT",
        "price": "750",
        "price_per_unit": "5000",
        "price_unit": "KG"
      }
    ]
  },
  {
    "source_url": "https://www.woolworths.com.au/shop/productdetails/117369/castello-mini-cheeses-creamy-blue",
    "name": "Castello Mini Cheeses Creamy Blue 5 Pack",
    "image_url": "https://cdn1.woolworths.media/content/wowproductimages/large/117369.jpg",
    "source_id": "Woolworths - 117369",
    "barcode": "5711953120503",
    "shop": "Woolworths",
    "weight": "1KG",
    "prices": [
      {
        "state": "NSW",
        "price": "630",
        "price_per_unit": "6632",
        "price_unit": "KG"
      },
      {
        "state": "NSW",
        "price": "630",
        "price_per_unit": "6632",
        "price_unit": "KG"
      },
      {
        "state": "VIC",
        "price": "630",
        "price_per_unit": "6632",
        "price_unit": "KG"
      },
      {
        "state": "VIC",
        "price": "630",
        "price_per_unit": "6632",
        "price_unit": "KG"
      },
      {
        "state": "QLD",
        "price": "630",
        "price_per_unit": "6632",
        "price_unit": "KG"
      },
      {
        "state": "QLD",
        "price": "630",
        "price_per_unit": "6632",
        "price_unit": "KG"
      },
      {
        "state": "WA",
        "price": "630",
        "price_per_unit": "6632",
        "price_unit": "KG"
      },
      {
        "state": "WA",
        "price": "630",
        "price_per_unit": "6632",
        "price_unit": "KG"
      },
      {
        "state": "SA",
        "price": "630",
        "price_per_unit": "6632",
        "price_unit": "KG"
      },
      {
        "state": "SA",
        "price": "630",
        "price_per_unit": "6632",
        "price_unit": "KG"
      },
      {
        "state": "TAS",
        "price": "630",
        "price_per_unit": "6632",
        "price_unit": "KG"
      },
      {
        "state": "TAS",
        "price": "630",
        "price_per_unit": "6632",
        "price_unit": "KG"
      },
      {
        "state": "ACT",
        "price": "630",
        "price_per_unit": "6632",
        "price_unit": "KG"
      },
      {
        "state": "ACT",
        "price": "630",
        "price_per_unit": "6632",
        "price_unit": "KG"
      },
      {
        "state": "NT",
        "price": "630",
        "price_per_unit": "6632",
        "price_unit": "KG"
      },
      {
        "state": "NT",
        "price": "630",
        "price_per_unit": "6632",
        "price_unit": "KG"
      }
    ]
  },
  {
    "source_url": "https://www.woolworths.com.au/shop/productdetails/177109/castello-red-rind",
    "name": "Castello Red Rind 150g",
    "image_url": "https://cdn1.woolworths.media/content/wowproductimages/large/177109.jpg",
    "source_id": "Woolworths - 177109",
    "barcode": "5711953139420",
    "shop": "Woolworths",
    "weight": "1KG",
    "prices": [
      {
        "state": "NSW",
        "price": "800",
        "price_per_unit": "5333",
        "price_unit": "KG"
      },
      {
        "state": "VIC",
        "price": "800",
        "price_per_unit": "5333",
        "price_unit": "KG"
      },
      {
        "state": "QLD",
        "price": "800",
        "price_per_unit": "5333",
        "price_unit": "KG"
      },
      {
        "state": "SA",
        "price": "800",
        "price_per_unit": "5333",
        "price_unit": "KG"
      },
      {
        "state": "TAS",
        "price": "800",
        "price_per_unit": "5333",
        "price_unit": "KG"
      },
      {
        "state": "ACT",
        "price": "800",
        "price_per_unit": "5333",
        "price_unit": "KG"
      }
    ]
  },
  {
    "source_url": "https://www.woolworths.com.au/shop/productdetails/110572/castello-soft-mild-blue-cheese",
    "name": "Castello Soft Mild Blue Cheese 300g",
    "image_url": "https://cdn1.woolworths.media/content/wowproductimages/large/110572.jpg",
    "source_id": "Woolworths - 110572",
    "barcode": "5740200002231",
    "shop": "Woolworths",
    "weight": "1KG",
    "prices": [
      {
        "state": "NSW",
        "price": "1200",
        "price_per_unit": "4000",
        "price_unit": "KG"
      },
      {
        "state": "NSW",
        "price": "1200",
        "price_per_unit": "4000",
        "price_unit": "KG"
      },
      {
        "state": "VIC",
        "price": "1200",
        "price_per_unit": "4000",
        "price_unit": "KG"
      },
      {
        "state": "VIC",
        "price": "1200",
        "price_per_unit": "4000",
        "price_unit": "KG"
      },
      {
        "state": "WA",
        "price": "1200",
        "price_per_unit": "4000",
        "price_unit": "KG"
      },
      {
        "state": "WA",
        "price": "1200",
        "price_per_unit": "4000",
        "price_unit": "KG"
      },
      {
        "state": "SA",
        "price": "1200",
        "price_per_unit": "4000",
        "price_unit": "KG"
      },
      {
        "state": "SA",
        "price": "1200",
        "price_per_unit": "4000",
        "price_unit": "KG"
      },
      {
        "state": "TAS",
        "price": "1200",
        "price_per_unit": "4000",
        "price_unit": "KG"
      },
      {
        "state": "TAS",
        "price": "1200",
        "price_per_unit": "4000",
        "price_unit": "KG"
      },
      {
        "state": "ACT",
        "price": "1200",
        "price_per_unit": "4000",
        "price_unit": "KG"
      },
      {
        "state": "ACT",
        "price": "1200",
        "price_per_unit": "4000",
        "price_unit": "KG"
      },
      {
        "state": "NT",
        "price": "1200",
        "price_per_unit": "4000",
        "price_unit": "KG"
      },
      {
        "state": "NT",
        "price": "1200",
        "price_per_unit": "4000",
        "price_unit": "KG"
      }
    ]
  },
  {
    "source_url": "https://www.woolworths.com.au/shop/productdetails/956156/chrystal-fresh-cheese-board-selection",
    "name": "Chrystal Fresh Cheese Board Selection 240g",
    "image_url": "https://cdn1.woolworths.media/content/wowproductimages/large/956156.jpg",
    "source_id": "Woolworths - 956156",
    "barcode": "9310560024622",
    "shop": "Woolworths",
    "weight": "1KG",
    "prices": [
      {
        "state": "NSW",
        "price": "1000",
        "price_per_unit": "4167",
        "price_unit": "KG"
      },
      {
        "state": "VIC",
        "price": "1000",
        "price_per_unit": "4167",
        "price_unit": "KG"
      },
      {
        "state": "QLD",
        "price": "1000",
        "price_per_unit": "4167",
        "price_unit": "KG"
      },
      {
        "state": "WA",
        "price": "1000",
        "price_per_unit": "4167",
        "price_unit": "KG"
      },
      {
        "state": "TAS",
        "price": "1000",
        "price_per_unit": "4167",
        "price_unit": "KG"
      },
      {
        "state": "ACT",
        "price": "1000",
        "price_per_unit": "4167",
        "price_unit": "KG"
      },
      {
        "state": "NT",
        "price": "1000",
        "price_per_unit": "4167",
        "price_unit": "KG"
      }
    ]
  },
  {
    "source_url": "https://www.woolworths.com.au/shop/productdetails/353006/de-gustibus-buffalo-mozzarella",
    "name": "De Gustibus Buffalo Mozzarella 125g",
    "image_url": "https://cdn1.woolworths.media/content/wowproductimages/large/353006.jpg",
    "source_id": "Woolworths - 353006",
    "barcode": "9421901314255",
    "shop": "Woolworths",
    "weight": "1KG",
    "prices": [
      {
        "state": "NSW",
        "price": "650",
        "price_per_unit": "5200",
        "price_unit": "KG"
      },
      {
        "state": "NSW",
        "price": "650",
        "price_per_unit": "5200",
        "price_unit": "KG"
      },
      {
        "state": "QLD",
        "price": "650",
        "price_per_unit": "5200",
        "price_unit": "KG"
      },
      {
        "state": "QLD",
        "price": "650",
        "price_per_unit": "5200",
        "price_unit": "KG"
      }
    ]
  },
  {
    "source_url": "https://www.woolworths.com.au/shop/productdetails/215032/de-gustibus-buffalo-pearls-mozzarella",
    "name": "De Gustibus Buffalo Pearls Mozzarella 100g",
    "image_url": "https://cdn1.woolworths.media/content/wowproductimages/large/215032.jpg",
    "source_id": "Woolworths - 215032",
    "barcode": "9421901314248",
    "shop": "Woolworths",
    "weight": "1KG",
    "prices": [
      {
        "state": "NSW",
        "price": "650",
        "price_per_unit": "6500",
        "price_unit": "KG"
      },
      {
        "state": "NSW",
        "price": "650",
        "price_per_unit": "6500",
        "price_unit": "KG"
      },
      {
        "state": "QLD",
        "price": "650",
        "price_per_unit": "6500",
        "price_unit": "KG"
      },
      {
        "state": "QLD",
        "price": "650",
        "price_per_unit": "6500",
        "price_unit": "KG"
      }
    ]
  },
  {
    "source_url": "https://www.woolworths.com.au/shop/productdetails/311427/frico-dutch-goat-s-cheese-mild-cheese-wedge",
    "name": "Frico Dutch Goat's Cheese Mild Cheese Wedge 200g",
    "image_url": "https://cdn1.woolworths.media/content/wowproductimages/large/311427.jpg",
    "source_id": "Woolworths - 311427",
    "barcode": "8710912057789",
    "shop": "Woolworths",
    "weight": "1KG",
    "prices": [
      {
        "state": "NSW",
        "price": "1050",
        "price_per_unit": "5250",
        "price_unit": "KG"
      },
      {
        "state": "NSW",
        "price": "1050",
        "price_per_unit": "5250",
        "price_unit": "KG"
      },
      {
        "state": "VIC",
        "price": "1050",
        "price_per_unit": "5250",
        "price_unit": "KG"
      },
      {
        "state": "VIC",
        "price": "1050",
        "price_per_unit": "5250",
        "price_unit": "KG"
      },
      {
        "state": "QLD",
        "price": "1050",
        "price_per_unit": "5250",
        "price_unit": "KG"
      },
      {
        "state": "QLD",
        "price": "1050",
        "price_per_unit": "5250",
        "price_unit": "KG"
      },
      {
        "state": "WA",
        "price": "1050",
        "price_per_unit": "5250",
        "price_unit": "KG"
      },
      {
        "state": "WA",
        "price": "1050",
        "price_per_unit": "5250",
        "price_unit": "KG"
      },
      {
        "state": "SA",
        "price": "1050",
        "price_per_unit": "5250",
        "price_unit": "KG"
      },
      {
        "state": "SA",
        "price": "1050",
        "price_per_unit": "5250",
        "price_unit": "KG"
      },
      {
        "state": "TAS",
        "price": "1050",
        "price_per_unit": "5250",
        "price_unit": "KG"
      },
      {
        "state": "TAS",
        "price": "1050",
        "price_per_unit": "5250",
        "price_unit": "KG"
      },
      {
        "state": "ACT",
        "price": "1050",
        "price_per_unit": "5250",
        "price_unit": "KG"
      },
      {
        "state": "ACT",
        "price": "1050",
        "price_per_unit": "5250",
        "price_unit": "KG"
      },
      {
        "state": "NT",
        "price": "1050",
        "price_per_unit": "5250",
        "price_unit": "KG"
      },
      {
        "state": "NT",
        "price": "1050",
        "price_per_unit": "5250",
        "price_unit": "KG"
      }
    ]
  },
  {
    "source_url": "https://www.woolworths.com.au/shop/productdetails/323959/frico-dutch-smoked-cheese",
    "name": "Frico Dutch Smoked Cheese 150g",
    "image_url": "https://cdn1.woolworths.media/content/wowproductimages/large/323959.jpg",
    "source_id": "Woolworths - 323959",
    "barcode": "8710912452171",
    "shop": "Woolworths",
    "weight": "1KG",
    "prices": [
      {
        "state": "NSW",
        "price": "620",
        "price_per_unit": "4133",
        "price_unit": "KG"
      },
      {
        "state": "NSW",
        "price": "620",
        "price_per_unit": "4133",
        "price_unit": "KG"
      },
      {
        "state": "VIC",
        "price": "620",
        "price_per_unit": "4133",
        "price_unit": "KG"
      },
      {
        "state": "VIC",
        "price": "620",
        "price_per_unit": "4133",
        "price_unit": "KG"
      },
      {
        "state": "QLD",
        "price": "620",
        "price_per_unit": "4133",
        "price_unit": "KG"
      },
      {
        "state": "QLD",
        "price": "620",
        "price_per_unit": "4133",
        "price_unit": "KG"
      },
      {
        "state": "WA",
        "price": "620",
        "price_per_unit": "4133",
        "price_unit": "KG"
      },
      {
        "state": "WA",
        "price": "620",
        "price_per_unit": "4133",
        "price_unit": "KG"
      },
      {
        "state": "SA",
        "price": "620",
        "price_per_unit": "4133",
        "price_unit": "KG"
      },
      {
        "state": "SA",
        "price": "620",
        "price_per_unit": "4133",
        "price_unit": "KG"
      },
      {
        "state": "TAS",
        "price": "620",
        "price_per_unit": "4133",
        "price_unit": "KG"
      },
      {
        "state": "TAS",
        "price": "620",
        "price_per_unit": "4133",
        "price_unit": "KG"
      },
      {
        "state": "ACT",
        "price": "620",
        "price_per_unit": "4133",
        "price_unit": "KG"
      },
      {
        "state": "ACT",
        "price": "620",
        "price_per_unit": "4133",
        "price_unit": "KG"
      },
      {
        "state": "NT",
        "price": "620",
        "price_per_unit": "4133",
        "price_unit": "KG"
      },
      {
        "state": "NT",
        "price": "620",
        "price_per_unit": "4133",
        "price_unit": "KG"
      }
    ]
  },
  {
    "source_url": "https://www.woolworths.com.au/shop/productdetails/311402/frico-gouda-holland-cumin-cheese-wedge",
    "name": "Frico Gouda Holland Cumin Cheese Wedge 200g",
    "image_url": "https://cdn1.woolworths.media/content/wowproductimages/large/311402.jpg",
    "source_id": "Woolworths - 311402",
    "barcode": "8710912058366",
    "shop": "Woolworths",
    "weight": "1KG",
    "prices": [
      {
        "state": "NSW",
        "price": "900",
        "price_per_unit": "4500",
        "price_unit": "KG"
      },
      {
        "state": "NSW",
        "price": "900",
        "price_per_unit": "4500",
        "price_unit": "KG"
      },
      {
        "state": "VIC",
        "price": "900",
        "price_per_unit": "4500",
        "price_unit": "KG"
      },
      {
        "state": "VIC",
        "price": "900",
        "price_per_unit": "4500",
        "price_unit": "KG"
      },
      {
        "state": "QLD",
        "price": "900",
        "price_per_unit": "4500",
        "price_unit": "KG"
      },
      {
        "state": "QLD",
        "price": "900",
        "price_per_unit": "4500",
        "price_unit": "KG"
      },
      {
        "state": "WA",
        "price": "900",
        "price_per_unit": "4500",
        "price_unit": "KG"
      },
      {
        "state": "WA",
        "price": "900",
        "price_per_unit": "4500",
        "price_unit": "KG"
      },
      {
        "state": "SA",
        "price": "900",
        "price_per_unit": "4500",
        "price_unit": "KG"
      },
      {
        "state": "SA",
        "price": "900",
        "price_per_unit": "4500",
        "price_unit": "KG"
      },
      {
        "state": "TAS",
        "price": "900",
        "price_per_unit": "4500",
        "price_unit": "KG"
      },
      {
        "state": "TAS",
        "price": "900",
        "price_per_unit": "4500",
        "price_unit": "KG"
      },
      {
        "state": "ACT",
        "price": "900",
        "price_per_unit": "4500",
        "price_unit": "KG"
      },
      {
        "state": "ACT",
        "price": "900",
        "price_per_unit": "4500",
        "price_unit": "KG"
      }
    ]
  },
  {
    "source_url": "https://www.woolworths.com.au/shop/productdetails/311093/frico-gouda-holland-mild-cheese-wedge",
    "name": "Frico Gouda Holland Mild Cheese Wedge 200g",
    "image_url": "https://cdn1.woolworths.media/content/wowproductimages/large/311093.jpg",
    "source_id": "Woolworths - 311093",
    "barcode": "8710912058397",
    "shop": "Woolworths",
    "weight": "1KG",
    "prices": [
      {
        "state": "NSW",
        "price": "750",
        "price_per_unit": "3750",
        "price_unit": "KG"
      },
      {
        "state": "NSW",
        "price": "750",
        "price_per_unit": "3750",
        "price_unit": "KG"
      },
      {
        "state": "VIC",
        "price": "750",
        "price_per_unit": "3750",
        "price_unit": "KG"
      },
      {
        "state": "VIC",
        "price": "750",
        "price_per_unit": "3750",
        "price_unit": "KG"
      },
      {
        "state": "QLD",
        "price": "750",
        "price_per_unit": "3750",
        "price_unit": "KG"
      },
      {
        "state": "QLD",
        "price": "750",
        "price_per_unit": "3750",
        "price_unit": "KG"
      },
      {
        "state": "WA",
        "price": "750",
        "price_per_unit": "3750",
        "price_unit": "KG"
      },
      {
        "state": "WA",
        "price": "750",
        "price_per_unit": "3750",
        "price_unit": "KG"
      },
      {
        "state": "SA",
        "price": "750",
        "price_per_unit": "3750",
        "price_unit": "KG"
      },
      {
        "state": "SA",
        "price": "750",
        "price_per_unit": "3750",
        "price_unit": "KG"
      },
      {
        "state": "TAS",
        "price": "750",
        "price_per_unit": "3750",
        "price_unit": "KG"
      },
      {
        "state": "TAS",
        "price": "750",
        "price_per_unit": "3750",
        "price_unit": "KG"
      },
      {
        "state": "ACT",
        "price": "750",
        "price_per_unit": "3750",
        "price_unit": "KG"
      },
      {
        "state": "ACT",
        "price": "750",
        "price_per_unit": "3750",
        "price_unit": "KG"
      },
      {
        "state": "NT",
        "price": "750",
        "price_per_unit": "3750",
        "price_unit": "KG"
      },
      {
        "state": "NT",
        "price": "750",
        "price_per_unit": "3750",
        "price_unit": "KG"
      }
    ]
  },
  {
    "source_url": "https://www.woolworths.com.au/shop/productdetails/310994/frico-maasdam-holland-cheese-wedge",
    "name": "Frico Maasdam Holland Cheese Wedge 260g",
    "image_url": "https://cdn1.woolworths.media/content/wowproductimages/large/310994.jpg",
    "source_id": "Woolworths - 310994",
    "barcode": "8710912058335",
    "shop": "Woolworths",
    "weight": "1KG",
    "prices": [
      {
        "state": "NSW",
        "price": "700",
        "price_per_unit": "2692",
        "price_unit": "KG"
      },
      {
        "state": "NSW",
        "price": "700",
        "price_per_unit": "2692",
        "price_unit": "KG"
      },
      {
        "state": "VIC",
        "price": "700",
        "price_per_unit": "2692",
        "price_unit": "KG"
      },
      {
        "state": "VIC",
        "price": "700",
        "price_per_unit": "2692",
        "price_unit": "KG"
      },
      {
        "state": "QLD",
        "price": "700",
        "price_per_unit": "2692",
        "price_unit": "KG"
      },
      {
        "state": "QLD",
        "price": "700",
        "price_per_unit": "2692",
        "price_unit": "KG"
      },
      {
        "state": "WA",
        "price": "700",
        "price_per_unit": "2692",
        "price_unit": "KG"
      },
      {
        "state": "WA",
        "price": "700",
        "price_per_unit": "2692",
        "price_unit": "KG"
      },
      {
        "state": "SA",
        "price": "700",
        "price_per_unit": "2692",
        "price_unit": "KG"
      },
      {
        "state": "SA",
        "price": "700",
        "price_per_unit": "2692",
        "price_unit": "KG"
      },
      {
        "state": "TAS",
        "price": "700",
        "price_per_unit": "2692",
        "price_unit": "KG"
      },
      {
        "state": "TAS",
        "price": "700",
        "price_per_unit": "2692",
        "price_unit": "KG"
      },
      {
        "state": "ACT",
        "price": "700",
        "price_per_unit": "2692",
        "price_unit": "KG"
      },
      {
        "state": "ACT",
        "price": "700",
        "price_per_unit": "2692",
        "price_unit": "KG"
      },
      {
        "state": "NT",
        "price": "700",
        "price_per_unit": "2692",
        "price_unit": "KG"
      },
      {
        "state": "NT",
        "price": "700",
        "price_per_unit": "2692",
        "price_unit": "KG"
      }
    ]
  },
  {
    "source_url": "https://www.woolworths.com.au/shop/productdetails/323951/frico-mild-edam-cheese-wedge",
    "name": "Frico Mild Edam Cheese Wedge 230g",
    "image_url": "https://cdn1.woolworths.media/content/wowproductimages/large/323951.jpg",
    "source_id": "Woolworths - 323951",
    "barcode": "8710912148265",
    "shop": "Woolworths",
    "weight": "1KG",
    "prices": [
      {
        "state": "NSW",
        "price": "950",
        "price_per_unit": "4130",
        "price_unit": "KG"
      },
      {
        "state": "NSW",
        "price": "950",
        "price_per_unit": "4130",
        "price_unit": "KG"
      },
      {
        "state": "VIC",
        "price": "950",
        "price_per_unit": "4130",
        "price_unit": "KG"
      },
      {
        "state": "VIC",
        "price": "950",
        "price_per_unit": "4130",
        "price_unit": "KG"
      },
      {
        "state": "QLD",
        "price": "950",
        "price_per_unit": "4130",
        "price_unit": "KG"
      },
      {
        "state": "QLD",
        "price": "950",
        "price_per_unit": "4130",
        "price_unit": "KG"
      },
      {
        "state": "WA",
        "price": "950",
        "price_per_unit": "4130",
        "price_unit": "KG"
      },
      {
        "state": "WA",
        "price": "950",
        "price_per_unit": "4130",
        "price_unit": "KG"
      },
      {
        "state": "SA",
        "price": "950",
        "price_per_unit": "4130",
        "price_unit": "KG"
      },
      {
        "state": "SA",
        "price": "950",
        "price_per_unit": "4130",
        "price_unit": "KG"
      },
      {
        "state": "TAS",
        "price": "950",
        "price_per_unit": "4130",
        "price_unit": "KG"
      },
      {
        "state": "TAS",
        "price": "950",
        "price_per_unit": "4130",
        "price_unit": "KG"
      },
      {
        "state": "ACT",
        "price": "950",
        "price_per_unit": "4130",
        "price_unit": "KG"
      },
      {
        "state": "ACT",
        "price": "950",
        "price_per_unit": "4130",
        "price_unit": "KG"
      },
      {
        "state": "NT",
        "price": "950",
        "price_per_unit": "4130",
        "price_unit": "KG"
      },
      {
        "state": "NT",
        "price": "950",
        "price_per_unit": "4130",
        "price_unit": "KG"
      }
    ]
  },
  {
    "source_url": "https://www.woolworths.com.au/shop/productdetails/733806/fromager-d-affinois-petit-d-affinois",
    "name": "Fromager D'Affinois Petit d Affinois 150g",
    "image_url": "https://cdn1.woolworths.media/content/wowproductimages/large/733806.jpg",
    "source_id": "Woolworths - 733806",
    "barcode": "3307905229084",
    "shop": "Woolworths",
    "weight": "1KG",
    "prices": [
      {
        "state": "NSW",
        "price": "900",
        "price_per_unit": "6000",
        "price_unit": "KG"
      },
      {
        "state": "NSW",
        "price": "900",
        "price_per_unit": "6000",
        "price_unit": "KG"
      },
      {
        "state": "VIC",
        "price": "900",
        "price_per_unit": "6000",
        "price_unit": "KG"
      },
      {
        "state": "VIC",
        "price": "900",
        "price_per_unit": "6000",
        "price_unit": "KG"
      },
      {
        "state": "QLD",
        "price": "900",
        "price_per_unit": "6000",
        "price_unit": "KG"
      },
      {
        "state": "QLD",
        "price": "900",
        "price_per_unit": "6000",
        "price_unit": "KG"
      },
      {
        "state": "WA",
        "price": "900",
        "price_per_unit": "6000",
        "price_unit": "KG"
      },
      {
        "state": "WA",
        "price": "900",
        "price_per_unit": "6000",
        "price_unit": "KG"
      },
      {
        "state": "SA",
        "price": "900",
        "price_per_unit": "6000",
        "price_unit": "KG"
      },
      {
        "state": "SA",
        "price": "900",
        "price_per_unit": "6000",
        "price_unit": "KG"
      },
      {
        "state": "TAS",
        "price": "900",
        "price_per_unit": "6000",
        "price_unit": "KG"
      },
      {
        "state": "TAS",
        "price": "900",
        "price_per_unit": "6000",
        "price_unit": "KG"
      },
      {
        "state": "ACT",
        "price": "900",
        "price_per_unit": "6000",
        "price_unit": "KG"
      },
      {
        "state": "ACT",
        "price": "900",
        "price_per_unit": "6000",
        "price_unit": "KG"
      },
      {
        "state": "NT",
        "price": "900",
        "price_per_unit": "6000",
        "price_unit": "KG"
      },
      {
        "state": "NT",
        "price": "900",
        "price_per_unit": "6000",
        "price_unit": "KG"
      }
    ]
  },
  {
    "source_url": "https://www.woolworths.com.au/shop/productdetails/484504/hunter-belle-cheddar-cranberry-pistachio",
    "name": "Hunter Belle Cheddar Cranberry & Pistachio 140g",
    "image_url": "https://cdn1.woolworths.media/content/wowproductimages/large/484504.jpg",
    "source_id": "Woolworths - 484504",
    "barcode": "9337571001848",
    "shop": "Woolworths",
    "weight": "1KG",
    "prices": [
      {
        "state": "NSW",
        "price": "850",
        "price_per_unit": "6071",
        "price_unit": "KG"
      },
      {
        "state": "NSW",
        "price": "850",
        "price_per_unit": "6071",
        "price_unit": "KG"
      }
    ]
  },
  {
    "source_url": "https://www.woolworths.com.au/shop/productdetails/146232/igor-gorgonzola-casaleonardi-casaleonardi",
    "name": "Igor Gorgonzola Casaleonardi 200g",
    "image_url": "https://cdn1.woolworths.media/content/wowproductimages/large/146232.jpg",
    "source_id": "Woolworths - 146232",
    "barcode": "9310677369258",
    "shop": "Woolworths",
    "weight": "1KG",
    "prices": [
      {
        "state": "NSW",
        "price": "850",
        "price_per_unit": "4250",
        "price_unit": "KG"
      },
      {
        "state": "NSW",
        "price": "850",
        "price_per_unit": "4250",
        "price_unit": "KG"
      },
      {
        "state": "VIC",
        "price": "850",
        "price_per_unit": "4250",
        "price_unit": "KG"
      },
      {
        "state": "VIC",
        "price": "850",
        "price_per_unit": "4250",
        "price_unit": "KG"
      },
      {
        "state": "QLD",
        "price": "850",
        "price_per_unit": "4250",
        "price_unit": "KG"
      },
      {
        "state": "QLD",
        "price": "850",
        "price_per_unit": "4250",
        "price_unit": "KG"
      },
      {
        "state": "SA",
        "price": "850",
        "price_per_unit": "4250",
        "price_unit": "KG"
      },
      {
        "state": "SA",
        "price": "850",
        "price_per_unit": "4250",
        "price_unit": "KG"
      },
      {
        "state": "TAS",
        "price": "850",
        "price_per_unit": "4250",
        "price_unit": "KG"
      },
      {
        "state": "TAS",
        "price": "850",
        "price_per_unit": "4250",
        "price_unit": "KG"
      },
      {
        "state": "NT",
        "price": "850",
        "price_per_unit": "4250",
        "price_unit": "KG"
      },
      {
        "state": "NT",
        "price": "850",
        "price_per_unit": "4250",
        "price_unit": "KG"
      }
    ]
  },
  {
    "source_url": "https://www.woolworths.com.au/shop/productdetails/739564/jacquin-chevre-plain",
    "name": "Jacquin Chevre Plain 100g",
    "image_url": "https://cdn1.woolworths.media/content/wowproductimages/large/739564.jpg",
    "source_id": "Woolworths - 739564",
    "barcode": "3369640038499",
    "shop": "Woolworths",
    "weight": "1KG",
    "prices": [
      {
        "state": "NSW",
        "price": "600",
        "price_per_unit": "6000",
        "price_unit": "KG"
      },
      {
        "state": "NSW",
        "price": "600",
        "price_per_unit": "6000",
        "price_unit": "KG"
      },
      {
        "state": "VIC",
        "price": "600",
        "price_per_unit": "6000",
        "price_unit": "KG"
      },
      {
        "state": "VIC",
        "price": "600",
        "price_per_unit": "6000",
        "price_unit": "KG"
      },
      {
        "state": "QLD",
        "price": "600",
        "price_per_unit": "6000",
        "price_unit": "KG"
      },
      {
        "state": "QLD",
        "price": "600",
        "price_per_unit": "6000",
        "price_unit": "KG"
      },
      {
        "state": "WA",
        "price": "600",
        "price_per_unit": "6000",
        "price_unit": "KG"
      },
      {
        "state": "WA",
        "price": "600",
        "price_per_unit": "6000",
        "price_unit": "KG"
      },
      {
        "state": "SA",
        "price": "600",
        "price_per_unit": "6000",
        "price_unit": "KG"
      },
      {
        "state": "SA",
        "price": "600",
        "price_per_unit": "6000",
        "price_unit": "KG"
      },
      {
        "state": "TAS",
        "price": "600",
        "price_per_unit": "6000",
        "price_unit": "KG"
      },
      {
        "state": "TAS",
        "price": "600",
        "price_per_unit": "6000",
        "price_unit": "KG"
      },
      {
        "state": "ACT",
        "price": "600",
        "price_per_unit": "6000",
        "price_unit": "KG"
      },
      {
        "state": "ACT",
        "price": "600",
        "price_per_unit": "6000",
        "price_unit": "KG"
      },
      {
        "state": "NT",
        "price": "600",
        "price_per_unit": "6000",
        "price_unit": "KG"
      },
      {
        "state": "NT",
        "price": "600",
        "price_per_unit": "6000",
        "price_unit": "KG"
      }
    ]
  },
  {
    "source_url": "https://www.woolworths.com.au/shop/productdetails/218770/jacquin-goat-cheese-with-garlic-herbs",
    "name": "Jacquin Goat Cheese With Garlic & Herbs 100g",
    "image_url": "https://cdn1.woolworths.media/content/wowproductimages/large/218770.jpg",
    "source_id": "Woolworths - 218770",
    "barcode": "3369640040423",
    "shop": "Woolworths",
    "weight": "1KG",
    "prices": [
      {
        "state": "NSW",
        "price": "600",
        "price_per_unit": "6000",
        "price_unit": "KG"
      },
      {
        "state": "NSW",
        "price": "600",
        "price_per_unit": "6000",
        "price_unit": "KG"
      },
      {
        "state": "VIC",
        "price": "600",
        "price_per_unit": "6000",
        "price_unit": "KG"
      },
      {
        "state": "VIC",
        "price": "600",
        "price_per_unit": "6000",
        "price_unit": "KG"
      },
      {
        "state": "QLD",
        "price": "600",
        "price_per_unit": "6000",
        "price_unit": "KG"
      },
      {
        "state": "QLD",
        "price": "600",
        "price_per_unit": "6000",
        "price_unit": "KG"
      },
      {
        "state": "WA",
        "price": "600",
        "price_per_unit": "6000",
        "price_unit": "KG"
      },
      {
        "state": "WA",
        "price": "600",
        "price_per_unit": "6000",
        "price_unit": "KG"
      },
      {
        "state": "SA",
        "price": "600",
        "price_per_unit": "6000",
        "price_unit": "KG"
      },
      {
        "state": "SA",
        "price": "600",
        "price_per_unit": "6000",
        "price_unit": "KG"
      },
      {
        "state": "TAS",
        "price": "600",
        "price_per_unit": "6000",
        "price_unit": "KG"
      },
      {
        "state": "TAS",
        "price": "600",
        "price_per_unit": "6000",
        "price_unit": "KG"
      },
      {
        "state": "ACT",
        "price": "600",
        "price_per_unit": "6000",
        "price_unit": "KG"
      },
      {
        "state": "ACT",
        "price": "600",
        "price_per_unit": "6000",
        "price_unit": "KG"
      },
      {
        "state": "NT",
        "price": "600",
        "price_per_unit": "6000",
        "price_unit": "KG"
      },
      {
        "state": "NT",
        "price": "600",
        "price_per_unit": "6000",
        "price_unit": "KG"
      }
    ]
  },
  {
    "source_url": "https://www.woolworths.com.au/shop/productdetails/930992/jarlsberg-original-cheese-block",
    "name": "Jarlsberg Original Cheese Block 250g",
    "image_url": "https://cdn1.woolworths.media/content/wowproductimages/large/930992.jpg",
    "source_id": "Woolworths - 930992",
    "barcode": "9310631628438",
    "shop": "Woolworths",
    "weight": "1KG",
    "prices": [
      {
        "state": "NSW",
        "price": "900",
        "price_per_unit": "3600",
        "price_unit": "KG"
      },
      {
        "state": "NSW",
        "price": "900",
        "price_per_unit": "3600",
        "price_unit": "KG"
      },
      {
        "state": "VIC",
        "price": "900",
        "price_per_unit": "3600",
        "price_unit": "KG"
      },
      {
        "state": "VIC",
        "price": "900",
        "price_per_unit": "3600",
        "price_unit": "KG"
      },
      {
        "state": "QLD",
        "price": "900",
        "price_per_unit": "3600",
        "price_unit": "KG"
      },
      {
        "state": "QLD",
        "price": "900",
        "price_per_unit": "3600",
        "price_unit": "KG"
      },
      {
        "state": "WA",
        "price": "900",
        "price_per_unit": "3600",
        "price_unit": "KG"
      },
      {
        "state": "WA",
        "price": "900",
        "price_per_unit": "3600",
        "price_unit": "KG"
      },
      {
        "state": "SA",
        "price": "900",
        "price_per_unit": "3600",
        "price_unit": "KG"
      },
      {
        "state": "SA",
        "price": "900",
        "price_per_unit": "3600",
        "price_unit": "KG"
      },
      {
        "state": "TAS",
        "price": "900",
        "price_per_unit": "3600",
        "price_unit": "KG"
      },
      {
        "state": "TAS",
        "price": "900",
        "price_per_unit": "3600",
        "price_unit": "KG"
      },
      {
        "state": "ACT",
        "price": "900",
        "price_per_unit": "3600",
        "price_unit": "KG"
      },
      {
        "state": "ACT",
        "price": "900",
        "price_per_unit": "3600",
        "price_unit": "KG"
      },
      {
        "state": "NT",
        "price": "900",
        "price_per_unit": "3600",
        "price_unit": "KG"
      },
      {
        "state": "NT",
        "price": "900",
        "price_per_unit": "3600",
        "price_unit": "KG"
      }
    ]
  },
  {
    "source_url": "https://www.woolworths.com.au/shop/productdetails/161629/jarlsberg-wedge",
    "name": "Jarlsberg Wedge 230g",
    "image_url": "https://cdn1.woolworths.media/content/wowproductimages/large/161629.jpg",
    "source_id": "Woolworths - 161629",
    "barcode": "9310631636198",
    "shop": "Woolworths",
    "weight": "1KG",
    "prices": [
      {
        "state": "NSW",
        "price": "875",
        "price_per_unit": "3804",
        "price_unit": "KG"
      },
      {
        "state": "NSW",
        "price": "875",
        "price_per_unit": "3804",
        "price_unit": "KG"
      },
      {
        "state": "VIC",
        "price": "875",
        "price_per_unit": "3804",
        "price_unit": "KG"
      },
      {
        "state": "VIC",
        "price": "875",
        "price_per_unit": "3804",
        "price_unit": "KG"
      },
      {
        "state": "QLD",
        "price": "875",
        "price_per_unit": "3804",
        "price_unit": "KG"
      },
      {
        "state": "QLD",
        "price": "875",
        "price_per_unit": "3804",
        "price_unit": "KG"
      },
      {
        "state": "WA",
        "price": "875",
        "price_per_unit": "3804",
        "price_unit": "KG"
      },
      {
        "state": "WA",
        "price": "875",
        "price_per_unit": "3804",
        "price_unit": "KG"
      },
      {
        "state": "SA",
        "price": "875",
        "price_per_unit": "3804",
        "price_unit": "KG"
      },
      {
        "state": "SA",
        "price": "875",
        "price_per_unit": "3804",
        "price_unit": "KG"
      },
      {
        "state": "TAS",
        "price": "875",
        "price_per_unit": "3804",
        "price_unit": "KG"
      },
      {
        "state": "TAS",
        "price": "875",
        "price_per_unit": "3804",
        "price_unit": "KG"
      },
      {
        "state": "ACT",
        "price": "875",
        "price_per_unit": "3804",
        "price_unit": "KG"
      },
      {
        "state": "ACT",
        "price": "875",
        "price_per_unit": "3804",
        "price_unit": "KG"
      },
      {
        "state": "NT",
        "price": "875",
        "price_per_unit": "3804",
        "price_unit": "KG"
      },
      {
        "state": "NT",
        "price": "875",
        "price_per_unit": "3804",
        "price_unit": "KG"
      }
    ]
  },
  {
    "source_url": "https://www.woolworths.com.au/shop/productdetails/40353/king-island-dairy-cape-wickham-double-brie-cheese",
    "name": "King Island Dairy Cape Wickham Double Brie Cheese 200g",
    "image_url": "https://cdn1.woolworths.media/content/wowproductimages/large/040353.jpg",
    "source_id": "Woolworths - 40353",
    "barcode": "9314441001566",
    "shop": "Woolworths",
    "weight": "1KG",
    "prices": [
      {
        "state": "NSW",
        "price": "890",
        "price_per_unit": "4450",
        "price_unit": "KG"
      },
      {
        "state": "NSW",
        "price": "890",
        "price_per_unit": "4450",
        "price_unit": "KG"
      },
      {
        "state": "VIC",
        "price": "890",
        "price_per_unit": "4450",
        "price_unit": "KG"
      },
      {
        "state": "VIC",
        "price": "890",
        "price_per_unit": "4450",
        "price_unit": "KG"
      },
      {
        "state": "QLD",
        "price": "890",
        "price_per_unit": "4450",
        "price_unit": "KG"
      },
      {
        "state": "QLD",
        "price": "890",
        "price_per_unit": "4450",
        "price_unit": "KG"
      },
      {
        "state": "WA",
        "price": "890",
        "price_per_unit": "4450",
        "price_unit": "KG"
      },
      {
        "state": "WA",
        "price": "890",
        "price_per_unit": "4450",
        "price_unit": "KG"
      },
      {
        "state": "SA",
        "price": "890",
        "price_per_unit": "4450",
        "price_unit": "KG"
      },
      {
        "state": "SA",
        "price": "890",
        "price_per_unit": "4450",
        "price_unit": "KG"
      },
      {
        "state": "TAS",
        "price": "890",
        "price_per_unit": "4450",
        "price_unit": "KG"
      },
      {
        "state": "TAS",
        "price": "890",
        "price_per_unit": "4450",
        "price_unit": "KG"
      },
      {
        "state": "ACT",
        "price": "890",
        "price_per_unit": "4450",
        "price_unit": "KG"
      },
      {
        "state": "ACT",
        "price": "890",
        "price_per_unit": "4450",
        "price_unit": "KG"
      },
      {
        "state": "NT",
        "price": "890",
        "price_per_unit": "4450",
        "price_unit": "KG"
      },
      {
        "state": "NT",
        "price": "890",
        "price_per_unit": "4450",
        "price_unit": "KG"
      }
    ]
  },
  {
    "source_url": "https://www.woolworths.com.au/shop/productdetails/217927/king-island-dairy-lighthouse-blue-cheese-cheese",
    "name": "King Island Dairy Lighthouse Blue Cheese 200g",
    "image_url": "https://cdn1.woolworths.media/content/wowproductimages/large/217927.jpg",
    "source_id": "Woolworths - 217927",
    "barcode": "9314441201072",
    "shop": "Woolworths",
    "weight": "1KG",
    "prices": [
      {
        "state": "NSW",
        "price": "890",
        "price_per_unit": "4450",
        "price_unit": "KG"
      },
      {
        "state": "NSW",
        "price": "890",
        "price_per_unit": "4450",
        "price_unit": "KG"
      },
      {
        "state": "VIC",
        "price": "890",
        "price_per_unit": "4450",
        "price_unit": "KG"
      },
      {
        "state": "VIC",
        "price": "890",
        "price_per_unit": "4450",
        "price_unit": "KG"
      },
      {
        "state": "QLD",
        "price": "890",
        "price_per_unit": "4450",
        "price_unit": "KG"
      },
      {
        "state": "QLD",
        "price": "890",
        "price_per_unit": "4450",
        "price_unit": "KG"
      },
      {
        "state": "SA",
        "price": "890",
        "price_per_unit": "4450",
        "price_unit": "KG"
      },
      {
        "state": "SA",
        "price": "890",
        "price_per_unit": "4450",
        "price_unit": "KG"
      },
      {
        "state": "TAS",
        "price": "890",
        "price_per_unit": "4450",
        "price_unit": "KG"
      },
      {
        "state": "TAS",
        "price": "890",
        "price_per_unit": "4450",
        "price_unit": "KG"
      },
      {
        "state": "ACT",
        "price": "890",
        "price_per_unit": "4450",
        "price_unit": "KG"
      },
      {
        "state": "ACT",
        "price": "890",
        "price_per_unit": "4450",
        "price_unit": "KG"
      },
      {
        "state": "NT",
        "price": "890",
        "price_per_unit": "4450",
        "price_unit": "KG"
      },
      {
        "state": "NT",
        "price": "890",
        "price_per_unit": "4450",
        "price_unit": "KG"
      }
    ]
  },
  {
    "source_url": "https://www.woolworths.com.au/shop/productdetails/6576/king-island-dairy-phoques-cove-camembert-cheese",
    "name": "King Island Dairy Phoques Cove Camembert Cheese 200g",
    "image_url": "https://cdn1.woolworths.media/content/wowproductimages/large/006576.jpg",
    "source_id": "Woolworths - 6576",
    "barcode": "9314441001054",
    "shop": "Woolworths",
    "weight": "1KG",
    "prices": [
      {
        "state": "NSW",
        "price": "890",
        "price_per_unit": "4450",
        "price_unit": "KG"
      },
      {
        "state": "NSW",
        "price": "890",
        "price_per_unit": "4450",
        "price_unit": "KG"
      },
      {
        "state": "VIC",
        "price": "890",
        "price_per_unit": "4450",
        "price_unit": "KG"
      },
      {
        "state": "VIC",
        "price": "890",
        "price_per_unit": "4450",
        "price_unit": "KG"
      },
      {
        "state": "QLD",
        "price": "890",
        "price_per_unit": "4450",
        "price_unit": "KG"
      },
      {
        "state": "QLD",
        "price": "890",
        "price_per_unit": "4450",
        "price_unit": "KG"
      },
      {
        "state": "SA",
        "price": "890",
        "price_per_unit": "4450",
        "price_unit": "KG"
      },
      {
        "state": "SA",
        "price": "890",
        "price_per_unit": "4450",
        "price_unit": "KG"
      },
      {
        "state": "TAS",
        "price": "890",
        "price_per_unit": "4450",
        "price_unit": "KG"
      },
      {
        "state": "TAS",
        "price": "890",
        "price_per_unit": "4450",
        "price_unit": "KG"
      },
      {
        "state": "ACT",
        "price": "890",
        "price_per_unit": "4450",
        "price_unit": "KG"
      },
      {
        "state": "ACT",
        "price": "890",
        "price_per_unit": "4450",
        "price_unit": "KG"
      },
      {
        "state": "NT",
        "price": "890",
        "price_per_unit": "4450",
        "price_unit": "KG"
      },
      {
        "state": "NT",
        "price": "890",
        "price_per_unit": "4450",
        "price_unit": "KG"
      }
    ]
  },
  {
    "source_url": "https://www.woolworths.com.au/shop/productdetails/774405/king-island-dairy-roaring-40s-blue-cheese-blue-cheese",
    "name": "King Island Dairy Roaring 40s Blue Cheese 120g",
    "image_url": "https://cdn1.woolworths.media/content/wowproductimages/large/774405.jpg",
    "source_id": "Woolworths - 774405",
    "barcode": "9314441101150",
    "shop": "Woolworths",
    "weight": "1KG",
    "prices": [
      {
        "state": "NSW",
        "price": "1095",
        "price_per_unit": "9125",
        "price_unit": "KG"
      },
      {
        "state": "NSW",
        "price": "1095",
        "price_per_unit": "9125",
        "price_unit": "KG"
      },
      {
        "state": "VIC",
        "price": "1095",
        "price_per_unit": "9125",
        "price_unit": "KG"
      },
      {
        "state": "VIC",
        "price": "1095",
        "price_per_unit": "9125",
        "price_unit": "KG"
      },
      {
        "state": "QLD",
        "price": "1095",
        "price_per_unit": "9125",
        "price_unit": "KG"
      },
      {
        "state": "QLD",
        "price": "1095",
        "price_per_unit": "9125",
        "price_unit": "KG"
      },
      {
        "state": "SA",
        "price": "1095",
        "price_per_unit": "9125",
        "price_unit": "KG"
      },
      {
        "state": "SA",
        "price": "1095",
        "price_per_unit": "9125",
        "price_unit": "KG"
      },
      {
        "state": "TAS",
        "price": "1095",
        "price_per_unit": "9125",
        "price_unit": "KG"
      },
      {
        "state": "TAS",
        "price": "1095",
        "price_per_unit": "9125",
        "price_unit": "KG"
      },
      {
        "state": "ACT",
        "price": "1095",
        "price_per_unit": "9125",
        "price_unit": "KG"
      },
      {
        "state": "ACT",
        "price": "1095",
        "price_per_unit": "9125",
        "price_unit": "KG"
      }
    ]
  },
  {
    "source_url": "https://www.woolworths.com.au/shop/productdetails/331721/king-island-dairy-stokes-point-smoked-cheddar-cheese",
    "name": "King Island Dairy Stokes Point Smoked Cheddar Cheese 170g",
    "image_url": "https://cdn1.woolworths.media/content/wowproductimages/large/331721.jpg",
    "source_id": "Woolworths - 331721",
    "barcode": "9314441707918",
    "shop": "Woolworths",
    "weight": "1KG",
    "prices": [
      {
        "state": "NSW",
        "price": "1095",
        "price_per_unit": "6441",
        "price_unit": "KG"
      },
      {
        "state": "NSW",
        "price": "1095",
        "price_per_unit": "6441",
        "price_unit": "KG"
      },
      {
        "state": "VIC",
        "price": "1095",
        "price_per_unit": "6441",
        "price_unit": "KG"
      },
      {
        "state": "VIC",
        "price": "1095",
        "price_per_unit": "6441",
        "price_unit": "KG"
      },
      {
        "state": "QLD",
        "price": "1095",
        "price_per_unit": "6441",
        "price_unit": "KG"
      },
      {
        "state": "QLD",
        "price": "1095",
        "price_per_unit": "6441",
        "price_unit": "KG"
      },
      {
        "state": "SA",
        "price": "1095",
        "price_per_unit": "6441",
        "price_unit": "KG"
      },
      {
        "state": "SA",
        "price": "1095",
        "price_per_unit": "6441",
        "price_unit": "KG"
      },
      {
        "state": "TAS",
        "price": "1095",
        "price_per_unit": "6441",
        "price_unit": "KG"
      },
      {
        "state": "TAS",
        "price": "1095",
        "price_per_unit": "6441",
        "price_unit": "KG"
      }
    ]
  },
  {
    "source_url": "https://www.woolworths.com.au/shop/productdetails/331719/king-island-dairy-surprise-bay-cheddar-cheese",
    "name": "King Island Dairy Surprise Bay Cheddar Cheese 170g",
    "image_url": "https://cdn1.woolworths.media/content/wowproductimages/large/331719.jpg",
    "source_id": "Woolworths - 331719",
    "barcode": "9314441707925",
    "shop": "Woolworths",
    "weight": "1KG",
    "prices": [
      {
        "state": "NSW",
        "price": "1095",
        "price_per_unit": "6441",
        "price_unit": "KG"
      },
      {
        "state": "NSW",
        "price": "1095",
        "price_per_unit": "6441",
        "price_unit": "KG"
      },
      {
        "state": "VIC",
        "price": "1095",
        "price_per_unit": "6441",
        "price_unit": "KG"
      },
      {
        "state": "VIC",
        "price": "1095",
        "price_per_unit": "6441",
        "price_unit": "KG"
      },
      {
        "state": "SA",
        "price": "1095",
        "price_per_unit": "6441",
        "price_unit": "KG"
      },
      {
        "state": "SA",
        "price": "1095",
        "price_per_unit": "6441",
        "price_unit": "KG"
      },
      {
        "state": "ACT",
        "price": "1095",
        "price_per_unit": "6441",
        "price_unit": "KG"
      },
      {
        "state": "ACT",
        "price": "1095",
        "price_per_unit": "6441",
        "price_unit": "KG"
      },
      {
        "state": "NT",
        "price": "1095",
        "price_per_unit": "6441",
        "price_unit": "KG"
      },
      {
        "state": "NT",
        "price": "1095",
        "price_per_unit": "6441",
        "price_unit": "KG"
      }
    ]
  },
  {
    "source_url": "https://www.woolworths.com.au/shop/productdetails/249784/king-island-dairy-three-rivers-bay-triple-cream-brie-cheese",
    "name": "King Island Dairy Three Rivers Bay Triple Cream Brie Cheese 175g",
    "image_url": "https://cdn1.woolworths.media/content/wowproductimages/large/249784.jpg",
    "source_id": "Woolworths - 249784",
    "barcode": "9314441700452",
    "shop": "Woolworths",
    "weight": "1KG",
    "prices": [
      {
        "state": "NSW",
        "price": "890",
        "price_per_unit": "5086",
        "price_unit": "KG"
      },
      {
        "state": "NSW",
        "price": "890",
        "price_per_unit": "5086",
        "price_unit": "KG"
      },
      {
        "state": "VIC",
        "price": "890",
        "price_per_unit": "5086",
        "price_unit": "KG"
      },
      {
        "state": "VIC",
        "price": "890",
        "price_per_unit": "5086",
        "price_unit": "KG"
      },
      {
        "state": "QLD",
        "price": "890",
        "price_per_unit": "5086",
        "price_unit": "KG"
      },
      {
        "state": "QLD",
        "price": "890",
        "price_per_unit": "5086",
        "price_unit": "KG"
      },
      {
        "state": "SA",
        "price": "890",
        "price_per_unit": "5086",
        "price_unit": "KG"
      },
      {
        "state": "SA",
        "price": "890",
        "price_per_unit": "5086",
        "price_unit": "KG"
      },
      {
        "state": "TAS",
        "price": "890",
        "price_per_unit": "5086",
        "price_unit": "KG"
      },
      {
        "state": "TAS",
        "price": "890",
        "price_per_unit": "5086",
        "price_unit": "KG"
      },
      {
        "state": "ACT",
        "price": "890",
        "price_per_unit": "5086",
        "price_unit": "KG"
      },
      {
        "state": "ACT",
        "price": "890",
        "price_per_unit": "5086",
        "price_unit": "KG"
      },
      {
        "state": "NT",
        "price": "890",
        "price_per_unit": "5086",
        "price_unit": "KG"
      },
      {
        "state": "NT",
        "price": "890",
        "price_per_unit": "5086",
        "price_unit": "KG"
      }
    ]
  },
  {
    "source_url": "https://www.woolworths.com.au/shop/productdetails/23975/maggie-beer-ash-triple-cream-brie",
    "name": "Maggie Beer Ash Triple Cream Brie 200g",
    "image_url": "https://cdn1.woolworths.media/content/wowproductimages/large/023975.jpg",
    "source_id": "Woolworths - 23975",
    "barcode": "9321325000683",
    "shop": "Woolworths",
    "weight": "1KG",
    "prices": [
      {
        "state": "NSW",
        "price": "830",
        "price_per_unit": "4150",
        "price_unit": "KG"
      },
      {
        "state": "NSW",
        "price": "830",
        "price_per_unit": "4150",
        "price_unit": "KG"
      },
      {
        "state": "VIC",
        "price": "830",
        "price_per_unit": "4150",
        "price_unit": "KG"
      },
      {
        "state": "VIC",
        "price": "830",
        "price_per_unit": "4150",
        "price_unit": "KG"
      },
      {
        "state": "QLD",
        "price": "830",
        "price_per_unit": "4150",
        "price_unit": "KG"
      },
      {
        "state": "QLD",
        "price": "830",
        "price_per_unit": "4150",
        "price_unit": "KG"
      },
      {
        "state": "SA",
        "price": "830",
        "price_per_unit": "4150",
        "price_unit": "KG"
      },
      {
        "state": "SA",
        "price": "830",
        "price_per_unit": "4150",
        "price_unit": "KG"
      },
      {
        "state": "TAS",
        "price": "830",
        "price_per_unit": "4150",
        "price_unit": "KG"
      },
      {
        "state": "TAS",
        "price": "830",
        "price_per_unit": "4150",
        "price_unit": "KG"
      },
      {
        "state": "ACT",
        "price": "830",
        "price_per_unit": "4150",
        "price_unit": "KG"
      },
      {
        "state": "ACT",
        "price": "830",
        "price_per_unit": "4150",
        "price_unit": "KG"
      },
      {
        "state": "NT",
        "price": "830",
        "price_per_unit": "4150",
        "price_unit": "KG"
      },
      {
        "state": "NT",
        "price": "830",
        "price_per_unit": "4150",
        "price_unit": "KG"
      }
    ]
  },
  {
    "source_url": "https://www.woolworths.com.au/shop/productdetails/237888/maggie-beer-caramelised-onion-club-cheddar-aged-12-months",
    "name": "Maggie Beer Caramelised Onion Club Cheddar Aged 12+ Months 150g",
    "image_url": "https://cdn1.woolworths.media/content/wowproductimages/large/237888.jpg",
    "source_id": "Woolworths - 237888",
    "barcode": "9321325002175",
    "shop": "Woolworths",
    "weight": "1KG",
    "prices": [
      {
        "state": "NSW",
        "price": "610",
        "price_per_unit": "4067",
        "price_unit": "KG"
      },
      {
        "state": "NSW",
        "price": "610",
        "price_per_unit": "4067",
        "price_unit": "KG"
      },
      {
        "state": "QLD",
        "price": "610",
        "price_per_unit": "4067",
        "price_unit": "KG"
      },
      {
        "state": "QLD",
        "price": "610",
        "price_per_unit": "4067",
        "price_unit": "KG"
      },
      {
        "state": "SA",
        "price": "610",
        "price_per_unit": "4067",
        "price_unit": "KG"
      },
      {
        "state": "SA",
        "price": "610",
        "price_per_unit": "4067",
        "price_unit": "KG"
      },
      {
        "state": "TAS",
        "price": "610",
        "price_per_unit": "4067",
        "price_unit": "KG"
      },
      {
        "state": "TAS",
        "price": "610",
        "price_per_unit": "4067",
        "price_unit": "KG"
      },
      {
        "state": "ACT",
        "price": "610",
        "price_per_unit": "4067",
        "price_unit": "KG"
      },
      {
        "state": "ACT",
        "price": "610",
        "price_per_unit": "4067",
        "price_unit": "KG"
      },
      {
        "state": "NT",
        "price": "610",
        "price_per_unit": "4067",
        "price_unit": "KG"
      },
      {
        "state": "NT",
        "price": "610",
        "price_per_unit": "4067",
        "price_unit": "KG"
      }
    ]
  },
  {
    "source_url": "https://www.woolworths.com.au/shop/productdetails/318554/maggie-beer-cracked-peppercorn-cheddar-cheese-block",
    "name": "Maggie Beer Cracked Peppercorn Cheddar Cheese Block 150g",
    "image_url": "https://cdn1.woolworths.media/content/wowproductimages/large/318554.jpg",
    "source_id": "Woolworths - 318554",
    "barcode": "9321325002205",
    "shop": "Woolworths",
    "weight": "1KG",
    "prices": [
      {
        "state": "NSW",
        "price": "610",
        "price_per_unit": "4067",
        "price_unit": "KG"
      },
      {
        "state": "NSW",
        "price": "610",
        "price_per_unit": "4067",
        "price_unit": "KG"
      },
      {
        "state": "VIC",
        "price": "610",
        "price_per_unit": "4067",
        "price_unit": "KG"
      },
      {
        "state": "VIC",
        "price": "610",
        "price_per_unit": "4067",
        "price_unit": "KG"
      },
      {
        "state": "QLD",
        "price": "610",
        "price_per_unit": "4067",
        "price_unit": "KG"
      },
      {
        "state": "QLD",
        "price": "610",
        "price_per_unit": "4067",
        "price_unit": "KG"
      },
      {
        "state": "SA",
        "price": "610",
        "price_per_unit": "4067",
        "price_unit": "KG"
      },
      {
        "state": "SA",
        "price": "610",
        "price_per_unit": "4067",
        "price_unit": "KG"
      },
      {
        "state": "TAS",
        "price": "610",
        "price_per_unit": "4067",
        "price_unit": "KG"
      },
      {
        "state": "TAS",
        "price": "610",
        "price_per_unit": "4067",
        "price_unit": "KG"
      },
      {
        "state": "ACT",
        "price": "610",
        "price_per_unit": "4067",
        "price_unit": "KG"
      },
      {
        "state": "ACT",
        "price": "610",
        "price_per_unit": "4067",
        "price_unit": "KG"
      },
      {
        "state": "NT",
        "price": "610",
        "price_per_unit": "4067",
        "price_unit": "KG"
      },
      {
        "state": "NT",
        "price": "610",
        "price_per_unit": "4067",
        "price_unit": "KG"
      }
    ]
  },
  {
    "source_url": "https://www.woolworths.com.au/shop/productdetails/238378/maggie-beer-smoked-club-cheddar-aged-12-months",
    "name": "Maggie Beer Smoked Club Cheddar Aged 12+ Months 150g",
    "image_url": "https://cdn1.woolworths.media/content/wowproductimages/large/238378.jpg",
    "source_id": "Woolworths - 238378",
    "barcode": "9321325002199",
    "shop": "Woolworths",
    "weight": "1KG",
    "prices": [
      {
        "state": "NSW",
        "price": "610",
        "price_per_unit": "4067",
        "price_unit": "KG"
      },
      {
        "state": "NSW",
        "price": "610",
        "price_per_unit": "4067",
        "price_unit": "KG"
      },
      {
        "state": "VIC",
        "price": "610",
        "price_per_unit": "4067",
        "price_unit": "KG"
      },
      {
        "state": "VIC",
        "price": "610",
        "price_per_unit": "4067",
        "price_unit": "KG"
      },
      {
        "state": "SA",
        "price": "610",
        "price_per_unit": "4067",
        "price_unit": "KG"
      },
      {
        "state": "SA",
        "price": "610",
        "price_per_unit": "4067",
        "price_unit": "KG"
      },
      {
        "state": "TAS",
        "price": "610",
        "price_per_unit": "4067",
        "price_unit": "KG"
      },
      {
        "state": "TAS",
        "price": "610",
        "price_per_unit": "4067",
        "price_unit": "KG"
      },
      {
        "state": "ACT",
        "price": "610",
        "price_per_unit": "4067",
        "price_unit": "KG"
      },
      {
        "state": "ACT",
        "price": "610",
        "price_per_unit": "4067",
        "price_unit": "KG"
      },
      {
        "state": "NT",
        "price": "610",
        "price_per_unit": "4067",
        "price_unit": "KG"
      },
      {
        "state": "NT",
        "price": "610",
        "price_per_unit": "4067",
        "price_unit": "KG"
      }
    ]
  },
  {
    "source_url": "https://www.woolworths.com.au/shop/productdetails/691289/maggie-beer-traditional-camembert",
    "name": "Maggie Beer Traditional Camembert 200g",
    "image_url": "https://cdn1.woolworths.media/content/wowproductimages/large/691289.jpg",
    "source_id": "Woolworths - 691289",
    "barcode": "9321325000584",
    "shop": "Woolworths",
    "weight": "1KG",
    "prices": [
      {
        "state": "NSW",
        "price": "830",
        "price_per_unit": "4150",
        "price_unit": "KG"
      },
      {
        "state": "NSW",
        "price": "830",
        "price_per_unit": "4150",
        "price_unit": "KG"
      },
      {
        "state": "QLD",
        "price": "830",
        "price_per_unit": "4150",
        "price_unit": "KG"
      },
      {
        "state": "QLD",
        "price": "830",
        "price_per_unit": "4150",
        "price_unit": "KG"
      },
      {
        "state": "WA",
        "price": "830",
        "price_per_unit": "4150",
        "price_unit": "KG"
      },
      {
        "state": "WA",
        "price": "830",
        "price_per_unit": "4150",
        "price_unit": "KG"
      },
      {
        "state": "SA",
        "price": "830",
        "price_per_unit": "4150",
        "price_unit": "KG"
      },
      {
        "state": "SA",
        "price": "830",
        "price_per_unit": "4150",
        "price_unit": "KG"
      },
      {
        "state": "TAS",
        "price": "830",
        "price_per_unit": "4150",
        "price_unit": "KG"
      },
      {
        "state": "TAS",
        "price": "830",
        "price_per_unit": "4150",
        "price_unit": "KG"
      },
      {
        "state": "ACT",
        "price": "830",
        "price_per_unit": "4150",
        "price_unit": "KG"
      },
      {
        "state": "ACT",
        "price": "830",
        "price_per_unit": "4150",
        "price_unit": "KG"
      },
      {
        "state": "NT",
        "price": "830",
        "price_per_unit": "4150",
        "price_unit": "KG"
      },
      {
        "state": "NT",
        "price": "830",
        "price_per_unit": "4150",
        "price_unit": "KG"
      }
    ]
  },
  {
    "source_url": "https://www.woolworths.com.au/shop/productdetails/691113/maggie-beer-triple-cream-brie",
    "name": "Maggie Beer Triple Cream Brie 200g",
    "image_url": "https://cdn1.woolworths.media/content/wowproductimages/large/691113.jpg",
    "source_id": "Woolworths - 691113",
    "barcode": "9321325000577",
    "shop": "Woolworths",
    "weight": "1KG",
    "prices": [
      {
        "state": "NSW",
        "price": "830",
        "price_per_unit": "4150",
        "price_unit": "KG"
      },
      {
        "state": "NSW",
        "price": "830",
        "price_per_unit": "4150",
        "price_unit": "KG"
      },
      {
        "state": "VIC",
        "price": "830",
        "price_per_unit": "4150",
        "price_unit": "KG"
      },
      {
        "state": "VIC",
        "price": "830",
        "price_per_unit": "4150",
        "price_unit": "KG"
      },
      {
        "state": "QLD",
        "price": "830",
        "price_per_unit": "4150",
        "price_unit": "KG"
      },
      {
        "state": "QLD",
        "price": "830",
        "price_per_unit": "4150",
        "price_unit": "KG"
      },
      {
        "state": "WA",
        "price": "830",
        "price_per_unit": "4150",
        "price_unit": "KG"
      },
      {
        "state": "WA",
        "price": "830",
        "price_per_unit": "4150",
        "price_unit": "KG"
      },
      {
        "state": "SA",
        "price": "830",
        "price_per_unit": "4150",
        "price_unit": "KG"
      },
      {
        "state": "SA",
        "price": "830",
        "price_per_unit": "4150",
        "price_unit": "KG"
      },
      {
        "state": "TAS",
        "price": "830",
        "price_per_unit": "4150",
        "price_unit": "KG"
      },
      {
        "state": "TAS",
        "price": "830",
        "price_per_unit": "4150",
        "price_unit": "KG"
      },
      {
        "state": "ACT",
        "price": "830",
        "price_per_unit": "4150",
        "price_unit": "KG"
      },
      {
        "state": "ACT",
        "price": "830",
        "price_per_unit": "4150",
        "price_unit": "KG"
      },
      {
        "state": "NT",
        "price": "830",
        "price_per_unit": "4150",
        "price_unit": "KG"
      },
      {
        "state": "NT",
        "price": "830",
        "price_per_unit": "4150",
        "price_unit": "KG"
      }
    ]
  },
  {
    "source_url": "https://www.woolworths.com.au/shop/productdetails/95422/maggie-beer-truffle-triple-cream-brie",
    "name": "Maggie Beer Truffle Triple Cream Brie 200g",
    "image_url": "https://cdn1.woolworths.media/content/wowproductimages/large/095422.jpg",
    "source_id": "Woolworths - 95422",
    "barcode": "9321325000775",
    "shop": "Woolworths",
    "weight": "1KG",
    "prices": [
      {
        "state": "NSW",
        "price": "1080",
        "price_per_unit": "5400",
        "price_unit": "KG"
      },
      {
        "state": "NSW",
        "price": "1080",
        "price_per_unit": "5400",
        "price_unit": "KG"
      },
      {
        "state": "SA",
        "price": "1080",
        "price_per_unit": "5400",
        "price_unit": "KG"
      },
      {
        "state": "SA",
        "price": "1080",
        "price_per_unit": "5400",
        "price_unit": "KG"
      },
      {
        "state": "TAS",
        "price": "1080",
        "price_per_unit": "5400",
        "price_unit": "KG"
      },
      {
        "state": "TAS",
        "price": "1080",
        "price_per_unit": "5400",
        "price_unit": "KG"
      },
      {
        "state": "ACT",
        "price": "1080",
        "price_per_unit": "5400",
        "price_unit": "KG"
      },
      {
        "state": "ACT",
        "price": "1080",
        "price_per_unit": "5400",
        "price_unit": "KG"
      },
      {
        "state": "NT",
        "price": "1080",
        "price_per_unit": "5400",
        "price_unit": "KG"
      },
      {
        "state": "NT",
        "price": "1080",
        "price_per_unit": "5400",
        "price_unit": "KG"
      }
    ]
  },
  {
    "source_url": "https://www.woolworths.com.au/shop/productdetails/237510/maggie-beer-vintage-club-cheddar-aged-12-months",
    "name": "Maggie Beer Vintage Club Cheddar Aged 12+ Months 150g",
    "image_url": "https://cdn1.woolworths.media/content/wowproductimages/large/237510.jpg",
    "source_id": "Woolworths - 237510",
    "barcode": "9321325002168",
    "shop": "Woolworths",
    "weight": "1KG",
    "prices": [
      {
        "state": "NSW",
        "price": "610",
        "price_per_unit": "4067",
        "price_unit": "KG"
      },
      {
        "state": "NSW",
        "price": "610",
        "price_per_unit": "4067",
        "price_unit": "KG"
      },
      {
        "state": "VIC",
        "price": "610",
        "price_per_unit": "4067",
        "price_unit": "KG"
      },
      {
        "state": "VIC",
        "price": "610",
        "price_per_unit": "4067",
        "price_unit": "KG"
      },
      {
        "state": "SA",
        "price": "610",
        "price_per_unit": "4067",
        "price_unit": "KG"
      },
      {
        "state": "SA",
        "price": "610",
        "price_per_unit": "4067",
        "price_unit": "KG"
      },
      {
        "state": "TAS",
        "price": "610",
        "price_per_unit": "4067",
        "price_unit": "KG"
      },
      {
        "state": "TAS",
        "price": "610",
        "price_per_unit": "4067",
        "price_unit": "KG"
      },
      {
        "state": "ACT",
        "price": "610",
        "price_per_unit": "4067",
        "price_unit": "KG"
      },
      {
        "state": "ACT",
        "price": "610",
        "price_per_unit": "4067",
        "price_unit": "KG"
      },
      {
        "state": "NT",
        "price": "610",
        "price_per_unit": "4067",
        "price_unit": "KG"
      },
      {
        "state": "NT",
        "price": "610",
        "price_per_unit": "4067",
        "price_unit": "KG"
      }
    ]
  },
  {
    "source_url": "https://www.woolworths.com.au/shop/productdetails/91380/marsh-s-extra-tasty-cheddar-cheese",
    "name": "Marsh's Extra Tasty Cheddar Cheese 300g - 500g",
    "image_url": "https://cdn1.woolworths.media/content/wowproductimages/large/091380.jpg",
    "source_id": "Woolworths - 91380",
    "barcode": "2803410000008",
    "shop": "Woolworths",
    "weight": "1KG",
    "prices": [
      {
        "state": "NSW",
        "price": "905",
        "price_per_unit": "1810",
        "price_unit": "KG"
      },
      {
        "state": "NSW",
        "price": "905",
        "price_per_unit": "1810",
        "price_unit": "KG"
      },
      {
        "state": "VIC",
        "price": "905",
        "price_per_unit": "1810",
        "price_unit": "KG"
      },
      {
        "state": "VIC",
        "price": "905",
        "price_per_unit": "1810",
        "price_unit": "KG"
      },
      {
        "state": "QLD",
        "price": "905",
        "price_per_unit": "1810",
        "price_unit": "KG"
      },
      {
        "state": "QLD",
        "price": "905",
        "price_per_unit": "1810",
        "price_unit": "KG"
      },
      {
        "state": "WA",
        "price": "905",
        "price_per_unit": "1810",
        "price_unit": "KG"
      },
      {
        "state": "WA",
        "price": "905",
        "price_per_unit": "1810",
        "price_unit": "KG"
      },
      {
        "state": "SA",
        "price": "905",
        "price_per_unit": "1810",
        "price_unit": "KG"
      },
      {
        "state": "SA",
        "price": "905",
        "price_per_unit": "1810",
        "price_unit": "KG"
      },
      {
        "state": "TAS",
        "price": "905",
        "price_per_unit": "1810",
        "price_unit": "KG"
      },
      {
        "state": "TAS",
        "price": "905",
        "price_per_unit": "1810",
        "price_unit": "KG"
      },
      {
        "state": "ACT",
        "price": "905",
        "price_per_unit": "1810",
        "price_unit": "KG"
      },
      {
        "state": "ACT",
        "price": "905",
        "price_per_unit": "1810",
        "price_unit": "KG"
      },
      {
        "state": "NT",
        "price": "905",
        "price_per_unit": "1810",
        "price_unit": "KG"
      },
      {
        "state": "NT",
        "price": "905",
        "price_per_unit": "1810",
        "price_unit": "KG"
      }
    ]
  },
  {
    "source_url": "https://www.woolworths.com.au/shop/productdetails/29121/melbourne-cheese-company-fetta-garlic-herbs",
    "name": "Melbourne Cheese Company Fetta Garlic & Herbs 250g",
    "image_url": "https://cdn1.woolworths.media/content/wowproductimages/large/029121.jpg",
    "source_id": "Woolworths - 29121",
    "barcode": "9322515030893",
    "shop": "Woolworths",
    "weight": "1KG",
    "prices": [
      {
        "state": "NSW",
        "price": "750",
        "price_per_unit": "3000",
        "price_unit": "KG"
      },
      {
        "state": "NSW",
        "price": "750",
        "price_per_unit": "3000",
        "price_unit": "KG"
      },
      {
        "state": "VIC",
        "price": "750",
        "price_per_unit": "3000",
        "price_unit": "KG"
      },
      {
        "state": "VIC",
        "price": "750",
        "price_per_unit": "3000",
        "price_unit": "KG"
      },
      {
        "state": "QLD",
        "price": "750",
        "price_per_unit": "3000",
        "price_unit": "KG"
      },
      {
        "state": "QLD",
        "price": "750",
        "price_per_unit": "3000",
        "price_unit": "KG"
      },
      {
        "state": "SA",
        "price": "750",
        "price_per_unit": "3000",
        "price_unit": "KG"
      },
      {
        "state": "SA",
        "price": "750",
        "price_per_unit": "3000",
        "price_unit": "KG"
      },
      {
        "state": "TAS",
        "price": "750",
        "price_per_unit": "3000",
        "price_unit": "KG"
      },
      {
        "state": "TAS",
        "price": "750",
        "price_per_unit": "3000",
        "price_unit": "KG"
      },
      {
        "state": "ACT",
        "price": "750",
        "price_per_unit": "3000",
        "price_unit": "KG"
      },
      {
        "state": "ACT",
        "price": "750",
        "price_per_unit": "3000",
        "price_unit": "KG"
      },
      {
        "state": "NT",
        "price": "750",
        "price_per_unit": "3000",
        "price_unit": "KG"
      },
      {
        "state": "NT",
        "price": "750",
        "price_per_unit": "3000",
        "price_unit": "KG"
      }
    ]
  },
  {
    "source_url": "https://www.woolworths.com.au/shop/productdetails/31165/melbourne-cheese-company-persian-fetta",
    "name": "Melbourne Cheese Company Persian Fetta 250g",
    "image_url": "https://cdn1.woolworths.media/content/wowproductimages/large/031165.jpg",
    "source_id": "Woolworths - 31165",
    "barcode": "9322515030886",
    "shop": "Woolworths",
    "weight": "1KG",
    "prices": [
      {
        "state": "NSW",
        "price": "750",
        "price_per_unit": "3000",
        "price_unit": "KG"
      },
      {
        "state": "NSW",
        "price": "750",
        "price_per_unit": "3000",
        "price_unit": "KG"
      },
      {
        "state": "VIC",
        "price": "750",
        "price_per_unit": "3000",
        "price_unit": "KG"
      },
      {
        "state": "VIC",
        "price": "750",
        "price_per_unit": "3000",
        "price_unit": "KG"
      },
      {
        "state": "QLD",
        "price": "750",
        "price_per_unit": "3000",
        "price_unit": "KG"
      },
      {
        "state": "QLD",
        "price": "750",
        "price_per_unit": "3000",
        "price_unit": "KG"
      },
      {
        "state": "WA",
        "price": "750",
        "price_per_unit": "3000",
        "price_unit": "KG"
      },
      {
        "state": "WA",
        "price": "750",
        "price_per_unit": "3000",
        "price_unit": "KG"
      },
      {
        "state": "SA",
        "price": "750",
        "price_per_unit": "3000",
        "price_unit": "KG"
      },
      {
        "state": "SA",
        "price": "750",
        "price_per_unit": "3000",
        "price_unit": "KG"
      },
      {
        "state": "TAS",
        "price": "750",
        "price_per_unit": "3000",
        "price_unit": "KG"
      },
      {
        "state": "TAS",
        "price": "750",
        "price_per_unit": "3000",
        "price_unit": "KG"
      },
      {
        "state": "ACT",
        "price": "750",
        "price_per_unit": "3000",
        "price_unit": "KG"
      },
      {
        "state": "ACT",
        "price": "750",
        "price_per_unit": "3000",
        "price_unit": "KG"
      },
      {
        "state": "NT",
        "price": "750",
        "price_per_unit": "3000",
        "price_unit": "KG"
      },
      {
        "state": "NT",
        "price": "750",
        "price_per_unit": "3000",
        "price_unit": "KG"
      }
    ]
  },
  {
    "source_url": "https://www.woolworths.com.au/shop/productdetails/330227/meredith-dairy-dill-cheese",
    "name": "Meredith Dairy Dill Cheese 150g",
    "image_url": "https://cdn1.woolworths.media/content/wowproductimages/large/330227.jpg",
    "source_id": "Woolworths - 330227",
    "barcode": "9317320101524",
    "shop": "Woolworths",
    "weight": "1KG",
    "prices": [
      {
        "state": "NSW",
        "price": "790",
        "price_per_unit": "5267",
        "price_unit": "KG"
      },
      {
        "state": "NSW",
        "price": "790",
        "price_per_unit": "5267",
        "price_unit": "KG"
      },
      {
        "state": "VIC",
        "price": "790",
        "price_per_unit": "5267",
        "price_unit": "KG"
      },
      {
        "state": "VIC",
        "price": "790",
        "price_per_unit": "5267",
        "price_unit": "KG"
      },
      {
        "state": "QLD",
        "price": "790",
        "price_per_unit": "5267",
        "price_unit": "KG"
      },
      {
        "state": "QLD",
        "price": "790",
        "price_per_unit": "5267",
        "price_unit": "KG"
      },
      {
        "state": "WA",
        "price": "790",
        "price_per_unit": "5267",
        "price_unit": "KG"
      },
      {
        "state": "WA",
        "price": "790",
        "price_per_unit": "5267",
        "price_unit": "KG"
      },
      {
        "state": "SA",
        "price": "790",
        "price_per_unit": "5267",
        "price_unit": "KG"
      },
      {
        "state": "SA",
        "price": "790",
        "price_per_unit": "5267",
        "price_unit": "KG"
      },
      {
        "state": "ACT",
        "price": "790",
        "price_per_unit": "5267",
        "price_unit": "KG"
      },
      {
        "state": "ACT",
        "price": "790",
        "price_per_unit": "5267",
        "price_unit": "KG"
      }
    ]
  },
  {
    "source_url": "https://www.woolworths.com.au/shop/productdetails/464664/meredith-dairy-goat-cheese-australian-native-pepperberry",
    "name": "Meredith Dairy Goat Cheese Australian Native Pepperberry 150g",
    "image_url": "https://cdn1.woolworths.media/content/wowproductimages/large/464664.jpg",
    "source_id": "Woolworths - 464664",
    "barcode": "9317320100329",
    "shop": "Woolworths",
    "weight": "1KG",
    "prices": [
      {
        "state": "NSW",
        "price": "790",
        "price_per_unit": "5267",
        "price_unit": "KG"
      },
      {
        "state": "NSW",
        "price": "790",
        "price_per_unit": "5267",
        "price_unit": "KG"
      },
      {
        "state": "QLD",
        "price": "790",
        "price_per_unit": "5267",
        "price_unit": "KG"
      },
      {
        "state": "QLD",
        "price": "790",
        "price_per_unit": "5267",
        "price_unit": "KG"
      },
      {
        "state": "WA",
        "price": "790",
        "price_per_unit": "5267",
        "price_unit": "KG"
      },
      {
        "state": "WA",
        "price": "790",
        "price_per_unit": "5267",
        "price_unit": "KG"
      },
      {
        "state": "SA",
        "price": "790",
        "price_per_unit": "5267",
        "price_unit": "KG"
      },
      {
        "state": "SA",
        "price": "790",
        "price_per_unit": "5267",
        "price_unit": "KG"
      },
      {
        "state": "TAS",
        "price": "790",
        "price_per_unit": "5267",
        "price_unit": "KG"
      },
      {
        "state": "TAS",
        "price": "790",
        "price_per_unit": "5267",
        "price_unit": "KG"
      },
      {
        "state": "ACT",
        "price": "790",
        "price_per_unit": "5267",
        "price_unit": "KG"
      },
      {
        "state": "ACT",
        "price": "790",
        "price_per_unit": "5267",
        "price_unit": "KG"
      },
      {
        "state": "NT",
        "price": "790",
        "price_per_unit": "5267",
        "price_unit": "KG"
      },
      {
        "state": "NT",
        "price": "790",
        "price_per_unit": "5267",
        "price_unit": "KG"
      }
    ]
  },
  {
    "source_url": "https://www.woolworths.com.au/shop/productdetails/668984/meredith-dairy-goat-s-cheese-chevre-plain",
    "name": "Meredith Dairy Goat's Cheese Chevre Plain 80g",
    "image_url": "https://cdn1.woolworths.media/content/wowproductimages/large/668984.jpg",
    "source_id": "Woolworths - 668984",
    "barcode": "9317320100152",
    "shop": "Woolworths",
    "weight": "1KG",
    "prices": [
      {
        "state": "NSW",
        "price": "550",
        "price_per_unit": "6875",
        "price_unit": "KG"
      },
      {
        "state": "NSW",
        "price": "550",
        "price_per_unit": "6875",
        "price_unit": "KG"
      },
      {
        "state": "VIC",
        "price": "550",
        "price_per_unit": "6875",
        "price_unit": "KG"
      },
      {
        "state": "VIC",
        "price": "550",
        "price_per_unit": "6875",
        "price_unit": "KG"
      },
      {
        "state": "QLD",
        "price": "550",
        "price_per_unit": "6875",
        "price_unit": "KG"
      },
      {
        "state": "QLD",
        "price": "550",
        "price_per_unit": "6875",
        "price_unit": "KG"
      },
      {
        "state": "WA",
        "price": "550",
        "price_per_unit": "6875",
        "price_unit": "KG"
      },
      {
        "state": "WA",
        "price": "550",
        "price_per_unit": "6875",
        "price_unit": "KG"
      },
      {
        "state": "SA",
        "price": "550",
        "price_per_unit": "6875",
        "price_unit": "KG"
      },
      {
        "state": "SA",
        "price": "550",
        "price_per_unit": "6875",
        "price_unit": "KG"
      },
      {
        "state": "TAS",
        "price": "550",
        "price_per_unit": "6875",
        "price_unit": "KG"
      },
      {
        "state": "TAS",
        "price": "550",
        "price_per_unit": "6875",
        "price_unit": "KG"
      },
      {
        "state": "ACT",
        "price": "550",
        "price_per_unit": "6875",
        "price_unit": "KG"
      },
      {
        "state": "ACT",
        "price": "550",
        "price_per_unit": "6875",
        "price_unit": "KG"
      },
      {
        "state": "NT",
        "price": "550",
        "price_per_unit": "6875",
        "price_unit": "KG"
      },
      {
        "state": "NT",
        "price": "550",
        "price_per_unit": "6875",
        "price_unit": "KG"
      }
    ]
  },
  {
    "source_url": "https://www.woolworths.com.au/shop/productdetails/60594/meredith-dairy-goats-cheese",
    "name": "Meredith Dairy Goats Cheese 100g",
    "image_url": "https://cdn1.woolworths.media/content/wowproductimages/large/060594.jpg",
    "source_id": "Woolworths - 60594",
    "barcode": "9317320100305",
    "shop": "Woolworths",
    "weight": "1KG",
    "prices": [
      {
        "state": "NSW",
        "price": "550",
        "price_per_unit": "5500",
        "price_unit": "KG"
      },
      {
        "state": "NSW",
        "price": "550",
        "price_per_unit": "5500",
        "price_unit": "KG"
      },
      {
        "state": "VIC",
        "price": "550",
        "price_per_unit": "5500",
        "price_unit": "KG"
      },
      {
        "state": "VIC",
        "price": "550",
        "price_per_unit": "5500",
        "price_unit": "KG"
      },
      {
        "state": "QLD",
        "price": "550",
        "price_per_unit": "5500",
        "price_unit": "KG"
      },
      {
        "state": "QLD",
        "price": "550",
        "price_per_unit": "5500",
        "price_unit": "KG"
      },
      {
        "state": "WA",
        "price": "550",
        "price_per_unit": "5500",
        "price_unit": "KG"
      },
      {
        "state": "WA",
        "price": "550",
        "price_per_unit": "5500",
        "price_unit": "KG"
      },
      {
        "state": "SA",
        "price": "550",
        "price_per_unit": "5500",
        "price_unit": "KG"
      },
      {
        "state": "SA",
        "price": "550",
        "price_per_unit": "5500",
        "price_unit": "KG"
      },
      {
        "state": "TAS",
        "price": "550",
        "price_per_unit": "5500",
        "price_unit": "KG"
      },
      {
        "state": "TAS",
        "price": "550",
        "price_per_unit": "5500",
        "price_unit": "KG"
      },
      {
        "state": "ACT",
        "price": "550",
        "price_per_unit": "5500",
        "price_unit": "KG"
      },
      {
        "state": "ACT",
        "price": "550",
        "price_per_unit": "5500",
        "price_unit": "KG"
      },
      {
        "state": "NT",
        "price": "550",
        "price_per_unit": "5500",
        "price_unit": "KG"
      },
      {
        "state": "NT",
        "price": "550",
        "price_per_unit": "5500",
        "price_unit": "KG"
      }
    ]
  },
  {
    "source_url": "https://www.woolworths.com.au/shop/productdetails/135884/meredith-dairy-goats-cheese-in-olive-oil",
    "name": "Meredith Dairy Goats Cheese 320g",
    "image_url": "https://cdn1.woolworths.media/content/wowproductimages/large/135884.jpg",
    "source_id": "Woolworths - 135884",
    "barcode": "9317320100039",
    "shop": "Woolworths",
    "weight": "1KG",
    "prices": [
      {
        "state": "NSW",
        "price": "1220",
        "price_per_unit": "3813",
        "price_unit": "KG"
      },
      {
        "state": "NSW",
        "price": "1220",
        "price_per_unit": "3813",
        "price_unit": "KG"
      },
      {
        "state": "VIC",
        "price": "1220",
        "price_per_unit": "3813",
        "price_unit": "KG"
      },
      {
        "state": "VIC",
        "price": "1220",
        "price_per_unit": "3813",
        "price_unit": "KG"
      },
      {
        "state": "QLD",
        "price": "1220",
        "price_per_unit": "3813",
        "price_unit": "KG"
      },
      {
        "state": "QLD",
        "price": "1220",
        "price_per_unit": "3813",
        "price_unit": "KG"
      },
      {
        "state": "WA",
        "price": "1220",
        "price_per_unit": "3813",
        "price_unit": "KG"
      },
      {
        "state": "WA",
        "price": "1220",
        "price_per_unit": "3813",
        "price_unit": "KG"
      },
      {
        "state": "SA",
        "price": "1220",
        "price_per_unit": "3813",
        "price_unit": "KG"
      },
      {
        "state": "SA",
        "price": "1220",
        "price_per_unit": "3813",
        "price_unit": "KG"
      },
      {
        "state": "TAS",
        "price": "1220",
        "price_per_unit": "3813",
        "price_unit": "KG"
      },
      {
        "state": "TAS",
        "price": "1220",
        "price_per_unit": "3813",
        "price_unit": "KG"
      },
      {
        "state": "ACT",
        "price": "1220",
        "price_per_unit": "3813",
        "price_unit": "KG"
      },
      {
        "state": "ACT",
        "price": "1220",
        "price_per_unit": "3813",
        "price_unit": "KG"
      },
      {
        "state": "NT",
        "price": "1220",
        "price_per_unit": "3813",
        "price_unit": "KG"
      },
      {
        "state": "NT",
        "price": "1220",
        "price_per_unit": "3813",
        "price_unit": "KG"
      }
    ]
  },
  {
    "source_url": "https://www.woolworths.com.au/shop/productdetails/663973/meredith-dairy-goats-cheese-jar",
    "name": "Meredith Dairy Goats Cheese 550g",
    "image_url": "https://cdn1.woolworths.media/content/wowproductimages/large/663973.jpg",
    "source_id": "Woolworths - 663973",
    "barcode": "9317320100091",
    "shop": "Woolworths",
    "weight": "1KG",
    "prices": [
      {
        "state": "NSW",
        "price": "2200",
        "price_per_unit": "4000",
        "price_unit": "KG"
      },
      {
        "state": "NSW",
        "price": "2200",
        "price_per_unit": "4000",
        "price_unit": "KG"
      },
      {
        "state": "VIC",
        "price": "2200",
        "price_per_unit": "4000",
        "price_unit": "KG"
      },
      {
        "state": "VIC",
        "price": "2200",
        "price_per_unit": "4000",
        "price_unit": "KG"
      },
      {
        "state": "QLD",
        "price": "2200",
        "price_per_unit": "4000",
        "price_unit": "KG"
      },
      {
        "state": "QLD",
        "price": "2200",
        "price_per_unit": "4000",
        "price_unit": "KG"
      },
      {
        "state": "WA",
        "price": "2200",
        "price_per_unit": "4000",
        "price_unit": "KG"
      },
      {
        "state": "WA",
        "price": "2200",
        "price_per_unit": "4000",
        "price_unit": "KG"
      },
      {
        "state": "SA",
        "price": "2200",
        "price_per_unit": "4000",
        "price_unit": "KG"
      },
      {
        "state": "SA",
        "price": "2200",
        "price_per_unit": "4000",
        "price_unit": "KG"
      },
      {
        "state": "TAS",
        "price": "2200",
        "price_per_unit": "4000",
        "price_unit": "KG"
      },
      {
        "state": "TAS",
        "price": "2200",
        "price_per_unit": "4000",
        "price_unit": "KG"
      },
      {
        "state": "ACT",
        "price": "2200",
        "price_per_unit": "4000",
        "price_unit": "KG"
      },
      {
        "state": "ACT",
        "price": "2200",
        "price_per_unit": "4000",
        "price_unit": "KG"
      },
      {
        "state": "NT",
        "price": "2200",
        "price_per_unit": "4000",
        "price_unit": "KG"
      },
      {
        "state": "NT",
        "price": "2200",
        "price_per_unit": "4000",
        "price_unit": "KG"
      }
    ]
  },
  {
    "source_url": "https://www.woolworths.com.au/shop/productdetails/316043/meredith-dairy-plain-goats-cheese",
    "name": "Meredith Dairy Plain Goats Cheese 150g",
    "image_url": "https://cdn1.woolworths.media/content/wowproductimages/large/316043.jpg",
    "source_id": "Woolworths - 316043",
    "barcode": "9317320101500",
    "shop": "Woolworths",
    "weight": "1KG",
    "prices": [
      {
        "state": "NSW",
        "price": "790",
        "price_per_unit": "5267",
        "price_unit": "KG"
      },
      {
        "state": "NSW",
        "price": "790",
        "price_per_unit": "5267",
        "price_unit": "KG"
      },
      {
        "state": "QLD",
        "price": "790",
        "price_per_unit": "5267",
        "price_unit": "KG"
      },
      {
        "state": "QLD",
        "price": "790",
        "price_per_unit": "5267",
        "price_unit": "KG"
      },
      {
        "state": "WA",
        "price": "790",
        "price_per_unit": "5267",
        "price_unit": "KG"
      },
      {
        "state": "WA",
        "price": "790",
        "price_per_unit": "5267",
        "price_unit": "KG"
      },
      {
        "state": "SA",
        "price": "790",
        "price_per_unit": "5267",
        "price_unit": "KG"
      },
      {
        "state": "SA",
        "price": "790",
        "price_per_unit": "5267",
        "price_unit": "KG"
      },
      {
        "state": "TAS",
        "price": "790",
        "price_per_unit": "5267",
        "price_unit": "KG"
      },
      {
        "state": "TAS",
        "price": "790",
        "price_per_unit": "5267",
        "price_unit": "KG"
      },
      {
        "state": "ACT",
        "price": "790",
        "price_per_unit": "5267",
        "price_unit": "KG"
      },
      {
        "state": "ACT",
        "price": "790",
        "price_per_unit": "5267",
        "price_unit": "KG"
      },
      {
        "state": "NT",
        "price": "790",
        "price_per_unit": "5267",
        "price_unit": "KG"
      },
      {
        "state": "NT",
        "price": "790",
        "price_per_unit": "5267",
        "price_unit": "KG"
      }
    ]
  },
  {
    "source_url": "https://www.woolworths.com.au/shop/productdetails/302096/mersey-valley-classic-cheddar-cheese-block-cheese",
    "name": "Mersey Valley Classic Cheddar Cheese Block 180g",
    "image_url": "https://cdn1.woolworths.media/content/wowproductimages/large/302096.jpg",
    "source_id": "Woolworths - 302096",
    "barcode": "9314441702470",
    "shop": "Woolworths",
    "weight": "1KG",
    "prices": [
      {
        "state": "NSW",
        "price": "870",
        "price_per_unit": "4833",
        "price_unit": "KG"
      },
      {
        "state": "NSW",
        "price": "870",
        "price_per_unit": "4833",
        "price_unit": "KG"
      },
      {
        "state": "VIC",
        "price": "870",
        "price_per_unit": "4833",
        "price_unit": "KG"
      },
      {
        "state": "VIC",
        "price": "870",
        "price_per_unit": "4833",
        "price_unit": "KG"
      },
      {
        "state": "QLD",
        "price": "870",
        "price_per_unit": "4833",
        "price_unit": "KG"
      },
      {
        "state": "QLD",
        "price": "870",
        "price_per_unit": "4833",
        "price_unit": "KG"
      },
      {
        "state": "WA",
        "price": "870",
        "price_per_unit": "4833",
        "price_unit": "KG"
      },
      {
        "state": "WA",
        "price": "870",
        "price_per_unit": "4833",
        "price_unit": "KG"
      },
      {
        "state": "SA",
        "price": "870",
        "price_per_unit": "4833",
        "price_unit": "KG"
      },
      {
        "state": "SA",
        "price": "870",
        "price_per_unit": "4833",
        "price_unit": "KG"
      },
      {
        "state": "TAS",
        "price": "870",
        "price_per_unit": "4833",
        "price_unit": "KG"
      },
      {
        "state": "TAS",
        "price": "870",
        "price_per_unit": "4833",
        "price_unit": "KG"
      },
      {
        "state": "ACT",
        "price": "870",
        "price_per_unit": "4833",
        "price_unit": "KG"
      },
      {
        "state": "ACT",
        "price": "870",
        "price_per_unit": "4833",
        "price_unit": "KG"
      },
      {
        "state": "NT",
        "price": "870",
        "price_per_unit": "4833",
        "price_unit": "KG"
      },
      {
        "state": "NT",
        "price": "870",
        "price_per_unit": "4833",
        "price_unit": "KG"
      }
    ]
  },
  {
    "source_url": "https://www.woolworths.com.au/shop/productdetails/244191/mersey-valley-classic-cheddar-cheese-block-cheese",
    "name": "Mersey Valley Classic Cheddar Cheese Block 235g",
    "image_url": "https://cdn1.woolworths.media/content/wowproductimages/large/244191.jpg",
    "source_id": "Woolworths - 244191",
    "barcode": "9310134901090",
    "shop": "Woolworths",
    "weight": "1KG",
    "prices": [
      {
        "state": "NSW",
        "price": "690",
        "price_per_unit": "2936",
        "price_unit": "KG"
      },
      {
        "state": "NSW",
        "price": "690",
        "price_per_unit": "2936",
        "price_unit": "KG"
      },
      {
        "state": "VIC",
        "price": "690",
        "price_per_unit": "2936",
        "price_unit": "KG"
      },
      {
        "state": "VIC",
        "price": "690",
        "price_per_unit": "2936",
        "price_unit": "KG"
      },
      {
        "state": "QLD",
        "price": "690",
        "price_per_unit": "2936",
        "price_unit": "KG"
      },
      {
        "state": "QLD",
        "price": "690",
        "price_per_unit": "2936",
        "price_unit": "KG"
      },
      {
        "state": "WA",
        "price": "690",
        "price_per_unit": "2936",
        "price_unit": "KG"
      },
      {
        "state": "WA",
        "price": "690",
        "price_per_unit": "2936",
        "price_unit": "KG"
      },
      {
        "state": "SA",
        "price": "690",
        "price_per_unit": "2936",
        "price_unit": "KG"
      },
      {
        "state": "SA",
        "price": "690",
        "price_per_unit": "2936",
        "price_unit": "KG"
      },
      {
        "state": "TAS",
        "price": "690",
        "price_per_unit": "2936",
        "price_unit": "KG"
      },
      {
        "state": "TAS",
        "price": "690",
        "price_per_unit": "2936",
        "price_unit": "KG"
      },
      {
        "state": "ACT",
        "price": "690",
        "price_per_unit": "2936",
        "price_unit": "KG"
      },
      {
        "state": "ACT",
        "price": "690",
        "price_per_unit": "2936",
        "price_unit": "KG"
      },
      {
        "state": "NT",
        "price": "690",
        "price_per_unit": "2936",
        "price_unit": "KG"
      },
      {
        "state": "NT",
        "price": "690",
        "price_per_unit": "2936",
        "price_unit": "KG"
      }
    ]
  },
  {
    "source_url": "https://www.woolworths.com.au/shop/productdetails/808121/mersey-valley-classic-cheddar-cheese-block",
    "name": "Mersey Valley Classic Cheddar Cheese Block 80g",
    "image_url": "https://cdn1.woolworths.media/content/wowproductimages/large/808121.jpg",
    "source_id": "Woolworths - 808121",
    "barcode": "9314441712530",
    "shop": "Woolworths",
    "weight": "1KG",
    "prices": [
      {
        "state": "NSW",
        "price": "480",
        "price_per_unit": "6000",
        "price_unit": "KG"
      },
      {
        "state": "NSW",
        "price": "480",
        "price_per_unit": "6000",
        "price_unit": "KG"
      },
      {
        "state": "VIC",
        "price": "480",
        "price_per_unit": "6000",
        "price_unit": "KG"
      },
      {
        "state": "VIC",
        "price": "480",
        "price_per_unit": "6000",
        "price_unit": "KG"
      },
      {
        "state": "QLD",
        "price": "480",
        "price_per_unit": "6000",
        "price_unit": "KG"
      },
      {
        "state": "QLD",
        "price": "480",
        "price_per_unit": "6000",
        "price_unit": "KG"
      },
      {
        "state": "WA",
        "price": "480",
        "price_per_unit": "6000",
        "price_unit": "KG"
      },
      {
        "state": "WA",
        "price": "480",
        "price_per_unit": "6000",
        "price_unit": "KG"
      },
      {
        "state": "SA",
        "price": "480",
        "price_per_unit": "6000",
        "price_unit": "KG"
      },
      {
        "state": "SA",
        "price": "480",
        "price_per_unit": "6000",
        "price_unit": "KG"
      },
      {
        "state": "TAS",
        "price": "480",
        "price_per_unit": "6000",
        "price_unit": "KG"
      },
      {
        "state": "TAS",
        "price": "480",
        "price_per_unit": "6000",
        "price_unit": "KG"
      },
      {
        "state": "ACT",
        "price": "480",
        "price_per_unit": "6000",
        "price_unit": "KG"
      },
      {
        "state": "ACT",
        "price": "480",
        "price_per_unit": "6000",
        "price_unit": "KG"
      },
      {
        "state": "NT",
        "price": "480",
        "price_per_unit": "6000",
        "price_unit": "KG"
      },
      {
        "state": "NT",
        "price": "480",
        "price_per_unit": "6000",
        "price_unit": "KG"
      }
    ]
  },
  {
    "source_url": "https://www.woolworths.com.au/shop/productdetails/99054/mersey-valley-jalapeno-cheddar-cheese-block",
    "name": "Mersey Valley Jalapeno Cheddar Cheese Block 235g",
    "image_url": "https://cdn1.woolworths.media/content/wowproductimages/large/099054.jpg",
    "source_id": "Woolworths - 99054",
    "barcode": "9314441713995",
    "shop": "Woolworths",
    "weight": "1KG",
    "prices": [
      {
        "state": "NSW",
        "price": "690",
        "price_per_unit": "2936",
        "price_unit": "KG"
      },
      {
        "state": "NSW",
        "price": "690",
        "price_per_unit": "2936",
        "price_unit": "KG"
      },
      {
        "state": "VIC",
        "price": "690",
        "price_per_unit": "2936",
        "price_unit": "KG"
      },
      {
        "state": "VIC",
        "price": "690",
        "price_per_unit": "2936",
        "price_unit": "KG"
      },
      {
        "state": "QLD",
        "price": "690",
        "price_per_unit": "2936",
        "price_unit": "KG"
      },
      {
        "state": "QLD",
        "price": "690",
        "price_per_unit": "2936",
        "price_unit": "KG"
      },
      {
        "state": "SA",
        "price": "690",
        "price_per_unit": "2936",
        "price_unit": "KG"
      },
      {
        "state": "SA",
        "price": "690",
        "price_per_unit": "2936",
        "price_unit": "KG"
      },
      {
        "state": "TAS",
        "price": "690",
        "price_per_unit": "2936",
        "price_unit": "KG"
      },
      {
        "state": "TAS",
        "price": "690",
        "price_per_unit": "2936",
        "price_unit": "KG"
      },
      {
        "state": "ACT",
        "price": "690",
        "price_per_unit": "2936",
        "price_unit": "KG"
      },
      {
        "state": "ACT",
        "price": "690",
        "price_per_unit": "2936",
        "price_unit": "KG"
      },
      {
        "state": "NT",
        "price": "690",
        "price_per_unit": "2936",
        "price_unit": "KG"
      },
      {
        "state": "NT",
        "price": "690",
        "price_per_unit": "2936",
        "price_unit": "KG"
      }
    ]
  },
  {
    "source_url": "https://www.woolworths.com.au/shop/productdetails/98090/mersey-valley-jalapeno-cheddar-cheese-block",
    "name": "Mersey Valley Jalapeno Cheddar Cheese Block 80g",
    "image_url": "https://cdn1.woolworths.media/content/wowproductimages/large/098090.jpg",
    "source_id": "Woolworths - 98090",
    "barcode": "9314441713384",
    "shop": "Woolworths",
    "weight": "1KG",
    "prices": [
      {
        "state": "NSW",
        "price": "480",
        "price_per_unit": "6000",
        "price_unit": "KG"
      },
      {
        "state": "NSW",
        "price": "480",
        "price_per_unit": "6000",
        "price_unit": "KG"
      },
      {
        "state": "VIC",
        "price": "480",
        "price_per_unit": "6000",
        "price_unit": "KG"
      },
      {
        "state": "VIC",
        "price": "480",
        "price_per_unit": "6000",
        "price_unit": "KG"
      },
      {
        "state": "QLD",
        "price": "480",
        "price_per_unit": "6000",
        "price_unit": "KG"
      },
      {
        "state": "QLD",
        "price": "480",
        "price_per_unit": "6000",
        "price_unit": "KG"
      },
      {
        "state": "WA",
        "price": "480",
        "price_per_unit": "6000",
        "price_unit": "KG"
      },
      {
        "state": "WA",
        "price": "480",
        "price_per_unit": "6000",
        "price_unit": "KG"
      },
      {
        "state": "TAS",
        "price": "480",
        "price_per_unit": "6000",
        "price_unit": "KG"
      },
      {
        "state": "TAS",
        "price": "480",
        "price_per_unit": "6000",
        "price_unit": "KG"
      },
      {
        "state": "ACT",
        "price": "480",
        "price_per_unit": "6000",
        "price_unit": "KG"
      },
      {
        "state": "ACT",
        "price": "480",
        "price_per_unit": "6000",
        "price_unit": "KG"
      },
      {
        "state": "NT",
        "price": "480",
        "price_per_unit": "6000",
        "price_unit": "KG"
      },
      {
        "state": "NT",
        "price": "480",
        "price_per_unit": "6000",
        "price_unit": "KG"
      }
    ]
  },
  {
    "source_url": "https://www.woolworths.com.au/shop/productdetails/250854/mersey-valley-original-cheddar-cheese-block-cheese",
    "name": "Mersey Valley Original Cheddar Cheese Block 235g",
    "image_url": "https://cdn1.woolworths.media/content/wowproductimages/large/250854.jpg",
    "source_id": "Woolworths - 250854",
    "barcode": "9310134901342",
    "shop": "Woolworths",
    "weight": "1KG",
    "prices": [
      {
        "state": "NSW",
        "price": "690",
        "price_per_unit": "2936",
        "price_unit": "KG"
      },
      {
        "state": "NSW",
        "price": "690",
        "price_per_unit": "2936",
        "price_unit": "KG"
      },
      {
        "state": "VIC",
        "price": "690",
        "price_per_unit": "2936",
        "price_unit": "KG"
      },
      {
        "state": "VIC",
        "price": "690",
        "price_per_unit": "2936",
        "price_unit": "KG"
      },
      {
        "state": "QLD",
        "price": "690",
        "price_per_unit": "2936",
        "price_unit": "KG"
      },
      {
        "state": "QLD",
        "price": "690",
        "price_per_unit": "2936",
        "price_unit": "KG"
      },
      {
        "state": "WA",
        "price": "690",
        "price_per_unit": "2936",
        "price_unit": "KG"
      },
      {
        "state": "WA",
        "price": "690",
        "price_per_unit": "2936",
        "price_unit": "KG"
      },
      {
        "state": "SA",
        "price": "690",
        "price_per_unit": "2936",
        "price_unit": "KG"
      },
      {
        "state": "SA",
        "price": "690",
        "price_per_unit": "2936",
        "price_unit": "KG"
      },
      {
        "state": "TAS",
        "price": "690",
        "price_per_unit": "2936",
        "price_unit": "KG"
      },
      {
        "state": "TAS",
        "price": "690",
        "price_per_unit": "2936",
        "price_unit": "KG"
      },
      {
        "state": "ACT",
        "price": "690",
        "price_per_unit": "2936",
        "price_unit": "KG"
      },
      {
        "state": "ACT",
        "price": "690",
        "price_per_unit": "2936",
        "price_unit": "KG"
      },
      {
        "state": "NT",
        "price": "690",
        "price_per_unit": "2936",
        "price_unit": "KG"
      },
      {
        "state": "NT",
        "price": "690",
        "price_per_unit": "2936",
        "price_unit": "KG"
      }
    ]
  },
  {
    "source_url": "https://www.woolworths.com.au/shop/productdetails/302105/mersey-valley-original-vintage-cheddar-cheese-block",
    "name": "Mersey Valley Original Vintage Cheddar Cheese Block 180g",
    "image_url": "https://cdn1.woolworths.media/content/wowproductimages/large/302105.jpg",
    "source_id": "Woolworths - 302105",
    "barcode": "9314441702487",
    "shop": "Woolworths",
    "weight": "1KG",
    "prices": [
      {
        "state": "NSW",
        "price": "870",
        "price_per_unit": "4833",
        "price_unit": "KG"
      },
      {
        "state": "NSW",
        "price": "870",
        "price_per_unit": "4833",
        "price_unit": "KG"
      },
      {
        "state": "VIC",
        "price": "870",
        "price_per_unit": "4833",
        "price_unit": "KG"
      },
      {
        "state": "VIC",
        "price": "870",
        "price_per_unit": "4833",
        "price_unit": "KG"
      },
      {
        "state": "QLD",
        "price": "870",
        "price_per_unit": "4833",
        "price_unit": "KG"
      },
      {
        "state": "QLD",
        "price": "870",
        "price_per_unit": "4833",
        "price_unit": "KG"
      },
      {
        "state": "WA",
        "price": "870",
        "price_per_unit": "4833",
        "price_unit": "KG"
      },
      {
        "state": "WA",
        "price": "870",
        "price_per_unit": "4833",
        "price_unit": "KG"
      },
      {
        "state": "SA",
        "price": "870",
        "price_per_unit": "4833",
        "price_unit": "KG"
      },
      {
        "state": "SA",
        "price": "870",
        "price_per_unit": "4833",
        "price_unit": "KG"
      },
      {
        "state": "TAS",
        "price": "870",
        "price_per_unit": "4833",
        "price_unit": "KG"
      },
      {
        "state": "TAS",
        "price": "870",
        "price_per_unit": "4833",
        "price_unit": "KG"
      },
      {
        "state": "ACT",
        "price": "870",
        "price_per_unit": "4833",
        "price_unit": "KG"
      },
      {
        "state": "ACT",
        "price": "870",
        "price_per_unit": "4833",
        "price_unit": "KG"
      },
      {
        "state": "NT",
        "price": "870",
        "price_per_unit": "4833",
        "price_unit": "KG"
      },
      {
        "state": "NT",
        "price": "870",
        "price_per_unit": "4833",
        "price_unit": "KG"
      }
    ]
  },
  {
    "source_url": "https://www.woolworths.com.au/shop/productdetails/244154/mersey-valley-peppercorn-medley-cheddar-cheese-block",
    "name": "Mersey Valley Peppercorn Medley Cheddar Cheese Block 235g",
    "image_url": "https://cdn1.woolworths.media/content/wowproductimages/large/244154.jpg",
    "source_id": "Woolworths - 244154",
    "barcode": "9310134901137",
    "shop": "Woolworths",
    "weight": "1KG",
    "prices": [
      {
        "state": "NSW",
        "price": "690",
        "price_per_unit": "2936",
        "price_unit": "KG"
      },
      {
        "state": "NSW",
        "price": "690",
        "price_per_unit": "2936",
        "price_unit": "KG"
      },
      {
        "state": "VIC",
        "price": "690",
        "price_per_unit": "2936",
        "price_unit": "KG"
      },
      {
        "state": "VIC",
        "price": "690",
        "price_per_unit": "2936",
        "price_unit": "KG"
      },
      {
        "state": "QLD",
        "price": "690",
        "price_per_unit": "2936",
        "price_unit": "KG"
      },
      {
        "state": "QLD",
        "price": "690",
        "price_per_unit": "2936",
        "price_unit": "KG"
      },
      {
        "state": "WA",
        "price": "690",
        "price_per_unit": "2936",
        "price_unit": "KG"
      },
      {
        "state": "WA",
        "price": "690",
        "price_per_unit": "2936",
        "price_unit": "KG"
      },
      {
        "state": "SA",
        "price": "690",
        "price_per_unit": "2936",
        "price_unit": "KG"
      },
      {
        "state": "SA",
        "price": "690",
        "price_per_unit": "2936",
        "price_unit": "KG"
      },
      {
        "state": "TAS",
        "price": "690",
        "price_per_unit": "2936",
        "price_unit": "KG"
      },
      {
        "state": "TAS",
        "price": "690",
        "price_per_unit": "2936",
        "price_unit": "KG"
      },
      {
        "state": "ACT",
        "price": "690",
        "price_per_unit": "2936",
        "price_unit": "KG"
      },
      {
        "state": "ACT",
        "price": "690",
        "price_per_unit": "2936",
        "price_unit": "KG"
      },
      {
        "state": "NT",
        "price": "690",
        "price_per_unit": "2936",
        "price_unit": "KG"
      },
      {
        "state": "NT",
        "price": "690",
        "price_per_unit": "2936",
        "price_unit": "KG"
      }
    ]
  },
  {
    "source_url": "https://www.woolworths.com.au/shop/productdetails/250852/mersey-valley-pickled-onion-cheddar-cheese-block",
    "name": "Mersey Valley Pickled Onion Cheddar Cheese Block 235g",
    "image_url": "https://cdn1.woolworths.media/content/wowproductimages/large/250852.jpg",
    "source_id": "Woolworths - 250852",
    "barcode": "9310134901359",
    "shop": "Woolworths",
    "weight": "1KG",
    "prices": [
      {
        "state": "NSW",
        "price": "690",
        "price_per_unit": "2936",
        "price_unit": "KG"
      },
      {
        "state": "NSW",
        "price": "690",
        "price_per_unit": "2936",
        "price_unit": "KG"
      },
      {
        "state": "VIC",
        "price": "690",
        "price_per_unit": "2936",
        "price_unit": "KG"
      },
      {
        "state": "VIC",
        "price": "690",
        "price_per_unit": "2936",
        "price_unit": "KG"
      },
      {
        "state": "QLD",
        "price": "690",
        "price_per_unit": "2936",
        "price_unit": "KG"
      },
      {
        "state": "QLD",
        "price": "690",
        "price_per_unit": "2936",
        "price_unit": "KG"
      },
      {
        "state": "WA",
        "price": "690",
        "price_per_unit": "2936",
        "price_unit": "KG"
      },
      {
        "state": "WA",
        "price": "690",
        "price_per_unit": "2936",
        "price_unit": "KG"
      },
      {
        "state": "SA",
        "price": "690",
        "price_per_unit": "2936",
        "price_unit": "KG"
      },
      {
        "state": "SA",
        "price": "690",
        "price_per_unit": "2936",
        "price_unit": "KG"
      },
      {
        "state": "TAS",
        "price": "690",
        "price_per_unit": "2936",
        "price_unit": "KG"
      },
      {
        "state": "TAS",
        "price": "690",
        "price_per_unit": "2936",
        "price_unit": "KG"
      },
      {
        "state": "ACT",
        "price": "690",
        "price_per_unit": "2936",
        "price_unit": "KG"
      },
      {
        "state": "ACT",
        "price": "690",
        "price_per_unit": "2936",
        "price_unit": "KG"
      },
      {
        "state": "NT",
        "price": "690",
        "price_per_unit": "2936",
        "price_unit": "KG"
      },
      {
        "state": "NT",
        "price": "690",
        "price_per_unit": "2936",
        "price_unit": "KG"
      }
    ]
  },
  {
    "source_url": "https://www.woolworths.com.au/shop/productdetails/808130/mersey-valley-pickled-onion-cheddar-cheese-block",
    "name": "Mersey Valley Pickled Onion Cheddar Cheese Block 80g",
    "image_url": "https://cdn1.woolworths.media/content/wowproductimages/large/808130.jpg",
    "source_id": "Woolworths - 808130",
    "barcode": "9314441712547",
    "shop": "Woolworths",
    "weight": "1KG",
    "prices": [
      {
        "state": "NSW",
        "price": "480",
        "price_per_unit": "6000",
        "price_unit": "KG"
      },
      {
        "state": "NSW",
        "price": "480",
        "price_per_unit": "6000",
        "price_unit": "KG"
      },
      {
        "state": "VIC",
        "price": "480",
        "price_per_unit": "6000",
        "price_unit": "KG"
      },
      {
        "state": "VIC",
        "price": "480",
        "price_per_unit": "6000",
        "price_unit": "KG"
      },
      {
        "state": "QLD",
        "price": "480",
        "price_per_unit": "6000",
        "price_unit": "KG"
      },
      {
        "state": "QLD",
        "price": "480",
        "price_per_unit": "6000",
        "price_unit": "KG"
      },
      {
        "state": "WA",
        "price": "480",
        "price_per_unit": "6000",
        "price_unit": "KG"
      },
      {
        "state": "WA",
        "price": "480",
        "price_per_unit": "6000",
        "price_unit": "KG"
      },
      {
        "state": "SA",
        "price": "480",
        "price_per_unit": "6000",
        "price_unit": "KG"
      },
      {
        "state": "SA",
        "price": "480",
        "price_per_unit": "6000",
        "price_unit": "KG"
      },
      {
        "state": "TAS",
        "price": "480",
        "price_per_unit": "6000",
        "price_unit": "KG"
      },
      {
        "state": "TAS",
        "price": "480",
        "price_per_unit": "6000",
        "price_unit": "KG"
      },
      {
        "state": "ACT",
        "price": "480",
        "price_per_unit": "6000",
        "price_unit": "KG"
      },
      {
        "state": "ACT",
        "price": "480",
        "price_per_unit": "6000",
        "price_unit": "KG"
      },
      {
        "state": "NT",
        "price": "480",
        "price_per_unit": "6000",
        "price_unit": "KG"
      },
      {
        "state": "NT",
        "price": "480",
        "price_per_unit": "6000",
        "price_unit": "KG"
      }
    ]
  },
  {
    "source_url": "https://www.woolworths.com.au/shop/productdetails/244194/mersey-valley-ploughmans-cheddar-cheese-block",
    "name": "Mersey Valley Ploughmans Cheddar Cheese Block 235g",
    "image_url": "https://cdn1.woolworths.media/content/wowproductimages/large/244194.jpg",
    "source_id": "Woolworths - 244194",
    "barcode": "9310134901106",
    "shop": "Woolworths",
    "weight": "1KG",
    "prices": [
      {
        "state": "NSW",
        "price": "690",
        "price_per_unit": "2936",
        "price_unit": "KG"
      },
      {
        "state": "NSW",
        "price": "690",
        "price_per_unit": "2936",
        "price_unit": "KG"
      },
      {
        "state": "VIC",
        "price": "690",
        "price_per_unit": "2936",
        "price_unit": "KG"
      },
      {
        "state": "VIC",
        "price": "690",
        "price_per_unit": "2936",
        "price_unit": "KG"
      },
      {
        "state": "QLD",
        "price": "690",
        "price_per_unit": "2936",
        "price_unit": "KG"
      },
      {
        "state": "QLD",
        "price": "690",
        "price_per_unit": "2936",
        "price_unit": "KG"
      },
      {
        "state": "WA",
        "price": "690",
        "price_per_unit": "2936",
        "price_unit": "KG"
      },
      {
        "state": "WA",
        "price": "690",
        "price_per_unit": "2936",
        "price_unit": "KG"
      },
      {
        "state": "SA",
        "price": "690",
        "price_per_unit": "2936",
        "price_unit": "KG"
      },
      {
        "state": "SA",
        "price": "690",
        "price_per_unit": "2936",
        "price_unit": "KG"
      },
      {
        "state": "TAS",
        "price": "690",
        "price_per_unit": "2936",
        "price_unit": "KG"
      },
      {
        "state": "TAS",
        "price": "690",
        "price_per_unit": "2936",
        "price_unit": "KG"
      },
      {
        "state": "ACT",
        "price": "690",
        "price_per_unit": "2936",
        "price_unit": "KG"
      },
      {
        "state": "ACT",
        "price": "690",
        "price_per_unit": "2936",
        "price_unit": "KG"
      },
      {
        "state": "NT",
        "price": "690",
        "price_per_unit": "2936",
        "price_unit": "KG"
      },
      {
        "state": "NT",
        "price": "690",
        "price_per_unit": "2936",
        "price_unit": "KG"
      }
    ]
  },
  {
    "source_url": "https://www.woolworths.com.au/shop/productdetails/318679/mersey-valley-salt-vinegar-cheddar-cheese-block",
    "name": "Mersey Valley Salt & Vinegar Cheddar Cheese Block 235g",
    "image_url": "https://cdn1.woolworths.media/content/wowproductimages/large/318679.jpg",
    "source_id": "Woolworths - 318679",
    "barcode": "9300639617831",
    "shop": "Woolworths",
    "weight": "1KG",
    "prices": [
      {
        "state": "NSW",
        "price": "690",
        "price_per_unit": "2936",
        "price_unit": "KG"
      },
      {
        "state": "NSW",
        "price": "690",
        "price_per_unit": "2936",
        "price_unit": "KG"
      },
      {
        "state": "VIC",
        "price": "690",
        "price_per_unit": "2936",
        "price_unit": "KG"
      },
      {
        "state": "VIC",
        "price": "690",
        "price_per_unit": "2936",
        "price_unit": "KG"
      },
      {
        "state": "QLD",
        "price": "690",
        "price_per_unit": "2936",
        "price_unit": "KG"
      },
      {
        "state": "QLD",
        "price": "690",
        "price_per_unit": "2936",
        "price_unit": "KG"
      },
      {
        "state": "WA",
        "price": "690",
        "price_per_unit": "2936",
        "price_unit": "KG"
      },
      {
        "state": "WA",
        "price": "690",
        "price_per_unit": "2936",
        "price_unit": "KG"
      },
      {
        "state": "SA",
        "price": "690",
        "price_per_unit": "2936",
        "price_unit": "KG"
      },
      {
        "state": "SA",
        "price": "690",
        "price_per_unit": "2936",
        "price_unit": "KG"
      },
      {
        "state": "TAS",
        "price": "690",
        "price_per_unit": "2936",
        "price_unit": "KG"
      },
      {
        "state": "TAS",
        "price": "690",
        "price_per_unit": "2936",
        "price_unit": "KG"
      },
      {
        "state": "ACT",
        "price": "690",
        "price_per_unit": "2936",
        "price_unit": "KG"
      },
      {
        "state": "ACT",
        "price": "690",
        "price_per_unit": "2936",
        "price_unit": "KG"
      }
    ]
  },
  {
    "source_url": "https://www.woolworths.com.au/shop/productdetails/320676/mersey-valley-salt-vinegar-cheddar-cheese-block",
    "name": "Mersey Valley Salt & Vinegar Cheddar Cheese Block 80g",
    "image_url": "https://cdn1.woolworths.media/content/wowproductimages/large/320676.jpg",
    "source_id": "Woolworths - 320676",
    "barcode": "9300639617824",
    "shop": "Woolworths",
    "weight": "1KG",
    "prices": [
      {
        "state": "NSW",
        "price": "480",
        "price_per_unit": "6000",
        "price_unit": "KG"
      },
      {
        "state": "NSW",
        "price": "480",
        "price_per_unit": "6000",
        "price_unit": "KG"
      },
      {
        "state": "VIC",
        "price": "480",
        "price_per_unit": "6000",
        "price_unit": "KG"
      },
      {
        "state": "VIC",
        "price": "480",
        "price_per_unit": "6000",
        "price_unit": "KG"
      },
      {
        "state": "QLD",
        "price": "480",
        "price_per_unit": "6000",
        "price_unit": "KG"
      },
      {
        "state": "QLD",
        "price": "480",
        "price_per_unit": "6000",
        "price_unit": "KG"
      },
      {
        "state": "WA",
        "price": "480",
        "price_per_unit": "6000",
        "price_unit": "KG"
      },
      {
        "state": "WA",
        "price": "480",
        "price_per_unit": "6000",
        "price_unit": "KG"
      },
      {
        "state": "SA",
        "price": "480",
        "price_per_unit": "6000",
        "price_unit": "KG"
      },
      {
        "state": "SA",
        "price": "480",
        "price_per_unit": "6000",
        "price_unit": "KG"
      },
      {
        "state": "TAS",
        "price": "480",
        "price_per_unit": "6000",
        "price_unit": "KG"
      },
      {
        "state": "TAS",
        "price": "480",
        "price_per_unit": "6000",
        "price_unit": "KG"
      },
      {
        "state": "ACT",
        "price": "480",
        "price_per_unit": "6000",
        "price_unit": "KG"
      },
      {
        "state": "ACT",
        "price": "480",
        "price_per_unit": "6000",
        "price_unit": "KG"
      }
    ]
  },
  {
    "source_url": "https://www.woolworths.com.au/shop/productdetails/493675/mifroma-le-gruyere-cave-aged-11-months-cheese",
    "name": "Mifroma Le Gruyere Cave-Aged 11 Months Cheese 140g",
    "image_url": "https://cdn1.woolworths.media/content/wowproductimages/large/493675.jpg",
    "source_id": "Woolworths - 493675",
    "barcode": "7617067058085",
    "shop": "Woolworths",
    "weight": "1KG",
    "prices": [
      {
        "state": "NSW",
        "price": "1090",
        "price_per_unit": "7786",
        "price_unit": "KG"
      },
      {
        "state": "NSW",
        "price": "1090",
        "price_per_unit": "7786",
        "price_unit": "KG"
      },
      {
        "state": "VIC",
        "price": "1090",
        "price_per_unit": "7786",
        "price_unit": "KG"
      },
      {
        "state": "VIC",
        "price": "1090",
        "price_per_unit": "7786",
        "price_unit": "KG"
      },
      {
        "state": "QLD",
        "price": "1090",
        "price_per_unit": "7786",
        "price_unit": "KG"
      },
      {
        "state": "QLD",
        "price": "1090",
        "price_per_unit": "7786",
        "price_unit": "KG"
      },
      {
        "state": "WA",
        "price": "1090",
        "price_per_unit": "7786",
        "price_unit": "KG"
      },
      {
        "state": "WA",
        "price": "1090",
        "price_per_unit": "7786",
        "price_unit": "KG"
      },
      {
        "state": "SA",
        "price": "1090",
        "price_per_unit": "7786",
        "price_unit": "KG"
      },
      {
        "state": "SA",
        "price": "1090",
        "price_per_unit": "7786",
        "price_unit": "KG"
      },
      {
        "state": "TAS",
        "price": "1090",
        "price_per_unit": "7786",
        "price_unit": "KG"
      },
      {
        "state": "TAS",
        "price": "1090",
        "price_per_unit": "7786",
        "price_unit": "KG"
      },
      {
        "state": "ACT",
        "price": "1090",
        "price_per_unit": "7786",
        "price_unit": "KG"
      },
      {
        "state": "ACT",
        "price": "1090",
        "price_per_unit": "7786",
        "price_unit": "KG"
      },
      {
        "state": "NT",
        "price": "1090",
        "price_per_unit": "7786",
        "price_unit": "KG"
      },
      {
        "state": "NT",
        "price": "1090",
        "price_per_unit": "7786",
        "price_unit": "KG"
      }
    ]
  },
  {
    "source_url": "https://www.woolworths.com.au/shop/productdetails/97995/mil-lel-extra-sharp-parmesan-pecorino",
    "name": "Mil Lel Extra Sharp Parmesan & Pecorino 170g",
    "image_url": "https://cdn1.woolworths.media/content/wowproductimages/large/097995.jpg",
    "source_id": "Woolworths - 97995",
    "barcode": "9311482013794",
    "shop": "Woolworths",
    "weight": "1KG",
    "prices": [
      {
        "state": "NSW",
        "price": "690",
        "price_per_unit": "4059",
        "price_unit": "KG"
      },
      {
        "state": "NSW",
        "price": "690",
        "price_per_unit": "4059",
        "price_unit": "KG"
      },
      {
        "state": "VIC",
        "price": "690",
        "price_per_unit": "4059",
        "price_unit": "KG"
      },
      {
        "state": "VIC",
        "price": "690",
        "price_per_unit": "4059",
        "price_unit": "KG"
      },
      {
        "state": "QLD",
        "price": "690",
        "price_per_unit": "4059",
        "price_unit": "KG"
      },
      {
        "state": "QLD",
        "price": "690",
        "price_per_unit": "4059",
        "price_unit": "KG"
      },
      {
        "state": "WA",
        "price": "690",
        "price_per_unit": "4059",
        "price_unit": "KG"
      },
      {
        "state": "WA",
        "price": "690",
        "price_per_unit": "4059",
        "price_unit": "KG"
      },
      {
        "state": "SA",
        "price": "690",
        "price_per_unit": "4059",
        "price_unit": "KG"
      },
      {
        "state": "SA",
        "price": "690",
        "price_per_unit": "4059",
        "price_unit": "KG"
      },
      {
        "state": "TAS",
        "price": "690",
        "price_per_unit": "4059",
        "price_unit": "KG"
      },
      {
        "state": "TAS",
        "price": "690",
        "price_per_unit": "4059",
        "price_unit": "KG"
      },
      {
        "state": "ACT",
        "price": "690",
        "price_per_unit": "4059",
        "price_unit": "KG"
      },
      {
        "state": "ACT",
        "price": "690",
        "price_per_unit": "4059",
        "price_unit": "KG"
      },
      {
        "state": "NT",
        "price": "690",
        "price_per_unit": "4059",
        "price_unit": "KG"
      },
      {
        "state": "NT",
        "price": "690",
        "price_per_unit": "4059",
        "price_unit": "KG"
      }
    ]
  },
  {
    "source_url": "https://www.woolworths.com.au/shop/productdetails/98063/mil-lel-shaved-parmesan",
    "name": "Mil Lel Shaved Parmesan 170g",
    "image_url": "https://cdn1.woolworths.media/content/wowproductimages/large/098063.jpg",
    "source_id": "Woolworths - 98063",
    "barcode": "9311482013787",
    "shop": "Woolworths",
    "weight": "1KG",
    "prices": [
      {
        "state": "NSW",
        "price": "690",
        "price_per_unit": "4059",
        "price_unit": "KG"
      },
      {
        "state": "NSW",
        "price": "690",
        "price_per_unit": "4059",
        "price_unit": "KG"
      },
      {
        "state": "VIC",
        "price": "690",
        "price_per_unit": "4059",
        "price_unit": "KG"
      },
      {
        "state": "VIC",
        "price": "690",
        "price_per_unit": "4059",
        "price_unit": "KG"
      },
      {
        "state": "QLD",
        "price": "690",
        "price_per_unit": "4059",
        "price_unit": "KG"
      },
      {
        "state": "QLD",
        "price": "690",
        "price_per_unit": "4059",
        "price_unit": "KG"
      },
      {
        "state": "WA",
        "price": "690",
        "price_per_unit": "4059",
        "price_unit": "KG"
      },
      {
        "state": "WA",
        "price": "690",
        "price_per_unit": "4059",
        "price_unit": "KG"
      },
      {
        "state": "SA",
        "price": "690",
        "price_per_unit": "4059",
        "price_unit": "KG"
      },
      {
        "state": "SA",
        "price": "690",
        "price_per_unit": "4059",
        "price_unit": "KG"
      },
      {
        "state": "TAS",
        "price": "690",
        "price_per_unit": "4059",
        "price_unit": "KG"
      },
      {
        "state": "TAS",
        "price": "690",
        "price_per_unit": "4059",
        "price_unit": "KG"
      },
      {
        "state": "ACT",
        "price": "690",
        "price_per_unit": "4059",
        "price_unit": "KG"
      },
      {
        "state": "ACT",
        "price": "690",
        "price_per_unit": "4059",
        "price_unit": "KG"
      },
      {
        "state": "NT",
        "price": "690",
        "price_per_unit": "4059",
        "price_unit": "KG"
      },
      {
        "state": "NT",
        "price": "690",
        "price_per_unit": "4059",
        "price_unit": "KG"
      }
    ]
  },
  {
    "source_url": "https://www.woolworths.com.au/shop/productdetails/97106/mil-lel-shredded-parmesan",
    "name": "Mil Lel Shredded Parmesan 170g",
    "image_url": "https://cdn1.woolworths.media/content/wowproductimages/large/097106.jpg",
    "source_id": "Woolworths - 97106",
    "barcode": "9311482013763",
    "shop": "Woolworths",
    "weight": "1KG",
    "prices": [
      {
        "state": "NSW",
        "price": "690",
        "price_per_unit": "4059",
        "price_unit": "KG"
      },
      {
        "state": "NSW",
        "price": "690",
        "price_per_unit": "4059",
        "price_unit": "KG"
      },
      {
        "state": "VIC",
        "price": "690",
        "price_per_unit": "4059",
        "price_unit": "KG"
      },
      {
        "state": "VIC",
        "price": "690",
        "price_per_unit": "4059",
        "price_unit": "KG"
      },
      {
        "state": "QLD",
        "price": "690",
        "price_per_unit": "4059",
        "price_unit": "KG"
      },
      {
        "state": "QLD",
        "price": "690",
        "price_per_unit": "4059",
        "price_unit": "KG"
      },
      {
        "state": "WA",
        "price": "690",
        "price_per_unit": "4059",
        "price_unit": "KG"
      },
      {
        "state": "WA",
        "price": "690",
        "price_per_unit": "4059",
        "price_unit": "KG"
      },
      {
        "state": "SA",
        "price": "690",
        "price_per_unit": "4059",
        "price_unit": "KG"
      },
      {
        "state": "SA",
        "price": "690",
        "price_per_unit": "4059",
        "price_unit": "KG"
      },
      {
        "state": "TAS",
        "price": "690",
        "price_per_unit": "4059",
        "price_unit": "KG"
      },
      {
        "state": "TAS",
        "price": "690",
        "price_per_unit": "4059",
        "price_unit": "KG"
      },
      {
        "state": "ACT",
        "price": "690",
        "price_per_unit": "4059",
        "price_unit": "KG"
      },
      {
        "state": "ACT",
        "price": "690",
        "price_per_unit": "4059",
        "price_unit": "KG"
      },
      {
        "state": "NT",
        "price": "690",
        "price_per_unit": "4059",
        "price_unit": "KG"
      },
      {
        "state": "NT",
        "price": "690",
        "price_per_unit": "4059",
        "price_unit": "KG"
      }
    ]
  },
  {
    "source_url": "https://www.woolworths.com.au/shop/productdetails/216900/mon-ami-double-cream-french-brie-petit",
    "name": "Mon Ami Double Cream French Brie Petit 125g",
    "image_url": "https://cdn1.woolworths.media/content/wowproductimages/large/216900.jpg",
    "source_id": "Woolworths - 216900",
    "barcode": "5704025035058",
    "shop": "Woolworths",
    "weight": "1KG",
    "prices": [
      {
        "state": "NSW",
        "price": "400",
        "price_per_unit": "3200",
        "price_unit": "KG"
      },
      {
        "state": "NSW",
        "price": "400",
        "price_per_unit": "3200",
        "price_unit": "KG"
      },
      {
        "state": "VIC",
        "price": "400",
        "price_per_unit": "3200",
        "price_unit": "KG"
      },
      {
        "state": "VIC",
        "price": "400",
        "price_per_unit": "3200",
        "price_unit": "KG"
      },
      {
        "state": "QLD",
        "price": "400",
        "price_per_unit": "3200",
        "price_unit": "KG"
      },
      {
        "state": "QLD",
        "price": "400",
        "price_per_unit": "3200",
        "price_unit": "KG"
      },
      {
        "state": "WA",
        "price": "400",
        "price_per_unit": "3200",
        "price_unit": "KG"
      },
      {
        "state": "WA",
        "price": "400",
        "price_per_unit": "3200",
        "price_unit": "KG"
      },
      {
        "state": "SA",
        "price": "400",
        "price_per_unit": "3200",
        "price_unit": "KG"
      },
      {
        "state": "SA",
        "price": "400",
        "price_per_unit": "3200",
        "price_unit": "KG"
      },
      {
        "state": "TAS",
        "price": "400",
        "price_per_unit": "3200",
        "price_unit": "KG"
      },
      {
        "state": "TAS",
        "price": "400",
        "price_per_unit": "3200",
        "price_unit": "KG"
      },
      {
        "state": "ACT",
        "price": "400",
        "price_per_unit": "3200",
        "price_unit": "KG"
      },
      {
        "state": "ACT",
        "price": "400",
        "price_per_unit": "3200",
        "price_unit": "KG"
      },
      {
        "state": "NT",
        "price": "400",
        "price_per_unit": "3200",
        "price_unit": "KG"
      },
      {
        "state": "NT",
        "price": "400",
        "price_per_unit": "3200",
        "price_unit": "KG"
      }
    ]
  },
  {
    "source_url": "https://www.woolworths.com.au/shop/productdetails/726490/mon-ami-french-brie-cheese",
    "name": "Mon Ami French Brie Cheese 200g",
    "image_url": "https://cdn1.woolworths.media/content/wowproductimages/large/726490.jpg",
    "source_id": "Woolworths - 726490",
    "barcode": "5704025016965",
    "shop": "Woolworths",
    "weight": "1KG",
    "prices": [
      {
        "state": "NSW",
        "price": "720",
        "price_per_unit": "3600",
        "price_unit": "KG"
      },
      {
        "state": "NSW",
        "price": "720",
        "price_per_unit": "3600",
        "price_unit": "KG"
      },
      {
        "state": "VIC",
        "price": "600",
        "price_per_unit": "3000",
        "price_unit": "KG"
      },
      {
        "state": "VIC",
        "price": "600",
        "price_per_unit": "3000",
        "price_unit": "KG"
      },
      {
        "state": "QLD",
        "price": "720",
        "price_per_unit": "3600",
        "price_unit": "KG"
      },
      {
        "state": "QLD",
        "price": "720",
        "price_per_unit": "3600",
        "price_unit": "KG"
      },
      {
        "state": "WA",
        "price": "720",
        "price_per_unit": "3600",
        "price_unit": "KG"
      },
      {
        "state": "WA",
        "price": "720",
        "price_per_unit": "3600",
        "price_unit": "KG"
      },
      {
        "state": "SA",
        "price": "720",
        "price_per_unit": "3600",
        "price_unit": "KG"
      },
      {
        "state": "SA",
        "price": "720",
        "price_per_unit": "3600",
        "price_unit": "KG"
      },
      {
        "state": "TAS",
        "price": "720",
        "price_per_unit": "3600",
        "price_unit": "KG"
      },
      {
        "state": "TAS",
        "price": "720",
        "price_per_unit": "3600",
        "price_unit": "KG"
      },
      {
        "state": "ACT",
        "price": "720",
        "price_per_unit": "3600",
        "price_unit": "KG"
      },
      {
        "state": "ACT",
        "price": "720",
        "price_per_unit": "3600",
        "price_unit": "KG"
      },
      {
        "state": "NT",
        "price": "720",
        "price_per_unit": "3600",
        "price_unit": "KG"
      },
      {
        "state": "NT",
        "price": "720",
        "price_per_unit": "3600",
        "price_unit": "KG"
      }
    ]
  },
  {
    "source_url": "https://www.woolworths.com.au/shop/productdetails/751148/mon-ami-french-camembert-cheese",
    "name": "Mon Ami French Camembert Cheese 200g",
    "image_url": "https://cdn1.woolworths.media/content/wowproductimages/large/751148.jpg",
    "source_id": "Woolworths - 751148",
    "barcode": "5704025018280",
    "shop": "Woolworths",
    "weight": "1KG",
    "prices": [
      {
        "state": "NSW",
        "price": "720",
        "price_per_unit": "3600",
        "price_unit": "KG"
      },
      {
        "state": "NSW",
        "price": "720",
        "price_per_unit": "3600",
        "price_unit": "KG"
      },
      {
        "state": "VIC",
        "price": "600",
        "price_per_unit": "3000",
        "price_unit": "KG"
      },
      {
        "state": "VIC",
        "price": "600",
        "price_per_unit": "3000",
        "price_unit": "KG"
      },
      {
        "state": "QLD",
        "price": "720",
        "price_per_unit": "3600",
        "price_unit": "KG"
      },
      {
        "state": "QLD",
        "price": "720",
        "price_per_unit": "3600",
        "price_unit": "KG"
      },
      {
        "state": "WA",
        "price": "720",
        "price_per_unit": "3600",
        "price_unit": "KG"
      },
      {
        "state": "WA",
        "price": "720",
        "price_per_unit": "3600",
        "price_unit": "KG"
      },
      {
        "state": "SA",
        "price": "720",
        "price_per_unit": "3600",
        "price_unit": "KG"
      },
      {
        "state": "SA",
        "price": "720",
        "price_per_unit": "3600",
        "price_unit": "KG"
      },
      {
        "state": "TAS",
        "price": "720",
        "price_per_unit": "3600",
        "price_unit": "KG"
      },
      {
        "state": "TAS",
        "price": "720",
        "price_per_unit": "3600",
        "price_unit": "KG"
      },
      {
        "state": "ACT",
        "price": "720",
        "price_per_unit": "3600",
        "price_unit": "KG"
      },
      {
        "state": "ACT",
        "price": "720",
        "price_per_unit": "3600",
        "price_unit": "KG"
      },
      {
        "state": "NT",
        "price": "720",
        "price_per_unit": "3600",
        "price_unit": "KG"
      },
      {
        "state": "NT",
        "price": "720",
        "price_per_unit": "3600",
        "price_unit": "KG"
      }
    ]
  },
  {
    "source_url": "https://www.woolworths.com.au/shop/productdetails/319652/mon-ami-french-le-fromager-double-cream-brie",
    "name": "Mon Ami French Le Fromager Double Cream Brie 300g",
    "image_url": "https://cdn1.woolworths.media/content/wowproductimages/large/319652.jpg",
    "source_id": "Woolworths - 319652",
    "barcode": "5704025035515",
    "shop": "Woolworths",
    "weight": "1KG",
    "prices": [
      {
        "state": "NSW",
        "price": "890",
        "price_per_unit": "2967",
        "price_unit": "KG"
      },
      {
        "state": "NSW",
        "price": "890",
        "price_per_unit": "2967",
        "price_unit": "KG"
      },
      {
        "state": "QLD",
        "price": "890",
        "price_per_unit": "2967",
        "price_unit": "KG"
      },
      {
        "state": "QLD",
        "price": "890",
        "price_per_unit": "2967",
        "price_unit": "KG"
      },
      {
        "state": "WA",
        "price": "890",
        "price_per_unit": "2967",
        "price_unit": "KG"
      },
      {
        "state": "WA",
        "price": "890",
        "price_per_unit": "2967",
        "price_unit": "KG"
      },
      {
        "state": "SA",
        "price": "890",
        "price_per_unit": "2967",
        "price_unit": "KG"
      },
      {
        "state": "SA",
        "price": "890",
        "price_per_unit": "2967",
        "price_unit": "KG"
      },
      {
        "state": "TAS",
        "price": "890",
        "price_per_unit": "2967",
        "price_unit": "KG"
      },
      {
        "state": "TAS",
        "price": "890",
        "price_per_unit": "2967",
        "price_unit": "KG"
      },
      {
        "state": "ACT",
        "price": "890",
        "price_per_unit": "2967",
        "price_unit": "KG"
      },
      {
        "state": "ACT",
        "price": "890",
        "price_per_unit": "2967",
        "price_unit": "KG"
      },
      {
        "state": "NT",
        "price": "890",
        "price_per_unit": "2967",
        "price_unit": "KG"
      },
      {
        "state": "NT",
        "price": "890",
        "price_per_unit": "2967",
        "price_unit": "KG"
      }
    ]
  },
  {
    "source_url": "https://www.woolworths.com.au/shop/productdetails/218930/mon-ami-mild-creamy-camembert-petit",
    "name": "Mon Ami Mild & Creamy Camembert Petit 125g",
    "image_url": "https://cdn1.woolworths.media/content/wowproductimages/large/218930.jpg",
    "source_id": "Woolworths - 218930",
    "barcode": "5704025035065",
    "shop": "Woolworths",
    "weight": "1KG",
    "prices": [
      {
        "state": "NSW",
        "price": "400",
        "price_per_unit": "3200",
        "price_unit": "KG"
      },
      {
        "state": "NSW",
        "price": "400",
        "price_per_unit": "3200",
        "price_unit": "KG"
      },
      {
        "state": "VIC",
        "price": "400",
        "price_per_unit": "3200",
        "price_unit": "KG"
      },
      {
        "state": "VIC",
        "price": "400",
        "price_per_unit": "3200",
        "price_unit": "KG"
      },
      {
        "state": "QLD",
        "price": "400",
        "price_per_unit": "3200",
        "price_unit": "KG"
      },
      {
        "state": "QLD",
        "price": "400",
        "price_per_unit": "3200",
        "price_unit": "KG"
      },
      {
        "state": "WA",
        "price": "400",
        "price_per_unit": "3200",
        "price_unit": "KG"
      },
      {
        "state": "WA",
        "price": "400",
        "price_per_unit": "3200",
        "price_unit": "KG"
      },
      {
        "state": "SA",
        "price": "400",
        "price_per_unit": "3200",
        "price_unit": "KG"
      },
      {
        "state": "SA",
        "price": "400",
        "price_per_unit": "3200",
        "price_unit": "KG"
      },
      {
        "state": "TAS",
        "price": "400",
        "price_per_unit": "3200",
        "price_unit": "KG"
      },
      {
        "state": "TAS",
        "price": "400",
        "price_per_unit": "3200",
        "price_unit": "KG"
      },
      {
        "state": "ACT",
        "price": "400",
        "price_per_unit": "3200",
        "price_unit": "KG"
      },
      {
        "state": "ACT",
        "price": "400",
        "price_per_unit": "3200",
        "price_unit": "KG"
      },
      {
        "state": "NT",
        "price": "400",
        "price_per_unit": "3200",
        "price_unit": "KG"
      },
      {
        "state": "NT",
        "price": "400",
        "price_per_unit": "3200",
        "price_unit": "KG"
      }
    ]
  },
  {
    "source_url": "https://www.woolworths.com.au/shop/productdetails/970291/moondarra-cream-cheese-honey-pistachio",
    "name": "Moondarra Cream Cheese Honey & Pistachio 120G",
    "image_url": "https://cdn1.woolworths.media/content/wowproductimages/large/970291.jpg",
    "source_id": "Woolworths - 970291",
    "barcode": "9329427004103",
    "shop": "Woolworths",
    "weight": "1KG",
    "prices": [
      {
        "state": "NSW",
        "price": "350",
        "price_per_unit": "2917",
        "price_unit": "KG"
      },
      {
        "state": "NSW",
        "price": "350",
        "price_per_unit": "2917",
        "price_unit": "KG"
      },
      {
        "state": "VIC",
        "price": "350",
        "price_per_unit": "2917",
        "price_unit": "KG"
      },
      {
        "state": "VIC",
        "price": "350",
        "price_per_unit": "2917",
        "price_unit": "KG"
      },
      {
        "state": "QLD",
        "price": "350",
        "price_per_unit": "2917",
        "price_unit": "KG"
      },
      {
        "state": "QLD",
        "price": "350",
        "price_per_unit": "2917",
        "price_unit": "KG"
      },
      {
        "state": "WA",
        "price": "350",
        "price_per_unit": "2917",
        "price_unit": "KG"
      },
      {
        "state": "WA",
        "price": "350",
        "price_per_unit": "2917",
        "price_unit": "KG"
      },
      {
        "state": "SA",
        "price": "350",
        "price_per_unit": "2917",
        "price_unit": "KG"
      },
      {
        "state": "SA",
        "price": "350",
        "price_per_unit": "2917",
        "price_unit": "KG"
      },
      {
        "state": "TAS",
        "price": "350",
        "price_per_unit": "2917",
        "price_unit": "KG"
      },
      {
        "state": "TAS",
        "price": "350",
        "price_per_unit": "2917",
        "price_unit": "KG"
      },
      {
        "state": "ACT",
        "price": "350",
        "price_per_unit": "2917",
        "price_unit": "KG"
      },
      {
        "state": "ACT",
        "price": "350",
        "price_per_unit": "2917",
        "price_unit": "KG"
      },
      {
        "state": "NT",
        "price": "350",
        "price_per_unit": "2917",
        "price_unit": "KG"
      },
      {
        "state": "NT",
        "price": "350",
        "price_per_unit": "2917",
        "price_unit": "KG"
      }
    ]
  },
  {
    "source_url": "https://www.woolworths.com.au/shop/productdetails/246814/moondarra-herbs-capsicum-soft-creamy-cheese",
    "name": "Moondarra Herbs & Capsicum Soft & Creamy Cheese 120g",
    "image_url": "https://cdn1.woolworths.media/content/wowproductimages/large/246814.jpg",
    "source_id": "Woolworths - 246814",
    "barcode": "9329427004219",
    "shop": "Woolworths",
    "weight": "1KG",
    "prices": [
      {
        "state": "NSW",
        "price": "350",
        "price_per_unit": "2917",
        "price_unit": "KG"
      },
      {
        "state": "NSW",
        "price": "350",
        "price_per_unit": "2917",
        "price_unit": "KG"
      },
      {
        "state": "VIC",
        "price": "350",
        "price_per_unit": "2917",
        "price_unit": "KG"
      },
      {
        "state": "VIC",
        "price": "350",
        "price_per_unit": "2917",
        "price_unit": "KG"
      },
      {
        "state": "QLD",
        "price": "350",
        "price_per_unit": "2917",
        "price_unit": "KG"
      },
      {
        "state": "QLD",
        "price": "350",
        "price_per_unit": "2917",
        "price_unit": "KG"
      },
      {
        "state": "SA",
        "price": "350",
        "price_per_unit": "2917",
        "price_unit": "KG"
      },
      {
        "state": "SA",
        "price": "350",
        "price_per_unit": "2917",
        "price_unit": "KG"
      },
      {
        "state": "TAS",
        "price": "350",
        "price_per_unit": "2917",
        "price_unit": "KG"
      },
      {
        "state": "TAS",
        "price": "350",
        "price_per_unit": "2917",
        "price_unit": "KG"
      },
      {
        "state": "ACT",
        "price": "350",
        "price_per_unit": "2917",
        "price_unit": "KG"
      },
      {
        "state": "ACT",
        "price": "350",
        "price_per_unit": "2917",
        "price_unit": "KG"
      },
      {
        "state": "NT",
        "price": "350",
        "price_per_unit": "2917",
        "price_unit": "KG"
      },
      {
        "state": "NT",
        "price": "350",
        "price_per_unit": "2917",
        "price_unit": "KG"
      }
    ]
  },
  {
    "source_url": "https://www.woolworths.com.au/shop/productdetails/238284/moondarra-honey-fig-macadamia-soft-cheese",
    "name": "Moondarra Honey, Fig Macadamia Soft Cheese 120g",
    "image_url": "https://cdn1.woolworths.media/content/wowproductimages/large/238284.jpg",
    "source_id": "Woolworths - 238284",
    "barcode": "9329427004325",
    "shop": "Woolworths",
    "weight": "1KG",
    "prices": [
      {
        "state": "NSW",
        "price": "350",
        "price_per_unit": "2917",
        "price_unit": "KG"
      },
      {
        "state": "NSW",
        "price": "350",
        "price_per_unit": "2917",
        "price_unit": "KG"
      },
      {
        "state": "VIC",
        "price": "350",
        "price_per_unit": "2917",
        "price_unit": "KG"
      },
      {
        "state": "VIC",
        "price": "350",
        "price_per_unit": "2917",
        "price_unit": "KG"
      },
      {
        "state": "QLD",
        "price": "350",
        "price_per_unit": "2917",
        "price_unit": "KG"
      },
      {
        "state": "QLD",
        "price": "350",
        "price_per_unit": "2917",
        "price_unit": "KG"
      },
      {
        "state": "WA",
        "price": "350",
        "price_per_unit": "2917",
        "price_unit": "KG"
      },
      {
        "state": "WA",
        "price": "350",
        "price_per_unit": "2917",
        "price_unit": "KG"
      },
      {
        "state": "TAS",
        "price": "350",
        "price_per_unit": "2917",
        "price_unit": "KG"
      },
      {
        "state": "TAS",
        "price": "350",
        "price_per_unit": "2917",
        "price_unit": "KG"
      },
      {
        "state": "ACT",
        "price": "350",
        "price_per_unit": "2917",
        "price_unit": "KG"
      },
      {
        "state": "ACT",
        "price": "350",
        "price_per_unit": "2917",
        "price_unit": "KG"
      },
      {
        "state": "NT",
        "price": "350",
        "price_per_unit": "2917",
        "price_unit": "KG"
      },
      {
        "state": "NT",
        "price": "350",
        "price_per_unit": "2917",
        "price_unit": "KG"
      }
    ]
  },
  {
    "source_url": "https://www.woolworths.com.au/shop/productdetails/320475/moondarra-marinated-cheese-soft-creamy",
    "name": "Moondarra Marinated Cheese Soft & Creamy 430g",
    "image_url": "https://cdn1.woolworths.media/content/wowproductimages/large/320475.jpg",
    "source_id": "Woolworths - 320475",
    "barcode": "9329427004301",
    "shop": "Woolworths",
    "weight": "1KG",
    "prices": [
      {
        "state": "NSW",
        "price": "1000",
        "price_per_unit": "2326",
        "price_unit": "KG"
      },
      {
        "state": "NSW",
        "price": "1000",
        "price_per_unit": "2326",
        "price_unit": "KG"
      },
      {
        "state": "VIC",
        "price": "1000",
        "price_per_unit": "2326",
        "price_unit": "KG"
      },
      {
        "state": "VIC",
        "price": "1000",
        "price_per_unit": "2326",
        "price_unit": "KG"
      },
      {
        "state": "QLD",
        "price": "1000",
        "price_per_unit": "2326",
        "price_unit": "KG"
      },
      {
        "state": "QLD",
        "price": "1000",
        "price_per_unit": "2326",
        "price_unit": "KG"
      },
      {
        "state": "WA",
        "price": "1000",
        "price_per_unit": "2326",
        "price_unit": "KG"
      },
      {
        "state": "WA",
        "price": "1000",
        "price_per_unit": "2326",
        "price_unit": "KG"
      },
      {
        "state": "SA",
        "price": "1000",
        "price_per_unit": "2326",
        "price_unit": "KG"
      },
      {
        "state": "SA",
        "price": "1000",
        "price_per_unit": "2326",
        "price_unit": "KG"
      },
      {
        "state": "TAS",
        "price": "1000",
        "price_per_unit": "2326",
        "price_unit": "KG"
      },
      {
        "state": "TAS",
        "price": "1000",
        "price_per_unit": "2326",
        "price_unit": "KG"
      },
      {
        "state": "ACT",
        "price": "1000",
        "price_per_unit": "2326",
        "price_unit": "KG"
      },
      {
        "state": "ACT",
        "price": "1000",
        "price_per_unit": "2326",
        "price_unit": "KG"
      },
      {
        "state": "NT",
        "price": "1000",
        "price_per_unit": "2326",
        "price_unit": "KG"
      },
      {
        "state": "NT",
        "price": "1000",
        "price_per_unit": "2326",
        "price_unit": "KG"
      }
    ]
  },
  {
    "source_url": "https://www.woolworths.com.au/shop/productdetails/310020/old-telegraph-road-mild-smooth-creamy-brie",
    "name": "Old Telegraph Road Mild & Smooth Creamy Brie 115g",
    "image_url": "https://cdn1.woolworths.media/content/wowproductimages/large/310020.jpg",
    "source_id": "Woolworths - 310020",
    "barcode": "9316389780978",
    "shop": "Woolworths",
    "weight": "1KG",
    "prices": [
      {
        "state": "NSW",
        "price": "560",
        "price_per_unit": "4870",
        "price_unit": "KG"
      },
      {
        "state": "NSW",
        "price": "560",
        "price_per_unit": "4870",
        "price_unit": "KG"
      },
      {
        "state": "VIC",
        "price": "560",
        "price_per_unit": "4870",
        "price_unit": "KG"
      },
      {
        "state": "VIC",
        "price": "560",
        "price_per_unit": "4870",
        "price_unit": "KG"
      },
      {
        "state": "QLD",
        "price": "560",
        "price_per_unit": "4870",
        "price_unit": "KG"
      },
      {
        "state": "QLD",
        "price": "560",
        "price_per_unit": "4870",
        "price_unit": "KG"
      },
      {
        "state": "SA",
        "price": "560",
        "price_per_unit": "4870",
        "price_unit": "KG"
      },
      {
        "state": "SA",
        "price": "560",
        "price_per_unit": "4870",
        "price_unit": "KG"
      },
      {
        "state": "TAS",
        "price": "560",
        "price_per_unit": "4870",
        "price_unit": "KG"
      },
      {
        "state": "TAS",
        "price": "560",
        "price_per_unit": "4870",
        "price_unit": "KG"
      },
      {
        "state": "ACT",
        "price": "560",
        "price_per_unit": "4870",
        "price_unit": "KG"
      },
      {
        "state": "ACT",
        "price": "560",
        "price_per_unit": "4870",
        "price_unit": "KG"
      },
      {
        "state": "NT",
        "price": "560",
        "price_per_unit": "4870",
        "price_unit": "KG"
      },
      {
        "state": "NT",
        "price": "560",
        "price_per_unit": "4870",
        "price_unit": "KG"
      }
    ]
  },
  {
    "source_url": "https://www.woolworths.com.au/shop/productdetails/310191/old-telegraph-road-soft-creamy-camembert",
    "name": "Old Telegraph Road Soft & Creamy Camembert 115g",
    "image_url": "https://cdn1.woolworths.media/content/wowproductimages/large/310191.jpg",
    "source_id": "Woolworths - 310191",
    "barcode": "9316389780985",
    "shop": "Woolworths",
    "weight": "1KG",
    "prices": [
      {
        "state": "NSW",
        "price": "560",
        "price_per_unit": "4870",
        "price_unit": "KG"
      },
      {
        "state": "NSW",
        "price": "560",
        "price_per_unit": "4870",
        "price_unit": "KG"
      },
      {
        "state": "VIC",
        "price": "560",
        "price_per_unit": "4870",
        "price_unit": "KG"
      },
      {
        "state": "VIC",
        "price": "560",
        "price_per_unit": "4870",
        "price_unit": "KG"
      },
      {
        "state": "QLD",
        "price": "560",
        "price_per_unit": "4870",
        "price_unit": "KG"
      },
      {
        "state": "QLD",
        "price": "560",
        "price_per_unit": "4870",
        "price_unit": "KG"
      },
      {
        "state": "SA",
        "price": "560",
        "price_per_unit": "4870",
        "price_unit": "KG"
      },
      {
        "state": "SA",
        "price": "560",
        "price_per_unit": "4870",
        "price_unit": "KG"
      },
      {
        "state": "TAS",
        "price": "560",
        "price_per_unit": "4870",
        "price_unit": "KG"
      },
      {
        "state": "TAS",
        "price": "560",
        "price_per_unit": "4870",
        "price_unit": "KG"
      },
      {
        "state": "ACT",
        "price": "560",
        "price_per_unit": "4870",
        "price_unit": "KG"
      },
      {
        "state": "ACT",
        "price": "560",
        "price_per_unit": "4870",
        "price_unit": "KG"
      },
      {
        "state": "NT",
        "price": "560",
        "price_per_unit": "4870",
        "price_unit": "KG"
      },
      {
        "state": "NT",
        "price": "560",
        "price_per_unit": "4870",
        "price_unit": "KG"
      }
    ]
  },
  {
    "source_url": "https://www.woolworths.com.au/shop/productdetails/807868/perfect-italiano-parmesan-cheese-block",
    "name": "Perfect Italiano Parmesan Cheese Block 200g",
    "image_url": "https://cdn1.woolworths.media/content/wowproductimages/large/807868.jpg",
    "source_id": "Woolworths - 807868",
    "barcode": "9310053105296",
    "shop": "Woolworths",
    "weight": "1KG",
    "prices": [
      {
        "state": "NSW",
        "price": "750",
        "price_per_unit": "3750",
        "price_unit": "KG"
      },
      {
        "state": "NSW",
        "price": "750",
        "price_per_unit": "3750",
        "price_unit": "KG"
      },
      {
        "state": "VIC",
        "price": "750",
        "price_per_unit": "3750",
        "price_unit": "KG"
      },
      {
        "state": "VIC",
        "price": "750",
        "price_per_unit": "3750",
        "price_unit": "KG"
      },
      {
        "state": "QLD",
        "price": "750",
        "price_per_unit": "3750",
        "price_unit": "KG"
      },
      {
        "state": "QLD",
        "price": "750",
        "price_per_unit": "3750",
        "price_unit": "KG"
      },
      {
        "state": "WA",
        "price": "750",
        "price_per_unit": "3750",
        "price_unit": "KG"
      },
      {
        "state": "WA",
        "price": "750",
        "price_per_unit": "3750",
        "price_unit": "KG"
      },
      {
        "state": "SA",
        "price": "750",
        "price_per_unit": "3750",
        "price_unit": "KG"
      },
      {
        "state": "SA",
        "price": "750",
        "price_per_unit": "3750",
        "price_unit": "KG"
      },
      {
        "state": "TAS",
        "price": "750",
        "price_per_unit": "3750",
        "price_unit": "KG"
      },
      {
        "state": "TAS",
        "price": "750",
        "price_per_unit": "3750",
        "price_unit": "KG"
      },
      {
        "state": "ACT",
        "price": "750",
        "price_per_unit": "3750",
        "price_unit": "KG"
      },
      {
        "state": "ACT",
        "price": "750",
        "price_per_unit": "3750",
        "price_unit": "KG"
      },
      {
        "state": "NT",
        "price": "750",
        "price_per_unit": "3750",
        "price_unit": "KG"
      },
      {
        "state": "NT",
        "price": "750",
        "price_per_unit": "3750",
        "price_unit": "KG"
      }
    ]
  },
  {
    "source_url": "https://www.woolworths.com.au/shop/productdetails/226469/perfect-italiano-parmesan-cheese-block-extra-sharp",
    "name": "Perfect Italiano Parmesan Cheese Block Extra Sharp 200g",
    "image_url": "https://cdn1.woolworths.media/content/wowproductimages/large/226469.jpg",
    "source_id": "Woolworths - 226469",
    "barcode": "9310052272678",
    "shop": "Woolworths",
    "weight": "1KG",
    "prices": [
      {
        "state": "NSW",
        "price": "750",
        "price_per_unit": "3750",
        "price_unit": "KG"
      },
      {
        "state": "NSW",
        "price": "750",
        "price_per_unit": "3750",
        "price_unit": "KG"
      },
      {
        "state": "VIC",
        "price": "750",
        "price_per_unit": "3750",
        "price_unit": "KG"
      },
      {
        "state": "VIC",
        "price": "750",
        "price_per_unit": "3750",
        "price_unit": "KG"
      },
      {
        "state": "QLD",
        "price": "750",
        "price_per_unit": "3750",
        "price_unit": "KG"
      },
      {
        "state": "QLD",
        "price": "750",
        "price_per_unit": "3750",
        "price_unit": "KG"
      },
      {
        "state": "WA",
        "price": "750",
        "price_per_unit": "3750",
        "price_unit": "KG"
      },
      {
        "state": "WA",
        "price": "750",
        "price_per_unit": "3750",
        "price_unit": "KG"
      },
      {
        "state": "SA",
        "price": "750",
        "price_per_unit": "3750",
        "price_unit": "KG"
      },
      {
        "state": "SA",
        "price": "750",
        "price_per_unit": "3750",
        "price_unit": "KG"
      },
      {
        "state": "TAS",
        "price": "750",
        "price_per_unit": "3750",
        "price_unit": "KG"
      },
      {
        "state": "TAS",
        "price": "750",
        "price_per_unit": "3750",
        "price_unit": "KG"
      },
      {
        "state": "ACT",
        "price": "750",
        "price_per_unit": "3750",
        "price_unit": "KG"
      },
      {
        "state": "ACT",
        "price": "750",
        "price_per_unit": "3750",
        "price_unit": "KG"
      },
      {
        "state": "NT",
        "price": "750",
        "price_per_unit": "3750",
        "price_unit": "KG"
      },
      {
        "state": "NT",
        "price": "750",
        "price_per_unit": "3750",
        "price_unit": "KG"
      }
    ]
  },
  {
    "source_url": "https://www.woolworths.com.au/shop/productdetails/42161/perfect-italiano-parmesan-cheese-grated-parmesan",
    "name": "Perfect Italiano Parmesan Cheese Grated 125g",
    "image_url": "https://cdn1.woolworths.media/content/wowproductimages/large/042161.jpg",
    "source_id": "Woolworths - 42161",
    "barcode": "9300665023217",
    "shop": "Woolworths",
    "weight": "1KG",
    "prices": [
      {
        "state": "NSW",
        "price": "450",
        "price_per_unit": "3600",
        "price_unit": "KG"
      },
      {
        "state": "NSW",
        "price": "450",
        "price_per_unit": "3600",
        "price_unit": "KG"
      },
      {
        "state": "VIC",
        "price": "450",
        "price_per_unit": "3600",
        "price_unit": "KG"
      },
      {
        "state": "VIC",
        "price": "450",
        "price_per_unit": "3600",
        "price_unit": "KG"
      },
      {
        "state": "QLD",
        "price": "450",
        "price_per_unit": "3600",
        "price_unit": "KG"
      },
      {
        "state": "QLD",
        "price": "450",
        "price_per_unit": "3600",
        "price_unit": "KG"
      },
      {
        "state": "WA",
        "price": "450",
        "price_per_unit": "3600",
        "price_unit": "KG"
      },
      {
        "state": "WA",
        "price": "450",
        "price_per_unit": "3600",
        "price_unit": "KG"
      },
      {
        "state": "SA",
        "price": "450",
        "price_per_unit": "3600",
        "price_unit": "KG"
      },
      {
        "state": "SA",
        "price": "450",
        "price_per_unit": "3600",
        "price_unit": "KG"
      },
      {
        "state": "TAS",
        "price": "450",
        "price_per_unit": "3600",
        "price_unit": "KG"
      },
      {
        "state": "TAS",
        "price": "450",
        "price_per_unit": "3600",
        "price_unit": "KG"
      },
      {
        "state": "ACT",
        "price": "450",
        "price_per_unit": "3600",
        "price_unit": "KG"
      },
      {
        "state": "ACT",
        "price": "450",
        "price_per_unit": "3600",
        "price_unit": "KG"
      },
      {
        "state": "NT",
        "price": "450",
        "price_per_unit": "3600",
        "price_unit": "KG"
      },
      {
        "state": "NT",
        "price": "450",
        "price_per_unit": "3600",
        "price_unit": "KG"
      }
    ]
  },
  {
    "source_url": "https://www.woolworths.com.au/shop/productdetails/302306/perfect-italiano-parmesan-cheese-grated-extra-sharp",
    "name": "Perfect Italiano Parmesan Cheese Grated Extra Sharp 125g",
    "image_url": "https://cdn1.woolworths.media/content/wowproductimages/large/302306.jpg",
    "source_id": "Woolworths - 302306",
    "barcode": "9310052273941",
    "shop": "Woolworths",
    "weight": "1KG",
    "prices": [
      {
        "state": "NSW",
        "price": "450",
        "price_per_unit": "3600",
        "price_unit": "KG"
      },
      {
        "state": "NSW",
        "price": "450",
        "price_per_unit": "3600",
        "price_unit": "KG"
      },
      {
        "state": "VIC",
        "price": "450",
        "price_per_unit": "3600",
        "price_unit": "KG"
      },
      {
        "state": "VIC",
        "price": "450",
        "price_per_unit": "3600",
        "price_unit": "KG"
      },
      {
        "state": "QLD",
        "price": "450",
        "price_per_unit": "3600",
        "price_unit": "KG"
      },
      {
        "state": "QLD",
        "price": "450",
        "price_per_unit": "3600",
        "price_unit": "KG"
      },
      {
        "state": "WA",
        "price": "450",
        "price_per_unit": "3600",
        "price_unit": "KG"
      },
      {
        "state": "WA",
        "price": "450",
        "price_per_unit": "3600",
        "price_unit": "KG"
      },
      {
        "state": "SA",
        "price": "450",
        "price_per_unit": "3600",
        "price_unit": "KG"
      },
      {
        "state": "SA",
        "price": "450",
        "price_per_unit": "3600",
        "price_unit": "KG"
      },
      {
        "state": "TAS",
        "price": "450",
        "price_per_unit": "3600",
        "price_unit": "KG"
      },
      {
        "state": "TAS",
        "price": "450",
        "price_per_unit": "3600",
        "price_unit": "KG"
      },
      {
        "state": "ACT",
        "price": "450",
        "price_per_unit": "3600",
        "price_unit": "KG"
      },
      {
        "state": "ACT",
        "price": "450",
        "price_per_unit": "3600",
        "price_unit": "KG"
      },
      {
        "state": "NT",
        "price": "450",
        "price_per_unit": "3600",
        "price_unit": "KG"
      },
      {
        "state": "NT",
        "price": "450",
        "price_per_unit": "3600",
        "price_unit": "KG"
      }
    ]
  },
  {
    "source_url": "https://www.woolworths.com.au/shop/productdetails/360904/perfect-italiano-parmesan-cheese-grated-shaved-parmesan",
    "name": "Perfect Italiano Parmesan Cheese Grated Shaved 125g",
    "image_url": "https://cdn1.woolworths.media/content/wowproductimages/large/360904.jpg",
    "source_id": "Woolworths - 360904",
    "barcode": "9310052277277",
    "shop": "Woolworths",
    "weight": "1KG",
    "prices": [
      {
        "state": "NSW",
        "price": "450",
        "price_per_unit": "3600",
        "price_unit": "KG"
      },
      {
        "state": "NSW",
        "price": "450",
        "price_per_unit": "3600",
        "price_unit": "KG"
      },
      {
        "state": "VIC",
        "price": "450",
        "price_per_unit": "3600",
        "price_unit": "KG"
      },
      {
        "state": "VIC",
        "price": "450",
        "price_per_unit": "3600",
        "price_unit": "KG"
      },
      {
        "state": "QLD",
        "price": "450",
        "price_per_unit": "3600",
        "price_unit": "KG"
      },
      {
        "state": "QLD",
        "price": "450",
        "price_per_unit": "3600",
        "price_unit": "KG"
      },
      {
        "state": "WA",
        "price": "450",
        "price_per_unit": "3600",
        "price_unit": "KG"
      },
      {
        "state": "WA",
        "price": "450",
        "price_per_unit": "3600",
        "price_unit": "KG"
      },
      {
        "state": "SA",
        "price": "450",
        "price_per_unit": "3600",
        "price_unit": "KG"
      },
      {
        "state": "SA",
        "price": "450",
        "price_per_unit": "3600",
        "price_unit": "KG"
      },
      {
        "state": "TAS",
        "price": "450",
        "price_per_unit": "3600",
        "price_unit": "KG"
      },
      {
        "state": "TAS",
        "price": "450",
        "price_per_unit": "3600",
        "price_unit": "KG"
      },
      {
        "state": "ACT",
        "price": "450",
        "price_per_unit": "3600",
        "price_unit": "KG"
      },
      {
        "state": "ACT",
        "price": "450",
        "price_per_unit": "3600",
        "price_unit": "KG"
      },
      {
        "state": "NT",
        "price": "450",
        "price_per_unit": "3600",
        "price_unit": "KG"
      },
      {
        "state": "NT",
        "price": "450",
        "price_per_unit": "3600",
        "price_unit": "KG"
      }
    ]
  },
  {
    "source_url": "https://www.woolworths.com.au/shop/productdetails/228659/port-salut-cheese",
    "name": "Port Salut Cheese 150g",
    "image_url": "https://cdn1.woolworths.media/content/wowproductimages/large/228659.jpg",
    "source_id": "Woolworths - 228659",
    "barcode": "3073780872331",
    "shop": "Woolworths",
    "weight": "1KG",
    "prices": [
      null,
      {
        "state": "QLD",
        "price": "760",
        "price_per_unit": "5067",
        "price_unit": "KG"
      },
      {
        "state": "QLD",
        "price": "760",
        "price_per_unit": "5067",
        "price_unit": "KG"
      },
      {
        "state": "SA",
        "price": "760",
        "price_per_unit": "5067",
        "price_unit": "KG"
      },
      {
        "state": "SA",
        "price": "760",
        "price_per_unit": "5067",
        "price_unit": "KG"
      },
      {
        "state": "TAS",
        "price": "760",
        "price_per_unit": "5067",
        "price_unit": "KG"
      },
      {
        "state": "TAS",
        "price": "760",
        "price_per_unit": "5067",
        "price_unit": "KG"
      },
      {
        "state": "ACT",
        "price": "760",
        "price_per_unit": "5067",
        "price_unit": "KG"
      },
      {
        "state": "ACT",
        "price": "760",
        "price_per_unit": "5067",
        "price_unit": "KG"
      },
      {
        "state": "NT",
        "price": "760",
        "price_per_unit": "5067",
        "price_unit": "KG"
      },
      {
        "state": "NT",
        "price": "760",
        "price_per_unit": "5067",
        "price_unit": "KG"
      }
    ]
  },
  {
    "source_url": "https://www.woolworths.com.au/shop/productdetails/800132/president-brie-cheese",
    "name": "President Brie Cheese 200g",
    "image_url": "https://cdn1.woolworths.media/content/wowproductimages/large/800132.jpg",
    "source_id": "Woolworths - 800132",
    "barcode": "9316112007587",
    "shop": "Woolworths",
    "weight": "1KG",
    "prices": [
      {
        "state": "NSW",
        "price": "590",
        "price_per_unit": "2950",
        "price_unit": "KG"
      },
      {
        "state": "NSW",
        "price": "590",
        "price_per_unit": "2950",
        "price_unit": "KG"
      },
      {
        "state": "VIC",
        "price": "590",
        "price_per_unit": "2950",
        "price_unit": "KG"
      },
      {
        "state": "VIC",
        "price": "590",
        "price_per_unit": "2950",
        "price_unit": "KG"
      },
      {
        "state": "QLD",
        "price": "590",
        "price_per_unit": "2950",
        "price_unit": "KG"
      },
      {
        "state": "QLD",
        "price": "590",
        "price_per_unit": "2950",
        "price_unit": "KG"
      },
      {
        "state": "WA",
        "price": "590",
        "price_per_unit": "2950",
        "price_unit": "KG"
      },
      {
        "state": "WA",
        "price": "590",
        "price_per_unit": "2950",
        "price_unit": "KG"
      },
      {
        "state": "SA",
        "price": "590",
        "price_per_unit": "2950",
        "price_unit": "KG"
      },
      {
        "state": "SA",
        "price": "590",
        "price_per_unit": "2950",
        "price_unit": "KG"
      },
      {
        "state": "TAS",
        "price": "590",
        "price_per_unit": "2950",
        "price_unit": "KG"
      },
      {
        "state": "TAS",
        "price": "590",
        "price_per_unit": "2950",
        "price_unit": "KG"
      },
      {
        "state": "ACT",
        "price": "590",
        "price_per_unit": "2950",
        "price_unit": "KG"
      },
      {
        "state": "ACT",
        "price": "590",
        "price_per_unit": "2950",
        "price_unit": "KG"
      },
      {
        "state": "NT",
        "price": "590",
        "price_per_unit": "2950",
        "price_unit": "KG"
      },
      {
        "state": "NT",
        "price": "590",
        "price_per_unit": "2950",
        "price_unit": "KG"
      }
    ]
  },
  {
    "source_url": "https://www.woolworths.com.au/shop/productdetails/800151/president-camembert-cheese",
    "name": "President Camembert Cheese 200g",
    "image_url": "https://cdn1.woolworths.media/content/wowproductimages/large/800151.jpg",
    "source_id": "Woolworths - 800151",
    "barcode": "9316112007594",
    "shop": "Woolworths",
    "weight": "1KG",
    "prices": [
      {
        "state": "NSW",
        "price": "590",
        "price_per_unit": "2950",
        "price_unit": "KG"
      },
      {
        "state": "NSW",
        "price": "590",
        "price_per_unit": "2950",
        "price_unit": "KG"
      },
      {
        "state": "VIC",
        "price": "590",
        "price_per_unit": "2950",
        "price_unit": "KG"
      },
      {
        "state": "VIC",
        "price": "590",
        "price_per_unit": "2950",
        "price_unit": "KG"
      },
      {
        "state": "QLD",
        "price": "590",
        "price_per_unit": "2950",
        "price_unit": "KG"
      },
      {
        "state": "QLD",
        "price": "590",
        "price_per_unit": "2950",
        "price_unit": "KG"
      },
      {
        "state": "WA",
        "price": "590",
        "price_per_unit": "2950",
        "price_unit": "KG"
      },
      {
        "state": "WA",
        "price": "590",
        "price_per_unit": "2950",
        "price_unit": "KG"
      },
      {
        "state": "SA",
        "price": "590",
        "price_per_unit": "2950",
        "price_unit": "KG"
      },
      {
        "state": "SA",
        "price": "590",
        "price_per_unit": "2950",
        "price_unit": "KG"
      },
      {
        "state": "TAS",
        "price": "590",
        "price_per_unit": "2950",
        "price_unit": "KG"
      },
      {
        "state": "TAS",
        "price": "590",
        "price_per_unit": "2950",
        "price_unit": "KG"
      },
      {
        "state": "ACT",
        "price": "590",
        "price_per_unit": "2950",
        "price_unit": "KG"
      },
      {
        "state": "ACT",
        "price": "590",
        "price_per_unit": "2950",
        "price_unit": "KG"
      },
      {
        "state": "NT",
        "price": "590",
        "price_per_unit": "2950",
        "price_unit": "KG"
      },
      {
        "state": "NT",
        "price": "590",
        "price_per_unit": "2950",
        "price_unit": "KG"
      }
    ]
  },
  {
    "source_url": "https://www.woolworths.com.au/shop/productdetails/469694/rsc-swiss-alpine-cheese",
    "name": "RSC Swiss Alpine Cheese 150g",
    "image_url": "https://cdn1.woolworths.media/content/wowproductimages/large/469694.jpg",
    "source_id": "Woolworths - 469694",
    "barcode": "9352222000599",
    "shop": "Woolworths",
    "weight": "1KG",
    "prices": [
      {
        "state": "NSW",
        "price": "995",
        "price_per_unit": "6633",
        "price_unit": "KG"
      },
      {
        "state": "NSW",
        "price": "995",
        "price_per_unit": "6633",
        "price_unit": "KG"
      },
      {
        "state": "VIC",
        "price": "995",
        "price_per_unit": "6633",
        "price_unit": "KG"
      },
      {
        "state": "VIC",
        "price": "995",
        "price_per_unit": "6633",
        "price_unit": "KG"
      },
      {
        "state": "QLD",
        "price": "995",
        "price_per_unit": "6633",
        "price_unit": "KG"
      },
      {
        "state": "QLD",
        "price": "995",
        "price_per_unit": "6633",
        "price_unit": "KG"
      },
      {
        "state": "WA",
        "price": "995",
        "price_per_unit": "6633",
        "price_unit": "KG"
      },
      {
        "state": "WA",
        "price": "995",
        "price_per_unit": "6633",
        "price_unit": "KG"
      },
      {
        "state": "SA",
        "price": "995",
        "price_per_unit": "6633",
        "price_unit": "KG"
      },
      {
        "state": "SA",
        "price": "995",
        "price_per_unit": "6633",
        "price_unit": "KG"
      },
      {
        "state": "TAS",
        "price": "995",
        "price_per_unit": "6633",
        "price_unit": "KG"
      },
      {
        "state": "TAS",
        "price": "995",
        "price_per_unit": "6633",
        "price_unit": "KG"
      },
      {
        "state": "ACT",
        "price": "995",
        "price_per_unit": "6633",
        "price_unit": "KG"
      },
      {
        "state": "ACT",
        "price": "995",
        "price_per_unit": "6633",
        "price_unit": "KG"
      },
      {
        "state": "NT",
        "price": "995",
        "price_per_unit": "6633",
        "price_unit": "KG"
      },
      {
        "state": "NT",
        "price": "995",
        "price_per_unit": "6633",
        "price_unit": "KG"
      }
    ]
  },
  {
    "source_url": "https://www.woolworths.com.au/shop/productdetails/24329/snowdonia-cheese-co-black-bomber-cheddar",
    "name": "Snowdonia Cheese Co Black Bomber Cheddar 150G",
    "image_url": "https://cdn1.woolworths.media/content/wowproductimages/large/024329.jpg",
    "source_id": "Woolworths - 24329",
    "barcode": "5060011706860",
    "shop": "Woolworths",
    "weight": "1KG",
    "prices": [
      {
        "state": "NSW",
        "price": "790",
        "price_per_unit": "5267",
        "price_unit": "KG"
      },
      {
        "state": "NSW",
        "price": "790",
        "price_per_unit": "5267",
        "price_unit": "KG"
      },
      {
        "state": "VIC",
        "price": "790",
        "price_per_unit": "5267",
        "price_unit": "KG"
      },
      {
        "state": "VIC",
        "price": "790",
        "price_per_unit": "5267",
        "price_unit": "KG"
      },
      {
        "state": "QLD",
        "price": "790",
        "price_per_unit": "5267",
        "price_unit": "KG"
      },
      {
        "state": "QLD",
        "price": "790",
        "price_per_unit": "5267",
        "price_unit": "KG"
      },
      {
        "state": "SA",
        "price": "790",
        "price_per_unit": "5267",
        "price_unit": "KG"
      },
      {
        "state": "SA",
        "price": "790",
        "price_per_unit": "5267",
        "price_unit": "KG"
      },
      {
        "state": "TAS",
        "price": "790",
        "price_per_unit": "5267",
        "price_unit": "KG"
      },
      {
        "state": "TAS",
        "price": "790",
        "price_per_unit": "5267",
        "price_unit": "KG"
      },
      {
        "state": "ACT",
        "price": "790",
        "price_per_unit": "5267",
        "price_unit": "KG"
      },
      {
        "state": "ACT",
        "price": "790",
        "price_per_unit": "5267",
        "price_unit": "KG"
      },
      {
        "state": "NT",
        "price": "790",
        "price_per_unit": "5267",
        "price_unit": "KG"
      },
      {
        "state": "NT",
        "price": "790",
        "price_per_unit": "5267",
        "price_unit": "KG"
      }
    ]
  },
  {
    "source_url": "https://www.woolworths.com.au/shop/productdetails/63806/somerdale-truffelino-cheddar",
    "name": "Somerdale Truffelino Cheddar 150g",
    "image_url": "https://cdn1.woolworths.media/content/wowproductimages/large/063806.jpg",
    "source_id": "Woolworths - 63806",
    "barcode": "735006003556",
    "shop": "Woolworths",
    "weight": "1KG",
    "prices": [
      {
        "state": "NSW",
        "price": "750",
        "price_per_unit": "5000",
        "price_unit": "KG"
      },
      {
        "state": "NSW",
        "price": "750",
        "price_per_unit": "5000",
        "price_unit": "KG"
      },
      {
        "state": "VIC",
        "price": "750",
        "price_per_unit": "5000",
        "price_unit": "KG"
      },
      {
        "state": "VIC",
        "price": "750",
        "price_per_unit": "5000",
        "price_unit": "KG"
      },
      {
        "state": "QLD",
        "price": "750",
        "price_per_unit": "5000",
        "price_unit": "KG"
      },
      {
        "state": "QLD",
        "price": "750",
        "price_per_unit": "5000",
        "price_unit": "KG"
      },
      {
        "state": "WA",
        "price": "750",
        "price_per_unit": "5000",
        "price_unit": "KG"
      },
      {
        "state": "WA",
        "price": "750",
        "price_per_unit": "5000",
        "price_unit": "KG"
      },
      {
        "state": "SA",
        "price": "750",
        "price_per_unit": "5000",
        "price_unit": "KG"
      },
      {
        "state": "SA",
        "price": "750",
        "price_per_unit": "5000",
        "price_unit": "KG"
      },
      {
        "state": "TAS",
        "price": "750",
        "price_per_unit": "5000",
        "price_unit": "KG"
      },
      {
        "state": "TAS",
        "price": "750",
        "price_per_unit": "5000",
        "price_unit": "KG"
      },
      {
        "state": "ACT",
        "price": "750",
        "price_per_unit": "5000",
        "price_unit": "KG"
      },
      {
        "state": "ACT",
        "price": "750",
        "price_per_unit": "5000",
        "price_unit": "KG"
      },
      {
        "state": "NT",
        "price": "750",
        "price_per_unit": "5000",
        "price_unit": "KG"
      },
      {
        "state": "NT",
        "price": "750",
        "price_per_unit": "5000",
        "price_unit": "KG"
      }
    ]
  },
  {
    "source_url": "https://www.woolworths.com.au/shop/productdetails/312793/south-cape-apricot-almond-cream-cheese",
    "name": "South Cape Apricot & Almond Cream Cheese 200g",
    "image_url": "https://cdn1.woolworths.media/content/wowproductimages/large/312793.jpg",
    "source_id": "Woolworths - 312793",
    "barcode": "9314441706508",
    "shop": "Woolworths",
    "weight": "1KG",
    "prices": [
      {
        "state": "NSW",
        "price": "510",
        "price_per_unit": "2550",
        "price_unit": "KG"
      },
      {
        "state": "NSW",
        "price": "510",
        "price_per_unit": "2550",
        "price_unit": "KG"
      },
      {
        "state": "VIC",
        "price": "510",
        "price_per_unit": "2550",
        "price_unit": "KG"
      },
      {
        "state": "VIC",
        "price": "510",
        "price_per_unit": "2550",
        "price_unit": "KG"
      },
      {
        "state": "QLD",
        "price": "510",
        "price_per_unit": "2550",
        "price_unit": "KG"
      },
      {
        "state": "QLD",
        "price": "510",
        "price_per_unit": "2550",
        "price_unit": "KG"
      },
      {
        "state": "WA",
        "price": "510",
        "price_per_unit": "2550",
        "price_unit": "KG"
      },
      {
        "state": "WA",
        "price": "510",
        "price_per_unit": "2550",
        "price_unit": "KG"
      },
      {
        "state": "SA",
        "price": "510",
        "price_per_unit": "2550",
        "price_unit": "KG"
      },
      {
        "state": "SA",
        "price": "510",
        "price_per_unit": "2550",
        "price_unit": "KG"
      },
      {
        "state": "TAS",
        "price": "510",
        "price_per_unit": "2550",
        "price_unit": "KG"
      },
      {
        "state": "TAS",
        "price": "510",
        "price_per_unit": "2550",
        "price_unit": "KG"
      },
      {
        "state": "ACT",
        "price": "510",
        "price_per_unit": "2550",
        "price_unit": "KG"
      },
      {
        "state": "ACT",
        "price": "510",
        "price_per_unit": "2550",
        "price_unit": "KG"
      },
      {
        "state": "NT",
        "price": "510",
        "price_per_unit": "2550",
        "price_unit": "KG"
      },
      {
        "state": "NT",
        "price": "510",
        "price_per_unit": "2550",
        "price_unit": "KG"
      }
    ]
  },
  {
    "source_url": "https://www.woolworths.com.au/shop/productdetails/40365/south-cape-brie",
    "name": "South Cape Brie 200g",
    "image_url": "https://cdn1.woolworths.media/content/wowproductimages/large/040365.jpg",
    "source_id": "Woolworths - 40365",
    "barcode": "9314441001573",
    "shop": "Woolworths",
    "weight": "1KG",
    "prices": [
      null,
      {
        "state": "VIC",
        "price": "600",
        "price_per_unit": "3000",
        "price_unit": "KG"
      },
      {
        "state": "VIC",
        "price": "600",
        "price_per_unit": "3000",
        "price_unit": "KG"
      },
      {
        "state": "QLD",
        "price": "600",
        "price_per_unit": "3000",
        "price_unit": "KG"
      },
      {
        "state": "QLD",
        "price": "600",
        "price_per_unit": "3000",
        "price_unit": "KG"
      },
      {
        "state": "WA",
        "price": "600",
        "price_per_unit": "3000",
        "price_unit": "KG"
      },
      {
        "state": "WA",
        "price": "600",
        "price_per_unit": "3000",
        "price_unit": "KG"
      },
      {
        "state": "SA",
        "price": "600",
        "price_per_unit": "3000",
        "price_unit": "KG"
      },
      {
        "state": "SA",
        "price": "600",
        "price_per_unit": "3000",
        "price_unit": "KG"
      },
      {
        "state": "TAS",
        "price": "600",
        "price_per_unit": "3000",
        "price_unit": "KG"
      },
      {
        "state": "TAS",
        "price": "600",
        "price_per_unit": "3000",
        "price_unit": "KG"
      },
      {
        "state": "ACT",
        "price": "600",
        "price_per_unit": "3000",
        "price_unit": "KG"
      },
      {
        "state": "ACT",
        "price": "600",
        "price_per_unit": "3000",
        "price_unit": "KG"
      },
      {
        "state": "NT",
        "price": "600",
        "price_per_unit": "3000",
        "price_unit": "KG"
      },
      {
        "state": "NT",
        "price": "600",
        "price_per_unit": "3000",
        "price_unit": "KG"
      }
    ]
  },
  {
    "source_url": "https://www.woolworths.com.au/shop/productdetails/28123/south-cape-camembert-cheese",
    "name": "South Cape Camembert Cheese 200g",
    "image_url": "https://cdn1.woolworths.media/content/wowproductimages/large/028123.jpg",
    "source_id": "Woolworths - 28123",
    "barcode": "9314441009500",
    "shop": "Woolworths",
    "weight": "1KG",
    "prices": [
      {
        "state": "NSW",
        "price": "600",
        "price_per_unit": "3000",
        "price_unit": "KG"
      },
      {
        "state": "NSW",
        "price": "600",
        "price_per_unit": "3000",
        "price_unit": "KG"
      },
      {
        "state": "VIC",
        "price": "600",
        "price_per_unit": "3000",
        "price_unit": "KG"
      },
      {
        "state": "VIC",
        "price": "600",
        "price_per_unit": "3000",
        "price_unit": "KG"
      },
      {
        "state": "QLD",
        "price": "600",
        "price_per_unit": "3000",
        "price_unit": "KG"
      },
      {
        "state": "QLD",
        "price": "600",
        "price_per_unit": "3000",
        "price_unit": "KG"
      },
      {
        "state": "WA",
        "price": "600",
        "price_per_unit": "3000",
        "price_unit": "KG"
      },
      {
        "state": "WA",
        "price": "600",
        "price_per_unit": "3000",
        "price_unit": "KG"
      },
      {
        "state": "SA",
        "price": "600",
        "price_per_unit": "3000",
        "price_unit": "KG"
      },
      {
        "state": "SA",
        "price": "600",
        "price_per_unit": "3000",
        "price_unit": "KG"
      },
      {
        "state": "TAS",
        "price": "600",
        "price_per_unit": "3000",
        "price_unit": "KG"
      },
      {
        "state": "TAS",
        "price": "600",
        "price_per_unit": "3000",
        "price_unit": "KG"
      },
      {
        "state": "ACT",
        "price": "600",
        "price_per_unit": "3000",
        "price_unit": "KG"
      },
      {
        "state": "ACT",
        "price": "600",
        "price_per_unit": "3000",
        "price_unit": "KG"
      },
      {
        "state": "NT",
        "price": "600",
        "price_per_unit": "3000",
        "price_unit": "KG"
      },
      {
        "state": "NT",
        "price": "600",
        "price_per_unit": "3000",
        "price_unit": "KG"
      }
    ]
  },
  {
    "source_url": "https://www.woolworths.com.au/shop/productdetails/312801/south-cape-cracked-pepper-cream-cheese",
    "name": "South Cape Cracked Pepper Cream Cheese 200g",
    "image_url": "https://cdn1.woolworths.media/content/wowproductimages/large/312801.jpg",
    "source_id": "Woolworths - 312801",
    "barcode": "9314441706553",
    "shop": "Woolworths",
    "weight": "1KG",
    "prices": [
      {
        "state": "NSW",
        "price": "510",
        "price_per_unit": "2550",
        "price_unit": "KG"
      },
      {
        "state": "NSW",
        "price": "510",
        "price_per_unit": "2550",
        "price_unit": "KG"
      },
      {
        "state": "VIC",
        "price": "510",
        "price_per_unit": "2550",
        "price_unit": "KG"
      },
      {
        "state": "VIC",
        "price": "510",
        "price_per_unit": "2550",
        "price_unit": "KG"
      },
      {
        "state": "QLD",
        "price": "510",
        "price_per_unit": "2550",
        "price_unit": "KG"
      },
      {
        "state": "QLD",
        "price": "510",
        "price_per_unit": "2550",
        "price_unit": "KG"
      },
      {
        "state": "SA",
        "price": "510",
        "price_per_unit": "2550",
        "price_unit": "KG"
      },
      {
        "state": "SA",
        "price": "510",
        "price_per_unit": "2550",
        "price_unit": "KG"
      },
      {
        "state": "TAS",
        "price": "510",
        "price_per_unit": "2550",
        "price_unit": "KG"
      },
      {
        "state": "TAS",
        "price": "510",
        "price_per_unit": "2550",
        "price_unit": "KG"
      },
      {
        "state": "ACT",
        "price": "510",
        "price_per_unit": "2550",
        "price_unit": "KG"
      },
      {
        "state": "ACT",
        "price": "510",
        "price_per_unit": "2550",
        "price_unit": "KG"
      },
      {
        "state": "NT",
        "price": "510",
        "price_per_unit": "2550",
        "price_unit": "KG"
      },
      {
        "state": "NT",
        "price": "510",
        "price_per_unit": "2550",
        "price_unit": "KG"
      }
    ]
  },
  {
    "source_url": "https://www.woolworths.com.au/shop/productdetails/178960/south-cape-cream-cheese-apricot-almond-with-sweet-papaya",
    "name": "South Cape Cream Cheese Apricot & Almond With Sweet Papaya 80g",
    "image_url": "https://cdn1.woolworths.media/content/wowproductimages/large/178960.jpg",
    "source_id": "Woolworths - 178960",
    "barcode": "9314441715692",
    "shop": "Woolworths",
    "weight": "1KG",
    "prices": [
      {
        "state": "NSW",
        "price": "480",
        "price_per_unit": "6000",
        "price_unit": "KG"
      },
      {
        "state": "NSW",
        "price": "480",
        "price_per_unit": "6000",
        "price_unit": "KG"
      },
      {
        "state": "VIC",
        "price": "480",
        "price_per_unit": "6000",
        "price_unit": "KG"
      },
      {
        "state": "VIC",
        "price": "480",
        "price_per_unit": "6000",
        "price_unit": "KG"
      },
      {
        "state": "QLD",
        "price": "480",
        "price_per_unit": "6000",
        "price_unit": "KG"
      },
      {
        "state": "QLD",
        "price": "480",
        "price_per_unit": "6000",
        "price_unit": "KG"
      },
      {
        "state": "WA",
        "price": "480",
        "price_per_unit": "6000",
        "price_unit": "KG"
      },
      {
        "state": "WA",
        "price": "480",
        "price_per_unit": "6000",
        "price_unit": "KG"
      },
      {
        "state": "SA",
        "price": "480",
        "price_per_unit": "6000",
        "price_unit": "KG"
      },
      {
        "state": "SA",
        "price": "480",
        "price_per_unit": "6000",
        "price_unit": "KG"
      },
      {
        "state": "TAS",
        "price": "480",
        "price_per_unit": "6000",
        "price_unit": "KG"
      },
      {
        "state": "TAS",
        "price": "480",
        "price_per_unit": "6000",
        "price_unit": "KG"
      },
      {
        "state": "ACT",
        "price": "480",
        "price_per_unit": "6000",
        "price_unit": "KG"
      },
      {
        "state": "ACT",
        "price": "480",
        "price_per_unit": "6000",
        "price_unit": "KG"
      },
      {
        "state": "NT",
        "price": "480",
        "price_per_unit": "6000",
        "price_unit": "KG"
      },
      {
        "state": "NT",
        "price": "480",
        "price_per_unit": "6000",
        "price_unit": "KG"
      }
    ]
  },
  {
    "source_url": "https://www.woolworths.com.au/shop/productdetails/178450/south-cape-cream-cheese-sweet-chilli",
    "name": "South Cape Cream Cheese Sweet Chilli 80g",
    "image_url": "https://cdn1.woolworths.media/content/wowproductimages/large/178450.jpg",
    "source_id": "Woolworths - 178450",
    "barcode": "9314441715715",
    "shop": "Woolworths",
    "weight": "1KG",
    "prices": [
      {
        "state": "NSW",
        "price": "480",
        "price_per_unit": "6000",
        "price_unit": "KG"
      },
      {
        "state": "NSW",
        "price": "480",
        "price_per_unit": "6000",
        "price_unit": "KG"
      },
      {
        "state": "VIC",
        "price": "480",
        "price_per_unit": "6000",
        "price_unit": "KG"
      },
      {
        "state": "VIC",
        "price": "480",
        "price_per_unit": "6000",
        "price_unit": "KG"
      },
      {
        "state": "QLD",
        "price": "480",
        "price_per_unit": "6000",
        "price_unit": "KG"
      },
      {
        "state": "QLD",
        "price": "480",
        "price_per_unit": "6000",
        "price_unit": "KG"
      },
      {
        "state": "WA",
        "price": "480",
        "price_per_unit": "6000",
        "price_unit": "KG"
      },
      {
        "state": "WA",
        "price": "480",
        "price_per_unit": "6000",
        "price_unit": "KG"
      },
      {
        "state": "SA",
        "price": "480",
        "price_per_unit": "6000",
        "price_unit": "KG"
      },
      {
        "state": "SA",
        "price": "480",
        "price_per_unit": "6000",
        "price_unit": "KG"
      },
      {
        "state": "TAS",
        "price": "480",
        "price_per_unit": "6000",
        "price_unit": "KG"
      },
      {
        "state": "TAS",
        "price": "480",
        "price_per_unit": "6000",
        "price_unit": "KG"
      },
      {
        "state": "ACT",
        "price": "480",
        "price_per_unit": "6000",
        "price_unit": "KG"
      },
      {
        "state": "ACT",
        "price": "480",
        "price_per_unit": "6000",
        "price_unit": "KG"
      },
      {
        "state": "NT",
        "price": "480",
        "price_per_unit": "6000",
        "price_unit": "KG"
      },
      {
        "state": "NT",
        "price": "480",
        "price_per_unit": "6000",
        "price_unit": "KG"
      }
    ]
  },
  {
    "source_url": "https://www.woolworths.com.au/shop/productdetails/312798/south-cape-herb-garlic-cream-cheese",
    "name": "South Cape Herb & Garlic Cream Cheese 200g",
    "image_url": "https://cdn1.woolworths.media/content/wowproductimages/large/312798.jpg",
    "source_id": "Woolworths - 312798",
    "barcode": "9314441706539",
    "shop": "Woolworths",
    "weight": "1KG",
    "prices": [
      {
        "state": "NSW",
        "price": "510",
        "price_per_unit": "2550",
        "price_unit": "KG"
      },
      {
        "state": "NSW",
        "price": "510",
        "price_per_unit": "2550",
        "price_unit": "KG"
      },
      {
        "state": "VIC",
        "price": "510",
        "price_per_unit": "2550",
        "price_unit": "KG"
      },
      {
        "state": "VIC",
        "price": "510",
        "price_per_unit": "2550",
        "price_unit": "KG"
      },
      {
        "state": "QLD",
        "price": "510",
        "price_per_unit": "2550",
        "price_unit": "KG"
      },
      {
        "state": "QLD",
        "price": "510",
        "price_per_unit": "2550",
        "price_unit": "KG"
      },
      {
        "state": "TAS",
        "price": "510",
        "price_per_unit": "2550",
        "price_unit": "KG"
      },
      {
        "state": "TAS",
        "price": "510",
        "price_per_unit": "2550",
        "price_unit": "KG"
      },
      {
        "state": "ACT",
        "price": "510",
        "price_per_unit": "2550",
        "price_unit": "KG"
      },
      {
        "state": "ACT",
        "price": "510",
        "price_per_unit": "2550",
        "price_unit": "KG"
      },
      {
        "state": "NT",
        "price": "510",
        "price_per_unit": "2550",
        "price_unit": "KG"
      },
      {
        "state": "NT",
        "price": "510",
        "price_per_unit": "2550",
        "price_unit": "KG"
      }
    ]
  },
  {
    "source_url": "https://www.woolworths.com.au/shop/productdetails/312799/south-cape-onion-chives-cream-cheese",
    "name": "South Cape Onion & Chives Cream Cheese 200g",
    "image_url": "https://cdn1.woolworths.media/content/wowproductimages/large/312799.jpg",
    "source_id": "Woolworths - 312799",
    "barcode": "9314441706546",
    "shop": "Woolworths",
    "weight": "1KG",
    "prices": [
      {
        "state": "NSW",
        "price": "510",
        "price_per_unit": "2550",
        "price_unit": "KG"
      },
      {
        "state": "NSW",
        "price": "510",
        "price_per_unit": "2550",
        "price_unit": "KG"
      },
      {
        "state": "VIC",
        "price": "510",
        "price_per_unit": "2550",
        "price_unit": "KG"
      },
      {
        "state": "VIC",
        "price": "510",
        "price_per_unit": "2550",
        "price_unit": "KG"
      },
      {
        "state": "QLD",
        "price": "510",
        "price_per_unit": "2550",
        "price_unit": "KG"
      },
      {
        "state": "QLD",
        "price": "510",
        "price_per_unit": "2550",
        "price_unit": "KG"
      },
      {
        "state": "SA",
        "price": "510",
        "price_per_unit": "2550",
        "price_unit": "KG"
      },
      {
        "state": "SA",
        "price": "510",
        "price_per_unit": "2550",
        "price_unit": "KG"
      },
      {
        "state": "TAS",
        "price": "510",
        "price_per_unit": "2550",
        "price_unit": "KG"
      },
      {
        "state": "TAS",
        "price": "510",
        "price_per_unit": "2550",
        "price_unit": "KG"
      },
      {
        "state": "ACT",
        "price": "510",
        "price_per_unit": "2550",
        "price_unit": "KG"
      },
      {
        "state": "ACT",
        "price": "510",
        "price_per_unit": "2550",
        "price_unit": "KG"
      },
      {
        "state": "NT",
        "price": "510",
        "price_per_unit": "2550",
        "price_unit": "KG"
      },
      {
        "state": "NT",
        "price": "510",
        "price_per_unit": "2550",
        "price_unit": "KG"
      }
    ]
  },
  {
    "source_url": "https://www.woolworths.com.au/shop/productdetails/677235/south-cape-sweet-chilli-cream-cheese",
    "name": "South Cape Sweet Chilli Cream Cheese 200g",
    "image_url": "https://cdn1.woolworths.media/content/wowproductimages/large/677235.jpg",
    "source_id": "Woolworths - 677235",
    "barcode": "9314441712448",
    "shop": "Woolworths",
    "weight": "1KG",
    "prices": [
      {
        "state": "NSW",
        "price": "510",
        "price_per_unit": "2550",
        "price_unit": "KG"
      },
      {
        "state": "NSW",
        "price": "510",
        "price_per_unit": "2550",
        "price_unit": "KG"
      },
      {
        "state": "VIC",
        "price": "510",
        "price_per_unit": "2550",
        "price_unit": "KG"
      },
      {
        "state": "VIC",
        "price": "510",
        "price_per_unit": "2550",
        "price_unit": "KG"
      },
      {
        "state": "QLD",
        "price": "510",
        "price_per_unit": "2550",
        "price_unit": "KG"
      },
      {
        "state": "QLD",
        "price": "510",
        "price_per_unit": "2550",
        "price_unit": "KG"
      },
      {
        "state": "WA",
        "price": "510",
        "price_per_unit": "2550",
        "price_unit": "KG"
      },
      {
        "state": "WA",
        "price": "510",
        "price_per_unit": "2550",
        "price_unit": "KG"
      },
      {
        "state": "SA",
        "price": "510",
        "price_per_unit": "2550",
        "price_unit": "KG"
      },
      {
        "state": "SA",
        "price": "510",
        "price_per_unit": "2550",
        "price_unit": "KG"
      },
      {
        "state": "TAS",
        "price": "510",
        "price_per_unit": "2550",
        "price_unit": "KG"
      },
      {
        "state": "TAS",
        "price": "510",
        "price_per_unit": "2550",
        "price_unit": "KG"
      },
      {
        "state": "ACT",
        "price": "510",
        "price_per_unit": "2550",
        "price_unit": "KG"
      },
      {
        "state": "ACT",
        "price": "510",
        "price_per_unit": "2550",
        "price_unit": "KG"
      },
      {
        "state": "NT",
        "price": "510",
        "price_per_unit": "2550",
        "price_unit": "KG"
      },
      {
        "state": "NT",
        "price": "510",
        "price_per_unit": "2550",
        "price_unit": "KG"
      }
    ]
  },
  {
    "source_url": "https://www.woolworths.com.au/shop/productdetails/883958/woolworths-deli-express-swiss-style-cheese-sliced",
    "name": "Swiss Style Cheese Sliced 200g",
    "image_url": "https://cdn1.woolworths.media/content/wowproductimages/large/883958.jpg",
    "source_id": "Woolworths - 883958",
    "barcode": "9329053013449",
    "shop": "Woolworths",
    "weight": "1KG",
    "prices": [
      {
        "state": "NSW",
        "price": "680",
        "price_per_unit": "3400",
        "price_unit": "KG"
      }
    ]
  },
  {
    "source_url": "https://www.woolworths.com.au/shop/productdetails/956022/tasmanian-heritage-3-cheese-selection",
    "name": "Tasmanian Heritage 3 Cheese Selection 295g",
    "image_url": "https://cdn1.woolworths.media/content/wowproductimages/large/956022.jpg",
    "source_id": "Woolworths - 956022",
    "barcode": "9300639618807",
    "shop": "Woolworths",
    "weight": "1KG",
    "prices": [
      {
        "state": "NSW",
        "price": "1500",
        "price_per_unit": "5085",
        "price_unit": "KG"
      },
      {
        "state": "VIC",
        "price": "1500",
        "price_per_unit": "5085",
        "price_unit": "KG"
      },
      {
        "state": "SA",
        "price": "1500",
        "price_per_unit": "5085",
        "price_unit": "KG"
      },
      {
        "state": "TAS",
        "price": "1500",
        "price_per_unit": "5085",
        "price_unit": "KG"
      },
      {
        "state": "ACT",
        "price": "1500",
        "price_per_unit": "5085",
        "price_unit": "KG"
      },
      {
        "state": "NT",
        "price": "1500",
        "price_per_unit": "5085",
        "price_unit": "KG"
      }
    ]
  },
  {
    "source_url": "https://www.woolworths.com.au/shop/productdetails/943287/tasmanian-heritage-4-cheese-selection",
    "name": "Tasmanian Heritage 4 Cheese Selection 420g",
    "image_url": "https://cdn1.woolworths.media/content/wowproductimages/large/943287.jpg",
    "source_id": "Woolworths - 943287",
    "barcode": "9300639618791",
    "shop": "Woolworths",
    "weight": "1KG",
    "prices": [
      {
        "state": "NSW",
        "price": "1700",
        "price_per_unit": "4048",
        "price_unit": "KG"
      },
      {
        "state": "VIC",
        "price": "1700",
        "price_per_unit": "4048",
        "price_unit": "KG"
      },
      {
        "state": "QLD",
        "price": "1700",
        "price_per_unit": "4048",
        "price_unit": "KG"
      },
      {
        "state": "WA",
        "price": "1700",
        "price_per_unit": "4048",
        "price_unit": "KG"
      },
      {
        "state": "SA",
        "price": "1700",
        "price_per_unit": "4048",
        "price_unit": "KG"
      },
      {
        "state": "TAS",
        "price": "1700",
        "price_per_unit": "4048",
        "price_unit": "KG"
      },
      {
        "state": "ACT",
        "price": "1700",
        "price_per_unit": "4048",
        "price_unit": "KG"
      },
      {
        "state": "NT",
        "price": "1700",
        "price_per_unit": "4048",
        "price_unit": "KG"
      }
    ]
  },
  {
    "source_url": "https://www.woolworths.com.au/shop/productdetails/347138/tasmanian-heritage-blue-cheese-cheese",
    "name": "Tasmanian Heritage Blue Cheese 120g",
    "image_url": "https://cdn1.woolworths.media/content/wowproductimages/large/347138.jpg",
    "source_id": "Woolworths - 347138",
    "barcode": "9314441707987",
    "shop": "Woolworths",
    "weight": "1KG",
    "prices": [
      {
        "state": "NSW",
        "price": "735",
        "price_per_unit": "6125",
        "price_unit": "KG"
      },
      {
        "state": "NSW",
        "price": "735",
        "price_per_unit": "6125",
        "price_unit": "KG"
      },
      {
        "state": "VIC",
        "price": "735",
        "price_per_unit": "6125",
        "price_unit": "KG"
      },
      {
        "state": "VIC",
        "price": "735",
        "price_per_unit": "6125",
        "price_unit": "KG"
      },
      {
        "state": "QLD",
        "price": "735",
        "price_per_unit": "6125",
        "price_unit": "KG"
      },
      {
        "state": "QLD",
        "price": "735",
        "price_per_unit": "6125",
        "price_unit": "KG"
      },
      {
        "state": "SA",
        "price": "735",
        "price_per_unit": "6125",
        "price_unit": "KG"
      },
      {
        "state": "SA",
        "price": "735",
        "price_per_unit": "6125",
        "price_unit": "KG"
      },
      {
        "state": "TAS",
        "price": "735",
        "price_per_unit": "6125",
        "price_unit": "KG"
      },
      {
        "state": "TAS",
        "price": "735",
        "price_per_unit": "6125",
        "price_unit": "KG"
      },
      {
        "state": "ACT",
        "price": "735",
        "price_per_unit": "6125",
        "price_unit": "KG"
      },
      {
        "state": "ACT",
        "price": "735",
        "price_per_unit": "6125",
        "price_unit": "KG"
      },
      {
        "state": "NT",
        "price": "735",
        "price_per_unit": "6125",
        "price_unit": "KG"
      },
      {
        "state": "NT",
        "price": "735",
        "price_per_unit": "6125",
        "price_unit": "KG"
      }
    ]
  },
  {
    "source_url": "https://www.woolworths.com.au/shop/productdetails/527178/tasmanian-heritage-blue-cheese",
    "name": "Tasmanian Heritage Blue Cheese 80g",
    "image_url": "https://cdn1.woolworths.media/content/wowproductimages/large/527178.jpg",
    "source_id": "Woolworths - 527178",
    "barcode": "9314441711878",
    "shop": "Woolworths",
    "weight": "1KG",
    "prices": [
      {
        "state": "NSW",
        "price": "480",
        "price_per_unit": "6000",
        "price_unit": "KG"
      },
      {
        "state": "NSW",
        "price": "480",
        "price_per_unit": "6000",
        "price_unit": "KG"
      },
      {
        "state": "VIC",
        "price": "480",
        "price_per_unit": "6000",
        "price_unit": "KG"
      },
      {
        "state": "VIC",
        "price": "480",
        "price_per_unit": "6000",
        "price_unit": "KG"
      },
      {
        "state": "QLD",
        "price": "480",
        "price_per_unit": "6000",
        "price_unit": "KG"
      },
      {
        "state": "QLD",
        "price": "480",
        "price_per_unit": "6000",
        "price_unit": "KG"
      },
      {
        "state": "WA",
        "price": "480",
        "price_per_unit": "6000",
        "price_unit": "KG"
      },
      {
        "state": "WA",
        "price": "480",
        "price_per_unit": "6000",
        "price_unit": "KG"
      },
      {
        "state": "SA",
        "price": "480",
        "price_per_unit": "6000",
        "price_unit": "KG"
      },
      {
        "state": "SA",
        "price": "480",
        "price_per_unit": "6000",
        "price_unit": "KG"
      },
      {
        "state": "TAS",
        "price": "480",
        "price_per_unit": "6000",
        "price_unit": "KG"
      },
      {
        "state": "TAS",
        "price": "480",
        "price_per_unit": "6000",
        "price_unit": "KG"
      },
      {
        "state": "ACT",
        "price": "480",
        "price_per_unit": "6000",
        "price_unit": "KG"
      },
      {
        "state": "ACT",
        "price": "480",
        "price_per_unit": "6000",
        "price_unit": "KG"
      },
      {
        "state": "NT",
        "price": "480",
        "price_per_unit": "6000",
        "price_unit": "KG"
      },
      {
        "state": "NT",
        "price": "480",
        "price_per_unit": "6000",
        "price_unit": "KG"
      }
    ]
  },
  {
    "source_url": "https://www.woolworths.com.au/shop/productdetails/464673/tasmanian-heritage-camembert-cheese",
    "name": "Tasmanian Heritage Camembert Cheese 200g",
    "image_url": "https://cdn1.woolworths.media/content/wowproductimages/large/464673.jpg",
    "source_id": "Woolworths - 464673",
    "barcode": "9314441716279",
    "shop": "Woolworths",
    "weight": "1KG",
    "prices": [
      {
        "state": "NSW",
        "price": "590",
        "price_per_unit": "2950",
        "price_unit": "KG"
      },
      {
        "state": "NSW",
        "price": "590",
        "price_per_unit": "2950",
        "price_unit": "KG"
      },
      {
        "state": "VIC",
        "price": "590",
        "price_per_unit": "2950",
        "price_unit": "KG"
      },
      {
        "state": "VIC",
        "price": "590",
        "price_per_unit": "2950",
        "price_unit": "KG"
      },
      {
        "state": "QLD",
        "price": "590",
        "price_per_unit": "2950",
        "price_unit": "KG"
      },
      {
        "state": "QLD",
        "price": "590",
        "price_per_unit": "2950",
        "price_unit": "KG"
      },
      {
        "state": "WA",
        "price": "590",
        "price_per_unit": "2950",
        "price_unit": "KG"
      },
      {
        "state": "WA",
        "price": "590",
        "price_per_unit": "2950",
        "price_unit": "KG"
      },
      {
        "state": "SA",
        "price": "590",
        "price_per_unit": "2950",
        "price_unit": "KG"
      },
      {
        "state": "SA",
        "price": "590",
        "price_per_unit": "2950",
        "price_unit": "KG"
      },
      {
        "state": "TAS",
        "price": "590",
        "price_per_unit": "2950",
        "price_unit": "KG"
      },
      {
        "state": "TAS",
        "price": "590",
        "price_per_unit": "2950",
        "price_unit": "KG"
      },
      {
        "state": "ACT",
        "price": "590",
        "price_per_unit": "2950",
        "price_unit": "KG"
      },
      {
        "state": "ACT",
        "price": "590",
        "price_per_unit": "2950",
        "price_unit": "KG"
      },
      {
        "state": "NT",
        "price": "590",
        "price_per_unit": "2950",
        "price_unit": "KG"
      },
      {
        "state": "NT",
        "price": "590",
        "price_per_unit": "2950",
        "price_unit": "KG"
      }
    ]
  },
  {
    "source_url": "https://www.woolworths.com.au/shop/productdetails/527275/tasmanian-heritage-camembert-cheese",
    "name": "Tasmanian Heritage Camembert Cheese 80g",
    "image_url": "https://cdn1.woolworths.media/content/wowproductimages/large/527275.jpg",
    "source_id": "Woolworths - 527275",
    "barcode": "9314441711861",
    "shop": "Woolworths",
    "weight": "1KG",
    "prices": [
      {
        "state": "NSW",
        "price": "480",
        "price_per_unit": "6000",
        "price_unit": "KG"
      },
      {
        "state": "NSW",
        "price": "480",
        "price_per_unit": "6000",
        "price_unit": "KG"
      },
      {
        "state": "VIC",
        "price": "480",
        "price_per_unit": "6000",
        "price_unit": "KG"
      },
      {
        "state": "VIC",
        "price": "480",
        "price_per_unit": "6000",
        "price_unit": "KG"
      },
      {
        "state": "QLD",
        "price": "480",
        "price_per_unit": "6000",
        "price_unit": "KG"
      },
      {
        "state": "QLD",
        "price": "480",
        "price_per_unit": "6000",
        "price_unit": "KG"
      },
      {
        "state": "WA",
        "price": "480",
        "price_per_unit": "6000",
        "price_unit": "KG"
      },
      {
        "state": "WA",
        "price": "480",
        "price_per_unit": "6000",
        "price_unit": "KG"
      },
      {
        "state": "SA",
        "price": "480",
        "price_per_unit": "6000",
        "price_unit": "KG"
      },
      {
        "state": "SA",
        "price": "480",
        "price_per_unit": "6000",
        "price_unit": "KG"
      },
      {
        "state": "TAS",
        "price": "480",
        "price_per_unit": "6000",
        "price_unit": "KG"
      },
      {
        "state": "TAS",
        "price": "480",
        "price_per_unit": "6000",
        "price_unit": "KG"
      },
      {
        "state": "ACT",
        "price": "480",
        "price_per_unit": "6000",
        "price_unit": "KG"
      },
      {
        "state": "ACT",
        "price": "480",
        "price_per_unit": "6000",
        "price_unit": "KG"
      },
      {
        "state": "NT",
        "price": "480",
        "price_per_unit": "6000",
        "price_unit": "KG"
      },
      {
        "state": "NT",
        "price": "480",
        "price_per_unit": "6000",
        "price_unit": "KG"
      }
    ]
  },
  {
    "source_url": "https://www.woolworths.com.au/shop/productdetails/326553/tasmanian-heritage-club-cheddar-cheese-trilogy-herbs-vintage-sun-dried-tomato",
    "name": "Tasmanian Heritage Club Cheddar Cheese Trilogy 140g",
    "image_url": "https://cdn1.woolworths.media/content/wowproductimages/large/326553.jpg",
    "source_id": "Woolworths - 326553",
    "barcode": "9300639617725",
    "shop": "Woolworths",
    "weight": "1KG",
    "prices": [
      {
        "state": "NSW",
        "price": "595",
        "price_per_unit": "4250",
        "price_unit": "KG"
      },
      {
        "state": "NSW",
        "price": "595",
        "price_per_unit": "4250",
        "price_unit": "KG"
      },
      {
        "state": "VIC",
        "price": "595",
        "price_per_unit": "4250",
        "price_unit": "KG"
      },
      {
        "state": "VIC",
        "price": "595",
        "price_per_unit": "4250",
        "price_unit": "KG"
      },
      {
        "state": "QLD",
        "price": "595",
        "price_per_unit": "4250",
        "price_unit": "KG"
      },
      {
        "state": "QLD",
        "price": "595",
        "price_per_unit": "4250",
        "price_unit": "KG"
      },
      {
        "state": "WA",
        "price": "595",
        "price_per_unit": "4250",
        "price_unit": "KG"
      },
      {
        "state": "WA",
        "price": "595",
        "price_per_unit": "4250",
        "price_unit": "KG"
      },
      {
        "state": "SA",
        "price": "595",
        "price_per_unit": "4250",
        "price_unit": "KG"
      },
      {
        "state": "SA",
        "price": "595",
        "price_per_unit": "4250",
        "price_unit": "KG"
      },
      {
        "state": "TAS",
        "price": "595",
        "price_per_unit": "4250",
        "price_unit": "KG"
      },
      {
        "state": "TAS",
        "price": "595",
        "price_per_unit": "4250",
        "price_unit": "KG"
      },
      {
        "state": "ACT",
        "price": "595",
        "price_per_unit": "4250",
        "price_unit": "KG"
      },
      {
        "state": "ACT",
        "price": "595",
        "price_per_unit": "4250",
        "price_unit": "KG"
      },
      {
        "state": "NT",
        "price": "595",
        "price_per_unit": "4250",
        "price_unit": "KG"
      },
      {
        "state": "NT",
        "price": "595",
        "price_per_unit": "4250",
        "price_unit": "KG"
      }
    ]
  },
  {
    "source_url": "https://www.woolworths.com.au/shop/productdetails/322321/tasmanian-heritage-club-cheddar-cheese-trilogy",
    "name": "Tasmanian Heritage Club Cheddar Cheese Trilogy 80g",
    "image_url": "https://cdn1.woolworths.media/content/wowproductimages/large/322321.jpg",
    "source_id": "Woolworths - 322321",
    "barcode": "9300639617756",
    "shop": "Woolworths",
    "weight": "1KG",
    "prices": [
      {
        "state": "NSW",
        "price": "480",
        "price_per_unit": "6000",
        "price_unit": "KG"
      },
      {
        "state": "NSW",
        "price": "480",
        "price_per_unit": "6000",
        "price_unit": "KG"
      },
      {
        "state": "VIC",
        "price": "480",
        "price_per_unit": "6000",
        "price_unit": "KG"
      },
      {
        "state": "VIC",
        "price": "480",
        "price_per_unit": "6000",
        "price_unit": "KG"
      },
      {
        "state": "QLD",
        "price": "480",
        "price_per_unit": "6000",
        "price_unit": "KG"
      },
      {
        "state": "QLD",
        "price": "480",
        "price_per_unit": "6000",
        "price_unit": "KG"
      },
      {
        "state": "WA",
        "price": "480",
        "price_per_unit": "6000",
        "price_unit": "KG"
      },
      {
        "state": "WA",
        "price": "480",
        "price_per_unit": "6000",
        "price_unit": "KG"
      },
      {
        "state": "SA",
        "price": "480",
        "price_per_unit": "6000",
        "price_unit": "KG"
      },
      {
        "state": "SA",
        "price": "480",
        "price_per_unit": "6000",
        "price_unit": "KG"
      },
      {
        "state": "TAS",
        "price": "480",
        "price_per_unit": "6000",
        "price_unit": "KG"
      },
      {
        "state": "TAS",
        "price": "480",
        "price_per_unit": "6000",
        "price_unit": "KG"
      },
      {
        "state": "ACT",
        "price": "480",
        "price_per_unit": "6000",
        "price_unit": "KG"
      },
      {
        "state": "ACT",
        "price": "480",
        "price_per_unit": "6000",
        "price_unit": "KG"
      },
      {
        "state": "NT",
        "price": "480",
        "price_per_unit": "6000",
        "price_unit": "KG"
      },
      {
        "state": "NT",
        "price": "480",
        "price_per_unit": "6000",
        "price_unit": "KG"
      }
    ]
  },
  {
    "source_url": "https://www.woolworths.com.au/shop/productdetails/322613/tasmanian-heritage-club-cheddar-cheese-trilogy-roasted-onion-chive",
    "name": "Tasmanian Heritage Club Cheddar Cheese Trilogy Roasted Onion & Chive 140g",
    "image_url": "https://cdn1.woolworths.media/content/wowproductimages/large/322613.jpg",
    "source_id": "Woolworths - 322613",
    "barcode": "9300639617718",
    "shop": "Woolworths",
    "weight": "1KG",
    "prices": [
      {
        "state": "NSW",
        "price": "595",
        "price_per_unit": "4250",
        "price_unit": "KG"
      },
      {
        "state": "NSW",
        "price": "595",
        "price_per_unit": "4250",
        "price_unit": "KG"
      },
      {
        "state": "VIC",
        "price": "595",
        "price_per_unit": "4250",
        "price_unit": "KG"
      },
      {
        "state": "VIC",
        "price": "595",
        "price_per_unit": "4250",
        "price_unit": "KG"
      },
      {
        "state": "QLD",
        "price": "595",
        "price_per_unit": "4250",
        "price_unit": "KG"
      },
      {
        "state": "QLD",
        "price": "595",
        "price_per_unit": "4250",
        "price_unit": "KG"
      },
      {
        "state": "WA",
        "price": "595",
        "price_per_unit": "4250",
        "price_unit": "KG"
      },
      {
        "state": "WA",
        "price": "595",
        "price_per_unit": "4250",
        "price_unit": "KG"
      },
      {
        "state": "SA",
        "price": "595",
        "price_per_unit": "4250",
        "price_unit": "KG"
      },
      {
        "state": "SA",
        "price": "595",
        "price_per_unit": "4250",
        "price_unit": "KG"
      },
      {
        "state": "TAS",
        "price": "595",
        "price_per_unit": "4250",
        "price_unit": "KG"
      },
      {
        "state": "TAS",
        "price": "595",
        "price_per_unit": "4250",
        "price_unit": "KG"
      },
      {
        "state": "ACT",
        "price": "595",
        "price_per_unit": "4250",
        "price_unit": "KG"
      },
      {
        "state": "ACT",
        "price": "595",
        "price_per_unit": "4250",
        "price_unit": "KG"
      },
      {
        "state": "NT",
        "price": "595",
        "price_per_unit": "4250",
        "price_unit": "KG"
      },
      {
        "state": "NT",
        "price": "595",
        "price_per_unit": "4250",
        "price_unit": "KG"
      }
    ]
  },
  {
    "source_url": "https://www.woolworths.com.au/shop/productdetails/465186/tasmanian-heritage-double-brie-cheese",
    "name": "Tasmanian Heritage Double Brie Cheese 200g",
    "image_url": "https://cdn1.woolworths.media/content/wowproductimages/large/465186.jpg",
    "source_id": "Woolworths - 465186",
    "barcode": "9314441716262",
    "shop": "Woolworths",
    "weight": "1KG",
    "prices": [
      {
        "state": "NSW",
        "price": "590",
        "price_per_unit": "2950",
        "price_unit": "KG"
      },
      {
        "state": "NSW",
        "price": "590",
        "price_per_unit": "2950",
        "price_unit": "KG"
      },
      {
        "state": "VIC",
        "price": "590",
        "price_per_unit": "2950",
        "price_unit": "KG"
      },
      {
        "state": "VIC",
        "price": "590",
        "price_per_unit": "2950",
        "price_unit": "KG"
      },
      {
        "state": "QLD",
        "price": "590",
        "price_per_unit": "2950",
        "price_unit": "KG"
      },
      {
        "state": "QLD",
        "price": "590",
        "price_per_unit": "2950",
        "price_unit": "KG"
      },
      {
        "state": "WA",
        "price": "590",
        "price_per_unit": "2950",
        "price_unit": "KG"
      },
      {
        "state": "WA",
        "price": "590",
        "price_per_unit": "2950",
        "price_unit": "KG"
      },
      {
        "state": "SA",
        "price": "590",
        "price_per_unit": "2950",
        "price_unit": "KG"
      },
      {
        "state": "SA",
        "price": "590",
        "price_per_unit": "2950",
        "price_unit": "KG"
      },
      {
        "state": "TAS",
        "price": "590",
        "price_per_unit": "2950",
        "price_unit": "KG"
      },
      {
        "state": "TAS",
        "price": "590",
        "price_per_unit": "2950",
        "price_unit": "KG"
      },
      {
        "state": "ACT",
        "price": "590",
        "price_per_unit": "2950",
        "price_unit": "KG"
      },
      {
        "state": "ACT",
        "price": "590",
        "price_per_unit": "2950",
        "price_unit": "KG"
      },
      {
        "state": "NT",
        "price": "590",
        "price_per_unit": "2950",
        "price_unit": "KG"
      },
      {
        "state": "NT",
        "price": "590",
        "price_per_unit": "2950",
        "price_unit": "KG"
      }
    ]
  },
  {
    "source_url": "https://www.woolworths.com.au/shop/productdetails/527179/tasmanian-heritage-double-brie-cheese",
    "name": "Tasmanian Heritage Double Brie Cheese 80g",
    "image_url": "https://cdn1.woolworths.media/content/wowproductimages/large/527179.jpg",
    "source_id": "Woolworths - 527179",
    "barcode": "9314441711885",
    "shop": "Woolworths",
    "weight": "1KG",
    "prices": [
      {
        "state": "NSW",
        "price": "480",
        "price_per_unit": "6000",
        "price_unit": "KG"
      },
      {
        "state": "NSW",
        "price": "480",
        "price_per_unit": "6000",
        "price_unit": "KG"
      },
      {
        "state": "VIC",
        "price": "480",
        "price_per_unit": "6000",
        "price_unit": "KG"
      },
      {
        "state": "VIC",
        "price": "480",
        "price_per_unit": "6000",
        "price_unit": "KG"
      },
      {
        "state": "QLD",
        "price": "480",
        "price_per_unit": "6000",
        "price_unit": "KG"
      },
      {
        "state": "QLD",
        "price": "480",
        "price_per_unit": "6000",
        "price_unit": "KG"
      },
      {
        "state": "WA",
        "price": "480",
        "price_per_unit": "6000",
        "price_unit": "KG"
      },
      {
        "state": "WA",
        "price": "480",
        "price_per_unit": "6000",
        "price_unit": "KG"
      },
      {
        "state": "SA",
        "price": "480",
        "price_per_unit": "6000",
        "price_unit": "KG"
      },
      {
        "state": "SA",
        "price": "480",
        "price_per_unit": "6000",
        "price_unit": "KG"
      },
      {
        "state": "TAS",
        "price": "480",
        "price_per_unit": "6000",
        "price_unit": "KG"
      },
      {
        "state": "TAS",
        "price": "480",
        "price_per_unit": "6000",
        "price_unit": "KG"
      },
      {
        "state": "ACT",
        "price": "480",
        "price_per_unit": "6000",
        "price_unit": "KG"
      },
      {
        "state": "ACT",
        "price": "480",
        "price_per_unit": "6000",
        "price_unit": "KG"
      },
      {
        "state": "NT",
        "price": "480",
        "price_per_unit": "6000",
        "price_unit": "KG"
      },
      {
        "state": "NT",
        "price": "480",
        "price_per_unit": "6000",
        "price_unit": "KG"
      }
    ]
  },
  {
    "source_url": "https://www.woolworths.com.au/shop/productdetails/322606/tasmanian-heritage-edam-cheese",
    "name": "Tasmanian Heritage Edam Cheese 180g",
    "image_url": "https://cdn1.woolworths.media/content/wowproductimages/large/322606.jpg",
    "source_id": "Woolworths - 322606",
    "barcode": "9300639617763",
    "shop": "Woolworths",
    "weight": "1KG",
    "prices": [
      {
        "state": "NSW",
        "price": "650",
        "price_per_unit": "3611",
        "price_unit": "KG"
      },
      {
        "state": "NSW",
        "price": "650",
        "price_per_unit": "3611",
        "price_unit": "KG"
      },
      {
        "state": "VIC",
        "price": "650",
        "price_per_unit": "3611",
        "price_unit": "KG"
      },
      {
        "state": "VIC",
        "price": "650",
        "price_per_unit": "3611",
        "price_unit": "KG"
      },
      {
        "state": "QLD",
        "price": "650",
        "price_per_unit": "3611",
        "price_unit": "KG"
      },
      {
        "state": "QLD",
        "price": "650",
        "price_per_unit": "3611",
        "price_unit": "KG"
      },
      {
        "state": "WA",
        "price": "650",
        "price_per_unit": "3611",
        "price_unit": "KG"
      },
      {
        "state": "WA",
        "price": "650",
        "price_per_unit": "3611",
        "price_unit": "KG"
      },
      {
        "state": "SA",
        "price": "650",
        "price_per_unit": "3611",
        "price_unit": "KG"
      },
      {
        "state": "SA",
        "price": "650",
        "price_per_unit": "3611",
        "price_unit": "KG"
      },
      {
        "state": "TAS",
        "price": "650",
        "price_per_unit": "3611",
        "price_unit": "KG"
      },
      {
        "state": "TAS",
        "price": "650",
        "price_per_unit": "3611",
        "price_unit": "KG"
      },
      {
        "state": "ACT",
        "price": "650",
        "price_per_unit": "3611",
        "price_unit": "KG"
      },
      {
        "state": "ACT",
        "price": "650",
        "price_per_unit": "3611",
        "price_unit": "KG"
      },
      {
        "state": "NT",
        "price": "650",
        "price_per_unit": "3611",
        "price_unit": "KG"
      },
      {
        "state": "NT",
        "price": "650",
        "price_per_unit": "3611",
        "price_unit": "KG"
      }
    ]
  },
  {
    "source_url": "https://www.woolworths.com.au/shop/productdetails/322686/tasmanian-heritage-gouda-cheese",
    "name": "Tasmanian Heritage Gouda Cheese 180g",
    "image_url": "https://cdn1.woolworths.media/content/wowproductimages/large/322686.jpg",
    "source_id": "Woolworths - 322686",
    "barcode": "9300639617787",
    "shop": "Woolworths",
    "weight": "1KG",
    "prices": [
      {
        "state": "NSW",
        "price": "650",
        "price_per_unit": "3611",
        "price_unit": "KG"
      },
      {
        "state": "NSW",
        "price": "650",
        "price_per_unit": "3611",
        "price_unit": "KG"
      },
      {
        "state": "VIC",
        "price": "650",
        "price_per_unit": "3611",
        "price_unit": "KG"
      },
      {
        "state": "VIC",
        "price": "650",
        "price_per_unit": "3611",
        "price_unit": "KG"
      },
      {
        "state": "QLD",
        "price": "650",
        "price_per_unit": "3611",
        "price_unit": "KG"
      },
      {
        "state": "QLD",
        "price": "650",
        "price_per_unit": "3611",
        "price_unit": "KG"
      },
      {
        "state": "WA",
        "price": "650",
        "price_per_unit": "3611",
        "price_unit": "KG"
      },
      {
        "state": "WA",
        "price": "650",
        "price_per_unit": "3611",
        "price_unit": "KG"
      },
      {
        "state": "SA",
        "price": "650",
        "price_per_unit": "3611",
        "price_unit": "KG"
      },
      {
        "state": "SA",
        "price": "650",
        "price_per_unit": "3611",
        "price_unit": "KG"
      },
      {
        "state": "TAS",
        "price": "650",
        "price_per_unit": "3611",
        "price_unit": "KG"
      },
      {
        "state": "TAS",
        "price": "650",
        "price_per_unit": "3611",
        "price_unit": "KG"
      },
      {
        "state": "ACT",
        "price": "650",
        "price_per_unit": "3611",
        "price_unit": "KG"
      },
      {
        "state": "ACT",
        "price": "650",
        "price_per_unit": "3611",
        "price_unit": "KG"
      },
      {
        "state": "NT",
        "price": "650",
        "price_per_unit": "3611",
        "price_unit": "KG"
      },
      {
        "state": "NT",
        "price": "650",
        "price_per_unit": "3611",
        "price_unit": "KG"
      }
    ]
  },
  {
    "source_url": "https://www.woolworths.com.au/shop/productdetails/322068/tasmanian-heritage-havarti-cheese",
    "name": "Tasmanian Heritage Havarti Cheese 180g",
    "image_url": "https://cdn1.woolworths.media/content/wowproductimages/large/322068.jpg",
    "source_id": "Woolworths - 322068",
    "barcode": "9300639617770",
    "shop": "Woolworths",
    "weight": "1KG",
    "prices": [
      {
        "state": "NSW",
        "price": "650",
        "price_per_unit": "3611",
        "price_unit": "KG"
      },
      {
        "state": "NSW",
        "price": "650",
        "price_per_unit": "3611",
        "price_unit": "KG"
      },
      {
        "state": "VIC",
        "price": "650",
        "price_per_unit": "3611",
        "price_unit": "KG"
      },
      {
        "state": "VIC",
        "price": "650",
        "price_per_unit": "3611",
        "price_unit": "KG"
      },
      {
        "state": "QLD",
        "price": "650",
        "price_per_unit": "3611",
        "price_unit": "KG"
      },
      {
        "state": "QLD",
        "price": "650",
        "price_per_unit": "3611",
        "price_unit": "KG"
      },
      {
        "state": "WA",
        "price": "650",
        "price_per_unit": "3611",
        "price_unit": "KG"
      },
      {
        "state": "WA",
        "price": "650",
        "price_per_unit": "3611",
        "price_unit": "KG"
      },
      {
        "state": "SA",
        "price": "650",
        "price_per_unit": "3611",
        "price_unit": "KG"
      },
      {
        "state": "SA",
        "price": "650",
        "price_per_unit": "3611",
        "price_unit": "KG"
      },
      {
        "state": "TAS",
        "price": "650",
        "price_per_unit": "3611",
        "price_unit": "KG"
      },
      {
        "state": "TAS",
        "price": "650",
        "price_per_unit": "3611",
        "price_unit": "KG"
      },
      {
        "state": "ACT",
        "price": "650",
        "price_per_unit": "3611",
        "price_unit": "KG"
      },
      {
        "state": "ACT",
        "price": "650",
        "price_per_unit": "3611",
        "price_unit": "KG"
      },
      {
        "state": "NT",
        "price": "650",
        "price_per_unit": "3611",
        "price_unit": "KG"
      },
      {
        "state": "NT",
        "price": "650",
        "price_per_unit": "3611",
        "price_unit": "KG"
      }
    ]
  },
  {
    "source_url": "https://www.woolworths.com.au/shop/productdetails/322486/tasmanian-heritage-havarti-cheese",
    "name": "Tasmanian Heritage Havarti Cheese 80g",
    "image_url": "https://cdn1.woolworths.media/content/wowproductimages/large/322486.jpg",
    "source_id": "Woolworths - 322486",
    "barcode": "9300639617695",
    "shop": "Woolworths",
    "weight": "1KG",
    "prices": [
      {
        "state": "NSW",
        "price": "480",
        "price_per_unit": "6000",
        "price_unit": "KG"
      },
      {
        "state": "NSW",
        "price": "480",
        "price_per_unit": "6000",
        "price_unit": "KG"
      },
      {
        "state": "VIC",
        "price": "480",
        "price_per_unit": "6000",
        "price_unit": "KG"
      },
      {
        "state": "VIC",
        "price": "480",
        "price_per_unit": "6000",
        "price_unit": "KG"
      },
      {
        "state": "QLD",
        "price": "480",
        "price_per_unit": "6000",
        "price_unit": "KG"
      },
      {
        "state": "QLD",
        "price": "480",
        "price_per_unit": "6000",
        "price_unit": "KG"
      },
      {
        "state": "WA",
        "price": "480",
        "price_per_unit": "6000",
        "price_unit": "KG"
      },
      {
        "state": "WA",
        "price": "480",
        "price_per_unit": "6000",
        "price_unit": "KG"
      },
      {
        "state": "SA",
        "price": "480",
        "price_per_unit": "6000",
        "price_unit": "KG"
      },
      {
        "state": "SA",
        "price": "480",
        "price_per_unit": "6000",
        "price_unit": "KG"
      },
      {
        "state": "TAS",
        "price": "480",
        "price_per_unit": "6000",
        "price_unit": "KG"
      },
      {
        "state": "TAS",
        "price": "480",
        "price_per_unit": "6000",
        "price_unit": "KG"
      },
      {
        "state": "ACT",
        "price": "480",
        "price_per_unit": "6000",
        "price_unit": "KG"
      },
      {
        "state": "ACT",
        "price": "480",
        "price_per_unit": "6000",
        "price_unit": "KG"
      },
      {
        "state": "NT",
        "price": "480",
        "price_per_unit": "6000",
        "price_unit": "KG"
      },
      {
        "state": "NT",
        "price": "480",
        "price_per_unit": "6000",
        "price_unit": "KG"
      }
    ]
  },
  {
    "source_url": "https://www.woolworths.com.au/shop/productdetails/321218/tasmanian-heritage-marinated-fetta-cheese",
    "name": "Tasmanian Heritage Marinated Fetta Cheese 350g",
    "image_url": "https://cdn1.woolworths.media/content/wowproductimages/large/321218.jpg",
    "source_id": "Woolworths - 321218",
    "barcode": "9300639617701",
    "shop": "Woolworths",
    "weight": "1KG",
    "prices": [
      {
        "state": "NSW",
        "price": "1150",
        "price_per_unit": "3286",
        "price_unit": "KG"
      },
      {
        "state": "NSW",
        "price": "1150",
        "price_per_unit": "3286",
        "price_unit": "KG"
      },
      {
        "state": "VIC",
        "price": "1150",
        "price_per_unit": "3286",
        "price_unit": "KG"
      },
      {
        "state": "VIC",
        "price": "1150",
        "price_per_unit": "3286",
        "price_unit": "KG"
      },
      {
        "state": "QLD",
        "price": "1150",
        "price_per_unit": "3286",
        "price_unit": "KG"
      },
      {
        "state": "QLD",
        "price": "1150",
        "price_per_unit": "3286",
        "price_unit": "KG"
      },
      {
        "state": "WA",
        "price": "1150",
        "price_per_unit": "3286",
        "price_unit": "KG"
      },
      {
        "state": "WA",
        "price": "1150",
        "price_per_unit": "3286",
        "price_unit": "KG"
      },
      {
        "state": "SA",
        "price": "1150",
        "price_per_unit": "3286",
        "price_unit": "KG"
      },
      {
        "state": "SA",
        "price": "1150",
        "price_per_unit": "3286",
        "price_unit": "KG"
      },
      {
        "state": "TAS",
        "price": "1150",
        "price_per_unit": "3286",
        "price_unit": "KG"
      },
      {
        "state": "TAS",
        "price": "1150",
        "price_per_unit": "3286",
        "price_unit": "KG"
      },
      {
        "state": "ACT",
        "price": "1150",
        "price_per_unit": "3286",
        "price_unit": "KG"
      },
      {
        "state": "ACT",
        "price": "1150",
        "price_per_unit": "3286",
        "price_unit": "KG"
      },
      {
        "state": "NT",
        "price": "1150",
        "price_per_unit": "3286",
        "price_unit": "KG"
      },
      {
        "state": "NT",
        "price": "1150",
        "price_per_unit": "3286",
        "price_unit": "KG"
      }
    ]
  },
  {
    "source_url": "https://www.woolworths.com.au/shop/productdetails/2205/tasmanian-heritage-oval-camembert-cheese-cheese",
    "name": "Tasmanian Heritage Oval Camembert Cheese 125g",
    "image_url": "https://cdn1.woolworths.media/content/wowproductimages/large/002205.jpg",
    "source_id": "Woolworths - 2205",
    "barcode": "9310134220177",
    "shop": "Woolworths",
    "weight": "1KG",
    "prices": [
      {
        "state": "NSW",
        "price": "750",
        "price_per_unit": "6000",
        "price_unit": "KG"
      },
      {
        "state": "NSW",
        "price": "750",
        "price_per_unit": "6000",
        "price_unit": "KG"
      },
      {
        "state": "VIC",
        "price": "750",
        "price_per_unit": "6000",
        "price_unit": "KG"
      },
      {
        "state": "VIC",
        "price": "750",
        "price_per_unit": "6000",
        "price_unit": "KG"
      },
      {
        "state": "QLD",
        "price": "750",
        "price_per_unit": "6000",
        "price_unit": "KG"
      },
      {
        "state": "QLD",
        "price": "750",
        "price_per_unit": "6000",
        "price_unit": "KG"
      },
      {
        "state": "WA",
        "price": "750",
        "price_per_unit": "6000",
        "price_unit": "KG"
      },
      {
        "state": "WA",
        "price": "750",
        "price_per_unit": "6000",
        "price_unit": "KG"
      },
      {
        "state": "SA",
        "price": "750",
        "price_per_unit": "6000",
        "price_unit": "KG"
      },
      {
        "state": "SA",
        "price": "750",
        "price_per_unit": "6000",
        "price_unit": "KG"
      },
      {
        "state": "TAS",
        "price": "750",
        "price_per_unit": "6000",
        "price_unit": "KG"
      },
      {
        "state": "TAS",
        "price": "750",
        "price_per_unit": "6000",
        "price_unit": "KG"
      },
      {
        "state": "ACT",
        "price": "750",
        "price_per_unit": "6000",
        "price_unit": "KG"
      },
      {
        "state": "ACT",
        "price": "750",
        "price_per_unit": "6000",
        "price_unit": "KG"
      }
    ]
  },
  {
    "source_url": "https://www.woolworths.com.au/shop/productdetails/334936/tasmanian-heritage-triple-cream-oval-brie-cheese",
    "name": "Tasmanian Heritage Triple Cream Oval Brie Cheese 125G",
    "image_url": "https://cdn1.woolworths.media/content/wowproductimages/large/334936.jpg",
    "source_id": "Woolworths - 334936",
    "barcode": "9314441707901",
    "shop": "Woolworths",
    "weight": "1KG",
    "prices": [
      null,
      {
        "state": "VIC",
        "price": "750",
        "price_per_unit": "6000",
        "price_unit": "KG"
      },
      {
        "state": "VIC",
        "price": "750",
        "price_per_unit": "6000",
        "price_unit": "KG"
      },
      {
        "state": "WA",
        "price": "750",
        "price_per_unit": "6000",
        "price_unit": "KG"
      },
      {
        "state": "WA",
        "price": "750",
        "price_per_unit": "6000",
        "price_unit": "KG"
      },
      {
        "state": "SA",
        "price": "750",
        "price_per_unit": "6000",
        "price_unit": "KG"
      },
      {
        "state": "SA",
        "price": "750",
        "price_per_unit": "6000",
        "price_unit": "KG"
      },
      {
        "state": "NT",
        "price": "750",
        "price_per_unit": "6000",
        "price_unit": "KG"
      },
      {
        "state": "NT",
        "price": "750",
        "price_per_unit": "6000",
        "price_unit": "KG"
      }
    ]
  },
  {
    "source_url": "https://www.woolworths.com.au/shop/productdetails/322330/tasmanian-heritage-vintage-club-cheddar-cheese",
    "name": "Tasmanian Heritage Vintage Club Cheddar Cheese 140g",
    "image_url": "https://cdn1.woolworths.media/content/wowproductimages/large/322330.jpg",
    "source_id": "Woolworths - 322330",
    "barcode": "9300639617749",
    "shop": "Woolworths",
    "weight": "1KG",
    "prices": [
      {
        "state": "NSW",
        "price": "595",
        "price_per_unit": "4250",
        "price_unit": "KG"
      },
      {
        "state": "NSW",
        "price": "595",
        "price_per_unit": "4250",
        "price_unit": "KG"
      },
      {
        "state": "VIC",
        "price": "595",
        "price_per_unit": "4250",
        "price_unit": "KG"
      },
      {
        "state": "VIC",
        "price": "595",
        "price_per_unit": "4250",
        "price_unit": "KG"
      },
      {
        "state": "QLD",
        "price": "595",
        "price_per_unit": "4250",
        "price_unit": "KG"
      },
      {
        "state": "QLD",
        "price": "595",
        "price_per_unit": "4250",
        "price_unit": "KG"
      },
      {
        "state": "WA",
        "price": "595",
        "price_per_unit": "4250",
        "price_unit": "KG"
      },
      {
        "state": "WA",
        "price": "595",
        "price_per_unit": "4250",
        "price_unit": "KG"
      },
      {
        "state": "SA",
        "price": "595",
        "price_per_unit": "4250",
        "price_unit": "KG"
      },
      {
        "state": "SA",
        "price": "595",
        "price_per_unit": "4250",
        "price_unit": "KG"
      },
      {
        "state": "TAS",
        "price": "595",
        "price_per_unit": "4250",
        "price_unit": "KG"
      },
      {
        "state": "TAS",
        "price": "595",
        "price_per_unit": "4250",
        "price_unit": "KG"
      },
      {
        "state": "ACT",
        "price": "595",
        "price_per_unit": "4250",
        "price_unit": "KG"
      },
      {
        "state": "ACT",
        "price": "595",
        "price_per_unit": "4250",
        "price_unit": "KG"
      },
      {
        "state": "NT",
        "price": "595",
        "price_per_unit": "4250",
        "price_unit": "KG"
      },
      {
        "state": "NT",
        "price": "595",
        "price_per_unit": "4250",
        "price_unit": "KG"
      }
    ]
  },
  {
    "source_url": "https://www.woolworths.com.au/shop/productdetails/325870/tasmanian-heritage-vintage-smoked-club-cheddar-cheese",
    "name": "Tasmanian Heritage Vintage Smoked Club Cheddar Cheese 140g",
    "image_url": "https://cdn1.woolworths.media/content/wowproductimages/large/325870.jpg",
    "source_id": "Woolworths - 325870",
    "barcode": "9300639617732",
    "shop": "Woolworths",
    "weight": "1KG",
    "prices": [
      {
        "state": "NSW",
        "price": "595",
        "price_per_unit": "4250",
        "price_unit": "KG"
      },
      {
        "state": "NSW",
        "price": "595",
        "price_per_unit": "4250",
        "price_unit": "KG"
      },
      {
        "state": "VIC",
        "price": "595",
        "price_per_unit": "4250",
        "price_unit": "KG"
      },
      {
        "state": "VIC",
        "price": "595",
        "price_per_unit": "4250",
        "price_unit": "KG"
      },
      {
        "state": "QLD",
        "price": "595",
        "price_per_unit": "4250",
        "price_unit": "KG"
      },
      {
        "state": "QLD",
        "price": "595",
        "price_per_unit": "4250",
        "price_unit": "KG"
      },
      {
        "state": "WA",
        "price": "595",
        "price_per_unit": "4250",
        "price_unit": "KG"
      },
      {
        "state": "WA",
        "price": "595",
        "price_per_unit": "4250",
        "price_unit": "KG"
      },
      {
        "state": "SA",
        "price": "595",
        "price_per_unit": "4250",
        "price_unit": "KG"
      },
      {
        "state": "SA",
        "price": "595",
        "price_per_unit": "4250",
        "price_unit": "KG"
      },
      {
        "state": "TAS",
        "price": "595",
        "price_per_unit": "4250",
        "price_unit": "KG"
      },
      {
        "state": "TAS",
        "price": "595",
        "price_per_unit": "4250",
        "price_unit": "KG"
      },
      {
        "state": "ACT",
        "price": "595",
        "price_per_unit": "4250",
        "price_unit": "KG"
      },
      {
        "state": "ACT",
        "price": "595",
        "price_per_unit": "4250",
        "price_unit": "KG"
      },
      {
        "state": "NT",
        "price": "595",
        "price_per_unit": "4250",
        "price_unit": "KG"
      },
      {
        "state": "NT",
        "price": "595",
        "price_per_unit": "4250",
        "price_unit": "KG"
      }
    ]
  },
  {
    "source_url": "https://www.woolworths.com.au/shop/productdetails/81584/thomas-dux-aged-cheddar-24-months",
    "name": "Thomas Dux Aged Cheddar 24 Months 200g",
    "image_url": "https://cdn1.woolworths.media/content/wowproductimages/large/081584.jpg",
    "source_id": "Woolworths - 81584",
    "barcode": "9339687157099",
    "shop": "Woolworths",
    "weight": "1KG",
    "prices": [
      {
        "state": "NSW",
        "price": "495",
        "price_per_unit": "2475",
        "price_unit": "KG"
      },
      {
        "state": "NSW",
        "price": "495",
        "price_per_unit": "2475",
        "price_unit": "KG"
      },
      {
        "state": "VIC",
        "price": "495",
        "price_per_unit": "2475",
        "price_unit": "KG"
      },
      {
        "state": "VIC",
        "price": "495",
        "price_per_unit": "2475",
        "price_unit": "KG"
      },
      {
        "state": "QLD",
        "price": "495",
        "price_per_unit": "2475",
        "price_unit": "KG"
      },
      {
        "state": "QLD",
        "price": "495",
        "price_per_unit": "2475",
        "price_unit": "KG"
      },
      {
        "state": "WA",
        "price": "495",
        "price_per_unit": "2475",
        "price_unit": "KG"
      },
      {
        "state": "WA",
        "price": "495",
        "price_per_unit": "2475",
        "price_unit": "KG"
      },
      {
        "state": "SA",
        "price": "495",
        "price_per_unit": "2475",
        "price_unit": "KG"
      },
      {
        "state": "SA",
        "price": "495",
        "price_per_unit": "2475",
        "price_unit": "KG"
      },
      {
        "state": "ACT",
        "price": "495",
        "price_per_unit": "2475",
        "price_unit": "KG"
      },
      {
        "state": "ACT",
        "price": "495",
        "price_per_unit": "2475",
        "price_unit": "KG"
      },
      {
        "state": "NT",
        "price": "495",
        "price_per_unit": "2475",
        "price_unit": "KG"
      },
      {
        "state": "NT",
        "price": "495",
        "price_per_unit": "2475",
        "price_unit": "KG"
      }
    ]
  },
  {
    "source_url": "https://www.woolworths.com.au/shop/productdetails/140170/thomas-dux-aged-dutch-gouda",
    "name": "Thomas Dux Aged Dutch Gouda 200g",
    "image_url": "https://cdn1.woolworths.media/content/wowproductimages/large/140170.jpg",
    "source_id": "Woolworths - 140170",
    "barcode": "93564632",
    "shop": "Woolworths",
    "weight": "1KG",
    "prices": [
      {
        "state": "NSW",
        "price": "800",
        "price_per_unit": "4000",
        "price_unit": "KG"
      },
      {
        "state": "NSW",
        "price": "800",
        "price_per_unit": "4000",
        "price_unit": "KG"
      },
      {
        "state": "VIC",
        "price": "800",
        "price_per_unit": "4000",
        "price_unit": "KG"
      },
      {
        "state": "VIC",
        "price": "800",
        "price_per_unit": "4000",
        "price_unit": "KG"
      },
      {
        "state": "QLD",
        "price": "800",
        "price_per_unit": "4000",
        "price_unit": "KG"
      },
      {
        "state": "QLD",
        "price": "800",
        "price_per_unit": "4000",
        "price_unit": "KG"
      },
      {
        "state": "SA",
        "price": "800",
        "price_per_unit": "4000",
        "price_unit": "KG"
      },
      {
        "state": "SA",
        "price": "800",
        "price_per_unit": "4000",
        "price_unit": "KG"
      },
      {
        "state": "TAS",
        "price": "800",
        "price_per_unit": "4000",
        "price_unit": "KG"
      },
      {
        "state": "TAS",
        "price": "800",
        "price_per_unit": "4000",
        "price_unit": "KG"
      },
      {
        "state": "ACT",
        "price": "800",
        "price_per_unit": "4000",
        "price_unit": "KG"
      },
      {
        "state": "ACT",
        "price": "800",
        "price_per_unit": "4000",
        "price_unit": "KG"
      },
      {
        "state": "NT",
        "price": "800",
        "price_per_unit": "4000",
        "price_unit": "KG"
      },
      {
        "state": "NT",
        "price": "800",
        "price_per_unit": "4000",
        "price_unit": "KG"
      }
    ]
  },
  {
    "source_url": "https://www.woolworths.com.au/shop/productdetails/539922/thomas-dux-apricot-almond-cream-cheese",
    "name": "Thomas Dux Apricot & Almond Cream Cheese 200g",
    "image_url": "https://cdn1.woolworths.media/content/wowproductimages/large/539922.jpg",
    "source_id": "Woolworths - 539922",
    "barcode": "9339687367047",
    "shop": "Woolworths",
    "weight": "1KG",
    "prices": [
      {
        "state": "NSW",
        "price": "390",
        "price_per_unit": "1950",
        "price_unit": "KG"
      },
      {
        "state": "NSW",
        "price": "390",
        "price_per_unit": "1950",
        "price_unit": "KG"
      },
      {
        "state": "VIC",
        "price": "390",
        "price_per_unit": "1950",
        "price_unit": "KG"
      },
      {
        "state": "VIC",
        "price": "390",
        "price_per_unit": "1950",
        "price_unit": "KG"
      },
      {
        "state": "QLD",
        "price": "390",
        "price_per_unit": "1950",
        "price_unit": "KG"
      },
      {
        "state": "QLD",
        "price": "390",
        "price_per_unit": "1950",
        "price_unit": "KG"
      },
      {
        "state": "WA",
        "price": "390",
        "price_per_unit": "1950",
        "price_unit": "KG"
      },
      {
        "state": "WA",
        "price": "390",
        "price_per_unit": "1950",
        "price_unit": "KG"
      },
      {
        "state": "SA",
        "price": "390",
        "price_per_unit": "1950",
        "price_unit": "KG"
      },
      {
        "state": "SA",
        "price": "390",
        "price_per_unit": "1950",
        "price_unit": "KG"
      },
      {
        "state": "TAS",
        "price": "390",
        "price_per_unit": "1950",
        "price_unit": "KG"
      },
      {
        "state": "TAS",
        "price": "390",
        "price_per_unit": "1950",
        "price_unit": "KG"
      },
      {
        "state": "ACT",
        "price": "390",
        "price_per_unit": "1950",
        "price_unit": "KG"
      },
      {
        "state": "ACT",
        "price": "390",
        "price_per_unit": "1950",
        "price_unit": "KG"
      },
      {
        "state": "NT",
        "price": "390",
        "price_per_unit": "1950",
        "price_unit": "KG"
      },
      {
        "state": "NT",
        "price": "390",
        "price_per_unit": "1950",
        "price_unit": "KG"
      }
    ]
  },
  {
    "source_url": "https://www.woolworths.com.au/shop/productdetails/87470/thomas-dux-ash-brie",
    "name": "Thomas Dux Ash Brie 125g",
    "image_url": "https://cdn1.woolworths.media/content/wowproductimages/large/087470.jpg",
    "source_id": "Woolworths - 87470",
    "barcode": "93560702",
    "shop": "Woolworths",
    "weight": "1KG",
    "prices": [
      {
        "state": "NSW",
        "price": "390",
        "price_per_unit": "3120",
        "price_unit": "KG"
      },
      {
        "state": "NSW",
        "price": "390",
        "price_per_unit": "3120",
        "price_unit": "KG"
      },
      {
        "state": "QLD",
        "price": "390",
        "price_per_unit": "3120",
        "price_unit": "KG"
      },
      {
        "state": "QLD",
        "price": "390",
        "price_per_unit": "3120",
        "price_unit": "KG"
      },
      {
        "state": "SA",
        "price": "390",
        "price_per_unit": "3120",
        "price_unit": "KG"
      },
      {
        "state": "SA",
        "price": "390",
        "price_per_unit": "3120",
        "price_unit": "KG"
      },
      {
        "state": "TAS",
        "price": "390",
        "price_per_unit": "3120",
        "price_unit": "KG"
      },
      {
        "state": "TAS",
        "price": "390",
        "price_per_unit": "3120",
        "price_unit": "KG"
      },
      {
        "state": "ACT",
        "price": "390",
        "price_per_unit": "3120",
        "price_unit": "KG"
      },
      {
        "state": "ACT",
        "price": "390",
        "price_per_unit": "3120",
        "price_unit": "KG"
      },
      {
        "state": "NT",
        "price": "390",
        "price_per_unit": "3120",
        "price_unit": "KG"
      },
      {
        "state": "NT",
        "price": "390",
        "price_per_unit": "3120",
        "price_unit": "KG"
      }
    ]
  },
  {
    "source_url": "https://www.woolworths.com.au/shop/productdetails/81585/thomas-dux-blue-stilton",
    "name": "Thomas Dux Blue Stilton 150g",
    "image_url": "https://cdn1.woolworths.media/content/wowproductimages/large/081585.jpg",
    "source_id": "Woolworths - 81585",
    "barcode": "93560719",
    "shop": "Woolworths",
    "weight": "1KG",
    "prices": [
      {
        "state": "NSW",
        "price": "550",
        "price_per_unit": "3667",
        "price_unit": "KG"
      },
      {
        "state": "NSW",
        "price": "550",
        "price_per_unit": "3667",
        "price_unit": "KG"
      },
      {
        "state": "VIC",
        "price": "550",
        "price_per_unit": "3667",
        "price_unit": "KG"
      },
      {
        "state": "VIC",
        "price": "550",
        "price_per_unit": "3667",
        "price_unit": "KG"
      },
      {
        "state": "QLD",
        "price": "550",
        "price_per_unit": "3667",
        "price_unit": "KG"
      },
      {
        "state": "QLD",
        "price": "550",
        "price_per_unit": "3667",
        "price_unit": "KG"
      },
      {
        "state": "WA",
        "price": "550",
        "price_per_unit": "3667",
        "price_unit": "KG"
      },
      {
        "state": "WA",
        "price": "550",
        "price_per_unit": "3667",
        "price_unit": "KG"
      },
      {
        "state": "SA",
        "price": "550",
        "price_per_unit": "3667",
        "price_unit": "KG"
      },
      {
        "state": "SA",
        "price": "550",
        "price_per_unit": "3667",
        "price_unit": "KG"
      },
      {
        "state": "TAS",
        "price": "550",
        "price_per_unit": "3667",
        "price_unit": "KG"
      },
      {
        "state": "TAS",
        "price": "550",
        "price_per_unit": "3667",
        "price_unit": "KG"
      },
      {
        "state": "NT",
        "price": "550",
        "price_per_unit": "3667",
        "price_unit": "KG"
      },
      {
        "state": "NT",
        "price": "550",
        "price_per_unit": "3667",
        "price_unit": "KG"
      }
    ]
  },
  {
    "source_url": "https://www.woolworths.com.au/shop/productdetails/311844/thomas-dux-brie-cheese",
    "name": "Thomas Dux Brie Cheese 125g",
    "image_url": "https://cdn1.woolworths.media/content/wowproductimages/large/311844.jpg",
    "source_id": "Woolworths - 311844",
    "barcode": "9339687345977",
    "shop": "Woolworths",
    "weight": "1KG",
    "prices": [
      {
        "state": "NSW",
        "price": "300",
        "price_per_unit": "2400",
        "price_unit": "KG"
      },
      {
        "state": "NSW",
        "price": "300",
        "price_per_unit": "2400",
        "price_unit": "KG"
      },
      {
        "state": "VIC",
        "price": "300",
        "price_per_unit": "2400",
        "price_unit": "KG"
      },
      {
        "state": "VIC",
        "price": "300",
        "price_per_unit": "2400",
        "price_unit": "KG"
      },
      {
        "state": "QLD",
        "price": "300",
        "price_per_unit": "2400",
        "price_unit": "KG"
      },
      {
        "state": "QLD",
        "price": "300",
        "price_per_unit": "2400",
        "price_unit": "KG"
      },
      {
        "state": "WA",
        "price": "300",
        "price_per_unit": "2400",
        "price_unit": "KG"
      },
      {
        "state": "WA",
        "price": "300",
        "price_per_unit": "2400",
        "price_unit": "KG"
      },
      {
        "state": "SA",
        "price": "300",
        "price_per_unit": "2400",
        "price_unit": "KG"
      },
      {
        "state": "SA",
        "price": "300",
        "price_per_unit": "2400",
        "price_unit": "KG"
      },
      {
        "state": "TAS",
        "price": "300",
        "price_per_unit": "2400",
        "price_unit": "KG"
      },
      {
        "state": "TAS",
        "price": "300",
        "price_per_unit": "2400",
        "price_unit": "KG"
      },
      {
        "state": "ACT",
        "price": "300",
        "price_per_unit": "2400",
        "price_unit": "KG"
      },
      {
        "state": "ACT",
        "price": "300",
        "price_per_unit": "2400",
        "price_unit": "KG"
      },
      {
        "state": "NT",
        "price": "300",
        "price_per_unit": "2400",
        "price_unit": "KG"
      },
      {
        "state": "NT",
        "price": "300",
        "price_per_unit": "2400",
        "price_unit": "KG"
      }
    ]
  },
  {
    "source_url": "https://www.woolworths.com.au/shop/productdetails/311843/thomas-dux-camembert-cheese",
    "name": "Thomas Dux Camembert Cheese 125g",
    "image_url": "https://cdn1.woolworths.media/content/wowproductimages/large/311843.jpg",
    "source_id": "Woolworths - 311843",
    "barcode": "9339687345960",
    "shop": "Woolworths",
    "weight": "1KG",
    "prices": [
      {
        "state": "NSW",
        "price": "300",
        "price_per_unit": "2400",
        "price_unit": "KG"
      },
      {
        "state": "NSW",
        "price": "300",
        "price_per_unit": "2400",
        "price_unit": "KG"
      },
      {
        "state": "VIC",
        "price": "300",
        "price_per_unit": "2400",
        "price_unit": "KG"
      },
      {
        "state": "VIC",
        "price": "300",
        "price_per_unit": "2400",
        "price_unit": "KG"
      },
      {
        "state": "QLD",
        "price": "300",
        "price_per_unit": "2400",
        "price_unit": "KG"
      },
      {
        "state": "QLD",
        "price": "300",
        "price_per_unit": "2400",
        "price_unit": "KG"
      },
      {
        "state": "WA",
        "price": "300",
        "price_per_unit": "2400",
        "price_unit": "KG"
      },
      {
        "state": "WA",
        "price": "300",
        "price_per_unit": "2400",
        "price_unit": "KG"
      },
      {
        "state": "SA",
        "price": "300",
        "price_per_unit": "2400",
        "price_unit": "KG"
      },
      {
        "state": "SA",
        "price": "300",
        "price_per_unit": "2400",
        "price_unit": "KG"
      },
      {
        "state": "TAS",
        "price": "300",
        "price_per_unit": "2400",
        "price_unit": "KG"
      },
      {
        "state": "TAS",
        "price": "300",
        "price_per_unit": "2400",
        "price_unit": "KG"
      },
      {
        "state": "ACT",
        "price": "300",
        "price_per_unit": "2400",
        "price_unit": "KG"
      },
      {
        "state": "ACT",
        "price": "300",
        "price_per_unit": "2400",
        "price_unit": "KG"
      },
      {
        "state": "NT",
        "price": "300",
        "price_per_unit": "2400",
        "price_unit": "KG"
      },
      {
        "state": "NT",
        "price": "300",
        "price_per_unit": "2400",
        "price_unit": "KG"
      }
    ]
  },
  {
    "source_url": "https://www.woolworths.com.au/shop/productdetails/191040/thomas-dux-club-cheddar-cheese",
    "name": "Thomas Dux Club Cheddar Cheese 235g",
    "image_url": "https://cdn1.woolworths.media/content/wowproductimages/large/191040.jpg",
    "source_id": "Woolworths - 191040",
    "barcode": "9339687285037",
    "shop": "Woolworths",
    "weight": "1KG",
    "prices": [
      {
        "state": "NSW",
        "price": "550",
        "price_per_unit": "2340",
        "price_unit": "KG"
      },
      {
        "state": "NSW",
        "price": "550",
        "price_per_unit": "2340",
        "price_unit": "KG"
      },
      {
        "state": "VIC",
        "price": "550",
        "price_per_unit": "2340",
        "price_unit": "KG"
      },
      {
        "state": "VIC",
        "price": "550",
        "price_per_unit": "2340",
        "price_unit": "KG"
      },
      {
        "state": "TAS",
        "price": "550",
        "price_per_unit": "2340",
        "price_unit": "KG"
      },
      {
        "state": "TAS",
        "price": "550",
        "price_per_unit": "2340",
        "price_unit": "KG"
      },
      {
        "state": "ACT",
        "price": "550",
        "price_per_unit": "2340",
        "price_unit": "KG"
      },
      {
        "state": "ACT",
        "price": "550",
        "price_per_unit": "2340",
        "price_unit": "KG"
      },
      {
        "state": "NT",
        "price": "550",
        "price_per_unit": "2340",
        "price_unit": "KG"
      },
      {
        "state": "NT",
        "price": "550",
        "price_per_unit": "2340",
        "price_unit": "KG"
      }
    ]
  },
  {
    "source_url": "https://www.woolworths.com.au/shop/productdetails/271038/thomas-dux-creamy-blue-cheese",
    "name": "Thomas Dux Creamy Blue Cheese 150g",
    "image_url": "https://cdn1.woolworths.media/content/wowproductimages/large/271038.jpg",
    "source_id": "Woolworths - 271038",
    "barcode": "93572194",
    "shop": "Woolworths",
    "weight": "1KG",
    "prices": [
      null,
      {
        "state": "VIC",
        "price": "450",
        "price_per_unit": "3000",
        "price_unit": "KG"
      },
      {
        "state": "VIC",
        "price": "450",
        "price_per_unit": "3000",
        "price_unit": "KG"
      },
      {
        "state": "QLD",
        "price": "450",
        "price_per_unit": "3000",
        "price_unit": "KG"
      },
      {
        "state": "QLD",
        "price": "450",
        "price_per_unit": "3000",
        "price_unit": "KG"
      },
      {
        "state": "SA",
        "price": "450",
        "price_per_unit": "3000",
        "price_unit": "KG"
      },
      {
        "state": "SA",
        "price": "450",
        "price_per_unit": "3000",
        "price_unit": "KG"
      },
      {
        "state": "TAS",
        "price": "450",
        "price_per_unit": "3000",
        "price_unit": "KG"
      },
      {
        "state": "TAS",
        "price": "450",
        "price_per_unit": "3000",
        "price_unit": "KG"
      },
      {
        "state": "ACT",
        "price": "450",
        "price_per_unit": "3000",
        "price_unit": "KG"
      },
      {
        "state": "ACT",
        "price": "450",
        "price_per_unit": "3000",
        "price_unit": "KG"
      },
      {
        "state": "NT",
        "price": "450",
        "price_per_unit": "3000",
        "price_unit": "KG"
      },
      {
        "state": "NT",
        "price": "450",
        "price_per_unit": "3000",
        "price_unit": "KG"
      }
    ]
  },
  {
    "source_url": "https://www.woolworths.com.au/shop/productdetails/87469/thomas-dux-danish-blue-cheese",
    "name": "Thomas Dux Danish Blue Cheese 100g",
    "image_url": "https://cdn1.woolworths.media/content/wowproductimages/large/087469.jpg",
    "source_id": "Woolworths - 87469",
    "barcode": "93560733",
    "shop": "Woolworths",
    "weight": "1KG",
    "prices": [
      {
        "state": "NSW",
        "price": "440",
        "price_per_unit": "4400",
        "price_unit": "KG"
      },
      {
        "state": "NSW",
        "price": "440",
        "price_per_unit": "4400",
        "price_unit": "KG"
      },
      {
        "state": "VIC",
        "price": "440",
        "price_per_unit": "4400",
        "price_unit": "KG"
      },
      {
        "state": "VIC",
        "price": "440",
        "price_per_unit": "4400",
        "price_unit": "KG"
      },
      {
        "state": "QLD",
        "price": "440",
        "price_per_unit": "4400",
        "price_unit": "KG"
      },
      {
        "state": "QLD",
        "price": "440",
        "price_per_unit": "4400",
        "price_unit": "KG"
      },
      {
        "state": "WA",
        "price": "440",
        "price_per_unit": "4400",
        "price_unit": "KG"
      },
      {
        "state": "WA",
        "price": "440",
        "price_per_unit": "4400",
        "price_unit": "KG"
      },
      {
        "state": "SA",
        "price": "440",
        "price_per_unit": "4400",
        "price_unit": "KG"
      },
      {
        "state": "SA",
        "price": "440",
        "price_per_unit": "4400",
        "price_unit": "KG"
      },
      {
        "state": "TAS",
        "price": "440",
        "price_per_unit": "4400",
        "price_unit": "KG"
      },
      {
        "state": "TAS",
        "price": "440",
        "price_per_unit": "4400",
        "price_unit": "KG"
      },
      {
        "state": "ACT",
        "price": "440",
        "price_per_unit": "4400",
        "price_unit": "KG"
      },
      {
        "state": "ACT",
        "price": "440",
        "price_per_unit": "4400",
        "price_unit": "KG"
      },
      {
        "state": "NT",
        "price": "440",
        "price_per_unit": "4400",
        "price_unit": "KG"
      },
      {
        "state": "NT",
        "price": "440",
        "price_per_unit": "4400",
        "price_unit": "KG"
      }
    ]
  },
  {
    "source_url": "https://www.woolworths.com.au/shop/productdetails/87468/thomas-dux-double-cream-camembert",
    "name": "Thomas Dux Double Cream Camembert 200g",
    "image_url": "https://cdn1.woolworths.media/content/wowproductimages/large/087468.jpg",
    "source_id": "Woolworths - 87468",
    "barcode": "93561129",
    "shop": "Woolworths",
    "weight": "1KG",
    "prices": [
      {
        "state": "NSW",
        "price": "550",
        "price_per_unit": "2750",
        "price_unit": "KG"
      },
      {
        "state": "NSW",
        "price": "550",
        "price_per_unit": "2750",
        "price_unit": "KG"
      },
      {
        "state": "VIC",
        "price": "550",
        "price_per_unit": "2750",
        "price_unit": "KG"
      },
      {
        "state": "VIC",
        "price": "550",
        "price_per_unit": "2750",
        "price_unit": "KG"
      },
      {
        "state": "QLD",
        "price": "550",
        "price_per_unit": "2750",
        "price_unit": "KG"
      },
      {
        "state": "QLD",
        "price": "550",
        "price_per_unit": "2750",
        "price_unit": "KG"
      },
      {
        "state": "WA",
        "price": "550",
        "price_per_unit": "2750",
        "price_unit": "KG"
      },
      {
        "state": "WA",
        "price": "550",
        "price_per_unit": "2750",
        "price_unit": "KG"
      },
      {
        "state": "SA",
        "price": "550",
        "price_per_unit": "2750",
        "price_unit": "KG"
      },
      {
        "state": "SA",
        "price": "550",
        "price_per_unit": "2750",
        "price_unit": "KG"
      },
      {
        "state": "TAS",
        "price": "550",
        "price_per_unit": "2750",
        "price_unit": "KG"
      },
      {
        "state": "TAS",
        "price": "550",
        "price_per_unit": "2750",
        "price_unit": "KG"
      },
      {
        "state": "ACT",
        "price": "550",
        "price_per_unit": "2750",
        "price_unit": "KG"
      },
      {
        "state": "ACT",
        "price": "550",
        "price_per_unit": "2750",
        "price_unit": "KG"
      },
      {
        "state": "NT",
        "price": "550",
        "price_per_unit": "2750",
        "price_unit": "KG"
      },
      {
        "state": "NT",
        "price": "550",
        "price_per_unit": "2750",
        "price_unit": "KG"
      }
    ]
  },
  {
    "source_url": "https://www.woolworths.com.au/shop/productdetails/85966/thomas-dux-dutch-edam",
    "name": "Thomas Dux Dutch Edam 230g",
    "image_url": "https://cdn1.woolworths.media/content/wowproductimages/large/085966.jpg",
    "source_id": "Woolworths - 85966",
    "barcode": "9339687310531",
    "shop": "Woolworths",
    "weight": "1KG",
    "prices": [
      {
        "state": "NSW",
        "price": "550",
        "price_per_unit": "2391",
        "price_unit": "KG"
      },
      {
        "state": "NSW",
        "price": "550",
        "price_per_unit": "2391",
        "price_unit": "KG"
      },
      {
        "state": "VIC",
        "price": "550",
        "price_per_unit": "2391",
        "price_unit": "KG"
      },
      {
        "state": "VIC",
        "price": "550",
        "price_per_unit": "2391",
        "price_unit": "KG"
      },
      {
        "state": "QLD",
        "price": "550",
        "price_per_unit": "2391",
        "price_unit": "KG"
      },
      {
        "state": "QLD",
        "price": "550",
        "price_per_unit": "2391",
        "price_unit": "KG"
      },
      {
        "state": "SA",
        "price": "550",
        "price_per_unit": "2391",
        "price_unit": "KG"
      },
      {
        "state": "SA",
        "price": "550",
        "price_per_unit": "2391",
        "price_unit": "KG"
      },
      {
        "state": "TAS",
        "price": "550",
        "price_per_unit": "2391",
        "price_unit": "KG"
      },
      {
        "state": "TAS",
        "price": "550",
        "price_per_unit": "2391",
        "price_unit": "KG"
      },
      {
        "state": "ACT",
        "price": "550",
        "price_per_unit": "2391",
        "price_unit": "KG"
      },
      {
        "state": "ACT",
        "price": "550",
        "price_per_unit": "2391",
        "price_unit": "KG"
      },
      {
        "state": "NT",
        "price": "550",
        "price_per_unit": "2391",
        "price_unit": "KG"
      },
      {
        "state": "NT",
        "price": "550",
        "price_per_unit": "2391",
        "price_unit": "KG"
      }
    ]
  },
  {
    "source_url": "https://www.woolworths.com.au/shop/productdetails/85967/thomas-dux-dutch-smoked-cheese",
    "name": "Thomas Dux Dutch Smoked Cheese 200g",
    "image_url": "https://cdn1.woolworths.media/content/wowproductimages/large/085967.jpg",
    "source_id": "Woolworths - 85967",
    "barcode": "93560764",
    "shop": "Woolworths",
    "weight": "1KG",
    "prices": [
      {
        "state": "NSW",
        "price": "515",
        "price_per_unit": "2575",
        "price_unit": "KG"
      },
      {
        "state": "NSW",
        "price": "515",
        "price_per_unit": "2575",
        "price_unit": "KG"
      },
      {
        "state": "VIC",
        "price": "515",
        "price_per_unit": "2575",
        "price_unit": "KG"
      },
      {
        "state": "VIC",
        "price": "515",
        "price_per_unit": "2575",
        "price_unit": "KG"
      },
      {
        "state": "QLD",
        "price": "515",
        "price_per_unit": "2575",
        "price_unit": "KG"
      },
      {
        "state": "QLD",
        "price": "515",
        "price_per_unit": "2575",
        "price_unit": "KG"
      },
      {
        "state": "WA",
        "price": "515",
        "price_per_unit": "2575",
        "price_unit": "KG"
      },
      {
        "state": "WA",
        "price": "515",
        "price_per_unit": "2575",
        "price_unit": "KG"
      },
      {
        "state": "SA",
        "price": "515",
        "price_per_unit": "2575",
        "price_unit": "KG"
      },
      {
        "state": "SA",
        "price": "515",
        "price_per_unit": "2575",
        "price_unit": "KG"
      },
      {
        "state": "TAS",
        "price": "515",
        "price_per_unit": "2575",
        "price_unit": "KG"
      },
      {
        "state": "TAS",
        "price": "515",
        "price_per_unit": "2575",
        "price_unit": "KG"
      },
      {
        "state": "ACT",
        "price": "515",
        "price_per_unit": "2575",
        "price_unit": "KG"
      },
      {
        "state": "ACT",
        "price": "515",
        "price_per_unit": "2575",
        "price_unit": "KG"
      },
      {
        "state": "NT",
        "price": "515",
        "price_per_unit": "2575",
        "price_unit": "KG"
      },
      {
        "state": "NT",
        "price": "515",
        "price_per_unit": "2575",
        "price_unit": "KG"
      }
    ]
  },
  {
    "source_url": "https://www.woolworths.com.au/shop/productdetails/81582/thomas-dux-english-red-leicester",
    "name": "Thomas Dux English Red Leicester 200g",
    "image_url": "https://cdn1.woolworths.media/content/wowproductimages/large/081582.jpg",
    "source_id": "Woolworths - 81582",
    "barcode": "93560801",
    "shop": "Woolworths",
    "weight": "1KG",
    "prices": [
      {
        "state": "NSW",
        "price": "490",
        "price_per_unit": "2450",
        "price_unit": "KG"
      },
      {
        "state": "NSW",
        "price": "490",
        "price_per_unit": "2450",
        "price_unit": "KG"
      },
      {
        "state": "VIC",
        "price": "490",
        "price_per_unit": "2450",
        "price_unit": "KG"
      },
      {
        "state": "VIC",
        "price": "490",
        "price_per_unit": "2450",
        "price_unit": "KG"
      },
      {
        "state": "QLD",
        "price": "490",
        "price_per_unit": "2450",
        "price_unit": "KG"
      },
      {
        "state": "QLD",
        "price": "490",
        "price_per_unit": "2450",
        "price_unit": "KG"
      },
      {
        "state": "WA",
        "price": "490",
        "price_per_unit": "2450",
        "price_unit": "KG"
      },
      {
        "state": "WA",
        "price": "490",
        "price_per_unit": "2450",
        "price_unit": "KG"
      },
      {
        "state": "SA",
        "price": "490",
        "price_per_unit": "2450",
        "price_unit": "KG"
      },
      {
        "state": "SA",
        "price": "490",
        "price_per_unit": "2450",
        "price_unit": "KG"
      },
      {
        "state": "ACT",
        "price": "490",
        "price_per_unit": "2450",
        "price_unit": "KG"
      },
      {
        "state": "ACT",
        "price": "490",
        "price_per_unit": "2450",
        "price_unit": "KG"
      },
      {
        "state": "NT",
        "price": "490",
        "price_per_unit": "2450",
        "price_unit": "KG"
      },
      {
        "state": "NT",
        "price": "490",
        "price_per_unit": "2450",
        "price_unit": "KG"
      }
    ]
  },
  {
    "source_url": "https://www.woolworths.com.au/shop/productdetails/140169/thomas-dux-french-comte-matured-8-months",
    "name": "Thomas Dux French Comte Matured 8 Months 175g",
    "image_url": "https://cdn1.woolworths.media/content/wowproductimages/large/140169.jpg",
    "source_id": "Woolworths - 140169",
    "barcode": "93564625",
    "shop": "Woolworths",
    "weight": "1KG",
    "prices": [
      {
        "state": "NSW",
        "price": "1110",
        "price_per_unit": "6343",
        "price_unit": "KG"
      },
      {
        "state": "NSW",
        "price": "1110",
        "price_per_unit": "6343",
        "price_unit": "KG"
      },
      {
        "state": "SA",
        "price": "1110",
        "price_per_unit": "6343",
        "price_unit": "KG"
      },
      {
        "state": "SA",
        "price": "1110",
        "price_per_unit": "6343",
        "price_unit": "KG"
      },
      {
        "state": "TAS",
        "price": "1110",
        "price_per_unit": "6343",
        "price_unit": "KG"
      },
      {
        "state": "TAS",
        "price": "1110",
        "price_per_unit": "6343",
        "price_unit": "KG"
      },
      {
        "state": "ACT",
        "price": "1110",
        "price_per_unit": "6343",
        "price_unit": "KG"
      },
      {
        "state": "ACT",
        "price": "1110",
        "price_per_unit": "6343",
        "price_unit": "KG"
      },
      {
        "state": "NT",
        "price": "1110",
        "price_per_unit": "6343",
        "price_unit": "KG"
      },
      {
        "state": "NT",
        "price": "1110",
        "price_per_unit": "6343",
        "price_unit": "KG"
      }
    ]
  },
  {
    "source_url": "https://www.woolworths.com.au/shop/productdetails/443664/thomas-dux-french-goats-cheese",
    "name": "Thomas Dux French Goats Cheese 110g",
    "image_url": "https://cdn1.woolworths.media/content/wowproductimages/large/443664.jpg",
    "source_id": "Woolworths - 443664",
    "barcode": "9339687361403",
    "shop": "Woolworths",
    "weight": "1KG",
    "prices": [
      {
        "state": "NSW",
        "price": "440",
        "price_per_unit": "4000",
        "price_unit": "KG"
      },
      {
        "state": "NSW",
        "price": "440",
        "price_per_unit": "4000",
        "price_unit": "KG"
      },
      {
        "state": "VIC",
        "price": "440",
        "price_per_unit": "4000",
        "price_unit": "KG"
      },
      {
        "state": "VIC",
        "price": "440",
        "price_per_unit": "4000",
        "price_unit": "KG"
      },
      {
        "state": "QLD",
        "price": "440",
        "price_per_unit": "4000",
        "price_unit": "KG"
      },
      {
        "state": "QLD",
        "price": "440",
        "price_per_unit": "4000",
        "price_unit": "KG"
      },
      {
        "state": "SA",
        "price": "440",
        "price_per_unit": "4000",
        "price_unit": "KG"
      },
      {
        "state": "SA",
        "price": "440",
        "price_per_unit": "4000",
        "price_unit": "KG"
      },
      {
        "state": "TAS",
        "price": "440",
        "price_per_unit": "4000",
        "price_unit": "KG"
      },
      {
        "state": "TAS",
        "price": "440",
        "price_per_unit": "4000",
        "price_unit": "KG"
      },
      {
        "state": "NT",
        "price": "440",
        "price_per_unit": "4000",
        "price_unit": "KG"
      },
      {
        "state": "NT",
        "price": "440",
        "price_per_unit": "4000",
        "price_unit": "KG"
      }
    ]
  },
  {
    "source_url": "https://www.woolworths.com.au/shop/productdetails/81586/thomas-dux-grana-padano-14-months",
    "name": "Thomas Dux Grana Padano 14 Months 250g",
    "image_url": "https://cdn1.woolworths.media/content/wowproductimages/large/081586.jpg",
    "source_id": "Woolworths - 81586",
    "barcode": "93560672",
    "shop": "Woolworths",
    "weight": "1KG",
    "prices": [
      {
        "state": "NSW",
        "price": "850",
        "price_per_unit": "3400",
        "price_unit": "KG"
      },
      {
        "state": "NSW",
        "price": "850",
        "price_per_unit": "3400",
        "price_unit": "KG"
      },
      {
        "state": "VIC",
        "price": "850",
        "price_per_unit": "3400",
        "price_unit": "KG"
      },
      {
        "state": "VIC",
        "price": "850",
        "price_per_unit": "3400",
        "price_unit": "KG"
      },
      {
        "state": "QLD",
        "price": "850",
        "price_per_unit": "3400",
        "price_unit": "KG"
      },
      {
        "state": "QLD",
        "price": "850",
        "price_per_unit": "3400",
        "price_unit": "KG"
      },
      {
        "state": "WA",
        "price": "850",
        "price_per_unit": "3400",
        "price_unit": "KG"
      },
      {
        "state": "WA",
        "price": "850",
        "price_per_unit": "3400",
        "price_unit": "KG"
      },
      {
        "state": "SA",
        "price": "850",
        "price_per_unit": "3400",
        "price_unit": "KG"
      },
      {
        "state": "SA",
        "price": "850",
        "price_per_unit": "3400",
        "price_unit": "KG"
      },
      {
        "state": "ACT",
        "price": "850",
        "price_per_unit": "3400",
        "price_unit": "KG"
      },
      {
        "state": "ACT",
        "price": "850",
        "price_per_unit": "3400",
        "price_unit": "KG"
      },
      {
        "state": "NT",
        "price": "850",
        "price_per_unit": "3400",
        "price_unit": "KG"
      },
      {
        "state": "NT",
        "price": "850",
        "price_per_unit": "3400",
        "price_unit": "KG"
      }
    ]
  },
  {
    "source_url": "https://www.woolworths.com.au/shop/productdetails/140168/thomas-dux-italian-parmigiano-reggiano-over-30-months-matured",
    "name": "Thomas Dux Italian Parmigiano Reggiano Over 30 Months Matured 200g",
    "image_url": "https://cdn1.woolworths.media/content/wowproductimages/large/140168.jpg",
    "source_id": "Woolworths - 140168",
    "barcode": "93564618",
    "shop": "Woolworths",
    "weight": "1KG",
    "prices": [
      {
        "state": "NSW",
        "price": "1300",
        "price_per_unit": "6500",
        "price_unit": "KG"
      },
      {
        "state": "NSW",
        "price": "1300",
        "price_per_unit": "6500",
        "price_unit": "KG"
      },
      {
        "state": "VIC",
        "price": "1300",
        "price_per_unit": "6500",
        "price_unit": "KG"
      },
      {
        "state": "VIC",
        "price": "1300",
        "price_per_unit": "6500",
        "price_unit": "KG"
      },
      {
        "state": "QLD",
        "price": "1300",
        "price_per_unit": "6500",
        "price_unit": "KG"
      },
      {
        "state": "QLD",
        "price": "1300",
        "price_per_unit": "6500",
        "price_unit": "KG"
      },
      {
        "state": "SA",
        "price": "1300",
        "price_per_unit": "6500",
        "price_unit": "KG"
      },
      {
        "state": "SA",
        "price": "1300",
        "price_per_unit": "6500",
        "price_unit": "KG"
      },
      {
        "state": "TAS",
        "price": "1300",
        "price_per_unit": "6500",
        "price_unit": "KG"
      },
      {
        "state": "TAS",
        "price": "1300",
        "price_per_unit": "6500",
        "price_unit": "KG"
      },
      {
        "state": "ACT",
        "price": "1300",
        "price_per_unit": "6500",
        "price_unit": "KG"
      },
      {
        "state": "ACT",
        "price": "1300",
        "price_per_unit": "6500",
        "price_unit": "KG"
      },
      {
        "state": "NT",
        "price": "1300",
        "price_per_unit": "6500",
        "price_unit": "KG"
      },
      {
        "state": "NT",
        "price": "1300",
        "price_per_unit": "6500",
        "price_unit": "KG"
      }
    ]
  },
  {
    "source_url": "https://www.woolworths.com.au/shop/productdetails/84976/thomas-dux-manchego-cheese",
    "name": "Thomas Dux Manchego Cheese 150g",
    "image_url": "https://cdn1.woolworths.media/content/wowproductimages/large/084976.jpg",
    "source_id": "Woolworths - 84976",
    "barcode": "93560795",
    "shop": "Woolworths",
    "weight": "1KG",
    "prices": [
      {
        "state": "NSW",
        "price": "625",
        "price_per_unit": "4167",
        "price_unit": "KG"
      },
      {
        "state": "NSW",
        "price": "625",
        "price_per_unit": "4167",
        "price_unit": "KG"
      },
      {
        "state": "VIC",
        "price": "625",
        "price_per_unit": "4167",
        "price_unit": "KG"
      },
      {
        "state": "VIC",
        "price": "625",
        "price_per_unit": "4167",
        "price_unit": "KG"
      },
      {
        "state": "QLD",
        "price": "625",
        "price_per_unit": "4167",
        "price_unit": "KG"
      },
      {
        "state": "QLD",
        "price": "625",
        "price_per_unit": "4167",
        "price_unit": "KG"
      },
      {
        "state": "WA",
        "price": "625",
        "price_per_unit": "4167",
        "price_unit": "KG"
      },
      {
        "state": "WA",
        "price": "625",
        "price_per_unit": "4167",
        "price_unit": "KG"
      },
      {
        "state": "SA",
        "price": "625",
        "price_per_unit": "4167",
        "price_unit": "KG"
      },
      {
        "state": "SA",
        "price": "625",
        "price_per_unit": "4167",
        "price_unit": "KG"
      },
      {
        "state": "TAS",
        "price": "625",
        "price_per_unit": "4167",
        "price_unit": "KG"
      },
      {
        "state": "TAS",
        "price": "625",
        "price_per_unit": "4167",
        "price_unit": "KG"
      },
      {
        "state": "ACT",
        "price": "625",
        "price_per_unit": "4167",
        "price_unit": "KG"
      },
      {
        "state": "ACT",
        "price": "625",
        "price_per_unit": "4167",
        "price_unit": "KG"
      },
      {
        "state": "NT",
        "price": "625",
        "price_per_unit": "4167",
        "price_unit": "KG"
      },
      {
        "state": "NT",
        "price": "625",
        "price_per_unit": "4167",
        "price_unit": "KG"
      }
    ]
  },
  {
    "source_url": "https://www.woolworths.com.au/shop/productdetails/457433/thomas-dux-marinated-danish-fetta-herb-garlic",
    "name": "Thomas Dux Marinated Danish Fetta Herb & Garlic 300g",
    "image_url": "https://cdn1.woolworths.media/content/wowproductimages/large/457433.jpg",
    "source_id": "Woolworths - 457433",
    "barcode": "9339687361700",
    "shop": "Woolworths",
    "weight": "1KG",
    "prices": [
      {
        "state": "NSW",
        "price": "610",
        "price_per_unit": "2033",
        "price_unit": "KG"
      },
      {
        "state": "NSW",
        "price": "610",
        "price_per_unit": "2033",
        "price_unit": "KG"
      },
      {
        "state": "VIC",
        "price": "610",
        "price_per_unit": "2033",
        "price_unit": "KG"
      },
      {
        "state": "VIC",
        "price": "610",
        "price_per_unit": "2033",
        "price_unit": "KG"
      },
      {
        "state": "QLD",
        "price": "610",
        "price_per_unit": "2033",
        "price_unit": "KG"
      },
      {
        "state": "QLD",
        "price": "610",
        "price_per_unit": "2033",
        "price_unit": "KG"
      },
      {
        "state": "WA",
        "price": "610",
        "price_per_unit": "2033",
        "price_unit": "KG"
      },
      {
        "state": "WA",
        "price": "610",
        "price_per_unit": "2033",
        "price_unit": "KG"
      },
      {
        "state": "SA",
        "price": "610",
        "price_per_unit": "2033",
        "price_unit": "KG"
      },
      {
        "state": "SA",
        "price": "610",
        "price_per_unit": "2033",
        "price_unit": "KG"
      },
      {
        "state": "TAS",
        "price": "610",
        "price_per_unit": "2033",
        "price_unit": "KG"
      },
      {
        "state": "TAS",
        "price": "610",
        "price_per_unit": "2033",
        "price_unit": "KG"
      },
      {
        "state": "ACT",
        "price": "610",
        "price_per_unit": "2033",
        "price_unit": "KG"
      },
      {
        "state": "ACT",
        "price": "610",
        "price_per_unit": "2033",
        "price_unit": "KG"
      },
      {
        "state": "NT",
        "price": "610",
        "price_per_unit": "2033",
        "price_unit": "KG"
      },
      {
        "state": "NT",
        "price": "610",
        "price_per_unit": "2033",
        "price_unit": "KG"
      }
    ]
  },
  {
    "source_url": "https://www.woolworths.com.au/shop/productdetails/94988/thomas-dux-marinated-goats-cheese",
    "name": "Thomas Dux Marinated Goats Cheese 300g",
    "image_url": "https://cdn1.woolworths.media/content/wowproductimages/large/094988.jpg",
    "source_id": "Woolworths - 94988",
    "barcode": "93561136",
    "shop": "Woolworths",
    "weight": "1KG",
    "prices": [
      {
        "state": "NSW",
        "price": "1100",
        "price_per_unit": "3667",
        "price_unit": "KG"
      },
      {
        "state": "NSW",
        "price": "1100",
        "price_per_unit": "3667",
        "price_unit": "KG"
      },
      {
        "state": "TAS",
        "price": "1100",
        "price_per_unit": "3667",
        "price_unit": "KG"
      },
      {
        "state": "TAS",
        "price": "1100",
        "price_per_unit": "3667",
        "price_unit": "KG"
      },
      {
        "state": "ACT",
        "price": "1100",
        "price_per_unit": "3667",
        "price_unit": "KG"
      },
      {
        "state": "ACT",
        "price": "1100",
        "price_per_unit": "3667",
        "price_unit": "KG"
      },
      {
        "state": "NT",
        "price": "1100",
        "price_per_unit": "3667",
        "price_unit": "KG"
      },
      {
        "state": "NT",
        "price": "1100",
        "price_per_unit": "3667",
        "price_unit": "KG"
      }
    ]
  },
  {
    "source_url": "https://www.woolworths.com.au/shop/productdetails/94989/thomas-dux-persian-fetta-cheese",
    "name": "Thomas Dux Persian Fetta Cheese 180g",
    "image_url": "https://cdn1.woolworths.media/content/wowproductimages/large/094989.jpg",
    "source_id": "Woolworths - 94989",
    "barcode": "93561143",
    "shop": "Woolworths",
    "weight": "1KG",
    "prices": [
      {
        "state": "NSW",
        "price": "440",
        "price_per_unit": "2444",
        "price_unit": "KG"
      },
      {
        "state": "NSW",
        "price": "440",
        "price_per_unit": "2444",
        "price_unit": "KG"
      },
      {
        "state": "VIC",
        "price": "440",
        "price_per_unit": "2444",
        "price_unit": "KG"
      },
      {
        "state": "VIC",
        "price": "440",
        "price_per_unit": "2444",
        "price_unit": "KG"
      },
      {
        "state": "QLD",
        "price": "440",
        "price_per_unit": "2444",
        "price_unit": "KG"
      },
      {
        "state": "QLD",
        "price": "440",
        "price_per_unit": "2444",
        "price_unit": "KG"
      },
      {
        "state": "SA",
        "price": "440",
        "price_per_unit": "2444",
        "price_unit": "KG"
      },
      {
        "state": "SA",
        "price": "440",
        "price_per_unit": "2444",
        "price_unit": "KG"
      },
      {
        "state": "TAS",
        "price": "440",
        "price_per_unit": "2444",
        "price_unit": "KG"
      },
      {
        "state": "TAS",
        "price": "440",
        "price_per_unit": "2444",
        "price_unit": "KG"
      },
      {
        "state": "ACT",
        "price": "440",
        "price_per_unit": "2444",
        "price_unit": "KG"
      },
      {
        "state": "ACT",
        "price": "440",
        "price_per_unit": "2444",
        "price_unit": "KG"
      },
      {
        "state": "NT",
        "price": "440",
        "price_per_unit": "2444",
        "price_unit": "KG"
      },
      {
        "state": "NT",
        "price": "440",
        "price_per_unit": "2444",
        "price_unit": "KG"
      }
    ]
  },
  {
    "source_url": "https://www.woolworths.com.au/shop/productdetails/441821/thomas-dux-spanish-iberico-cheese",
    "name": "Thomas Dux Spanish Iberico Cheese 150g",
    "image_url": "https://cdn1.woolworths.media/content/wowproductimages/large/441821.jpg",
    "source_id": "Woolworths - 441821",
    "barcode": "93574143",
    "shop": "Woolworths",
    "weight": "1KG",
    "prices": [
      {
        "state": "NSW",
        "price": "600",
        "price_per_unit": "4000",
        "price_unit": "KG"
      },
      {
        "state": "NSW",
        "price": "600",
        "price_per_unit": "4000",
        "price_unit": "KG"
      },
      {
        "state": "VIC",
        "price": "600",
        "price_per_unit": "4000",
        "price_unit": "KG"
      },
      {
        "state": "VIC",
        "price": "600",
        "price_per_unit": "4000",
        "price_unit": "KG"
      },
      {
        "state": "QLD",
        "price": "600",
        "price_per_unit": "4000",
        "price_unit": "KG"
      },
      {
        "state": "QLD",
        "price": "600",
        "price_per_unit": "4000",
        "price_unit": "KG"
      },
      {
        "state": "WA",
        "price": "600",
        "price_per_unit": "4000",
        "price_unit": "KG"
      },
      {
        "state": "WA",
        "price": "600",
        "price_per_unit": "4000",
        "price_unit": "KG"
      },
      {
        "state": "TAS",
        "price": "600",
        "price_per_unit": "4000",
        "price_unit": "KG"
      },
      {
        "state": "TAS",
        "price": "600",
        "price_per_unit": "4000",
        "price_unit": "KG"
      },
      {
        "state": "ACT",
        "price": "600",
        "price_per_unit": "4000",
        "price_unit": "KG"
      },
      {
        "state": "ACT",
        "price": "600",
        "price_per_unit": "4000",
        "price_unit": "KG"
      }
    ]
  },
  {
    "source_url": "https://www.woolworths.com.au/shop/productdetails/140165/thomas-dux-spanish-sheeps-cheese-with-truffler",
    "name": "Thomas Dux Spanish Sheeps Cheese With Truffler 150g",
    "image_url": "https://cdn1.woolworths.media/content/wowproductimages/large/140165.jpg",
    "source_id": "Woolworths - 140165",
    "barcode": "93564588",
    "shop": "Woolworths",
    "weight": "1KG",
    "prices": [
      {
        "state": "NSW",
        "price": "840",
        "price_per_unit": "5600",
        "price_unit": "KG"
      },
      {
        "state": "NSW",
        "price": "840",
        "price_per_unit": "5600",
        "price_unit": "KG"
      },
      {
        "state": "VIC",
        "price": "840",
        "price_per_unit": "5600",
        "price_unit": "KG"
      },
      {
        "state": "VIC",
        "price": "840",
        "price_per_unit": "5600",
        "price_unit": "KG"
      },
      {
        "state": "QLD",
        "price": "840",
        "price_per_unit": "5600",
        "price_unit": "KG"
      },
      {
        "state": "QLD",
        "price": "840",
        "price_per_unit": "5600",
        "price_unit": "KG"
      },
      {
        "state": "SA",
        "price": "840",
        "price_per_unit": "5600",
        "price_unit": "KG"
      },
      {
        "state": "SA",
        "price": "840",
        "price_per_unit": "5600",
        "price_unit": "KG"
      },
      {
        "state": "TAS",
        "price": "840",
        "price_per_unit": "5600",
        "price_unit": "KG"
      },
      {
        "state": "TAS",
        "price": "840",
        "price_per_unit": "5600",
        "price_unit": "KG"
      },
      {
        "state": "ACT",
        "price": "840",
        "price_per_unit": "5600",
        "price_unit": "KG"
      },
      {
        "state": "ACT",
        "price": "840",
        "price_per_unit": "5600",
        "price_unit": "KG"
      },
      {
        "state": "NT",
        "price": "840",
        "price_per_unit": "5600",
        "price_unit": "KG"
      },
      {
        "state": "NT",
        "price": "840",
        "price_per_unit": "5600",
        "price_unit": "KG"
      }
    ]
  },
  {
    "source_url": "https://www.woolworths.com.au/shop/productdetails/539936/thomas-dux-spring-onion-chive-cream-cheese",
    "name": "Thomas Dux Spring Onion & Chive Cream Cheese 200g",
    "image_url": "https://cdn1.woolworths.media/content/wowproductimages/large/539936.jpg",
    "source_id": "Woolworths - 539936",
    "barcode": "9339687367054",
    "shop": "Woolworths",
    "weight": "1KG",
    "prices": [
      {
        "state": "NSW",
        "price": "390",
        "price_per_unit": "1950",
        "price_unit": "KG"
      },
      {
        "state": "NSW",
        "price": "390",
        "price_per_unit": "1950",
        "price_unit": "KG"
      },
      {
        "state": "VIC",
        "price": "390",
        "price_per_unit": "1950",
        "price_unit": "KG"
      },
      {
        "state": "VIC",
        "price": "390",
        "price_per_unit": "1950",
        "price_unit": "KG"
      },
      {
        "state": "QLD",
        "price": "390",
        "price_per_unit": "1950",
        "price_unit": "KG"
      },
      {
        "state": "QLD",
        "price": "390",
        "price_per_unit": "1950",
        "price_unit": "KG"
      },
      {
        "state": "WA",
        "price": "390",
        "price_per_unit": "1950",
        "price_unit": "KG"
      },
      {
        "state": "WA",
        "price": "390",
        "price_per_unit": "1950",
        "price_unit": "KG"
      },
      {
        "state": "SA",
        "price": "390",
        "price_per_unit": "1950",
        "price_unit": "KG"
      },
      {
        "state": "SA",
        "price": "390",
        "price_per_unit": "1950",
        "price_unit": "KG"
      },
      {
        "state": "TAS",
        "price": "390",
        "price_per_unit": "1950",
        "price_unit": "KG"
      },
      {
        "state": "TAS",
        "price": "390",
        "price_per_unit": "1950",
        "price_unit": "KG"
      },
      {
        "state": "ACT",
        "price": "390",
        "price_per_unit": "1950",
        "price_unit": "KG"
      },
      {
        "state": "ACT",
        "price": "390",
        "price_per_unit": "1950",
        "price_unit": "KG"
      },
      {
        "state": "NT",
        "price": "390",
        "price_per_unit": "1950",
        "price_unit": "KG"
      },
      {
        "state": "NT",
        "price": "390",
        "price_per_unit": "1950",
        "price_unit": "KG"
      }
    ]
  },
  {
    "source_url": "https://www.woolworths.com.au/shop/productdetails/532940/thomas-dux-sweet-chilli-cream-cheese",
    "name": "Thomas Dux Sweet Chilli Cream Cheese 200g",
    "image_url": "https://cdn1.woolworths.media/content/wowproductimages/large/532940.jpg",
    "source_id": "Woolworths - 532940",
    "barcode": "9339687367030",
    "shop": "Woolworths",
    "weight": "1KG",
    "prices": [
      {
        "state": "NSW",
        "price": "390",
        "price_per_unit": "1950",
        "price_unit": "KG"
      },
      {
        "state": "NSW",
        "price": "390",
        "price_per_unit": "1950",
        "price_unit": "KG"
      },
      {
        "state": "VIC",
        "price": "390",
        "price_per_unit": "1950",
        "price_unit": "KG"
      },
      {
        "state": "VIC",
        "price": "390",
        "price_per_unit": "1950",
        "price_unit": "KG"
      },
      {
        "state": "QLD",
        "price": "390",
        "price_per_unit": "1950",
        "price_unit": "KG"
      },
      {
        "state": "QLD",
        "price": "390",
        "price_per_unit": "1950",
        "price_unit": "KG"
      },
      {
        "state": "WA",
        "price": "390",
        "price_per_unit": "1950",
        "price_unit": "KG"
      },
      {
        "state": "WA",
        "price": "390",
        "price_per_unit": "1950",
        "price_unit": "KG"
      },
      {
        "state": "SA",
        "price": "390",
        "price_per_unit": "1950",
        "price_unit": "KG"
      },
      {
        "state": "SA",
        "price": "390",
        "price_per_unit": "1950",
        "price_unit": "KG"
      },
      {
        "state": "TAS",
        "price": "390",
        "price_per_unit": "1950",
        "price_unit": "KG"
      },
      {
        "state": "TAS",
        "price": "390",
        "price_per_unit": "1950",
        "price_unit": "KG"
      },
      {
        "state": "ACT",
        "price": "390",
        "price_per_unit": "1950",
        "price_unit": "KG"
      },
      {
        "state": "ACT",
        "price": "390",
        "price_per_unit": "1950",
        "price_unit": "KG"
      },
      {
        "state": "NT",
        "price": "390",
        "price_per_unit": "1950",
        "price_unit": "KG"
      },
      {
        "state": "NT",
        "price": "390",
        "price_per_unit": "1950",
        "price_unit": "KG"
      }
    ]
  },
  {
    "source_url": "https://www.woolworths.com.au/shop/productdetails/87467/thomas-dux-triple-cream-brie",
    "name": "Thomas Dux Triple Cream Brie 200g",
    "image_url": "https://cdn1.woolworths.media/content/wowproductimages/large/087467.jpg",
    "source_id": "Woolworths - 87467",
    "barcode": "93560818",
    "shop": "Woolworths",
    "weight": "1KG",
    "prices": [
      {
        "state": "NSW",
        "price": "550",
        "price_per_unit": "2750",
        "price_unit": "KG"
      },
      {
        "state": "NSW",
        "price": "550",
        "price_per_unit": "2750",
        "price_unit": "KG"
      },
      {
        "state": "VIC",
        "price": "550",
        "price_per_unit": "2750",
        "price_unit": "KG"
      },
      {
        "state": "VIC",
        "price": "550",
        "price_per_unit": "2750",
        "price_unit": "KG"
      },
      {
        "state": "QLD",
        "price": "550",
        "price_per_unit": "2750",
        "price_unit": "KG"
      },
      {
        "state": "QLD",
        "price": "550",
        "price_per_unit": "2750",
        "price_unit": "KG"
      },
      {
        "state": "WA",
        "price": "550",
        "price_per_unit": "2750",
        "price_unit": "KG"
      },
      {
        "state": "WA",
        "price": "550",
        "price_per_unit": "2750",
        "price_unit": "KG"
      },
      {
        "state": "SA",
        "price": "550",
        "price_per_unit": "2750",
        "price_unit": "KG"
      },
      {
        "state": "SA",
        "price": "550",
        "price_per_unit": "2750",
        "price_unit": "KG"
      },
      {
        "state": "TAS",
        "price": "550",
        "price_per_unit": "2750",
        "price_unit": "KG"
      },
      {
        "state": "TAS",
        "price": "550",
        "price_per_unit": "2750",
        "price_unit": "KG"
      },
      {
        "state": "NT",
        "price": "550",
        "price_per_unit": "2750",
        "price_unit": "KG"
      },
      {
        "state": "NT",
        "price": "550",
        "price_per_unit": "2750",
        "price_unit": "KG"
      }
    ]
  },
  {
    "source_url": "https://www.woolworths.com.au/shop/productdetails/151777/thomas-dux-truffle-brie",
    "name": "Thomas Dux Truffle Brie 125g",
    "image_url": "https://cdn1.woolworths.media/content/wowproductimages/large/151777.jpg",
    "source_id": "Woolworths - 151777",
    "barcode": "93565226",
    "shop": "Woolworths",
    "weight": "1KG",
    "prices": [
      {
        "state": "NSW",
        "price": "390",
        "price_per_unit": "3120",
        "price_unit": "KG"
      },
      {
        "state": "NSW",
        "price": "390",
        "price_per_unit": "3120",
        "price_unit": "KG"
      },
      {
        "state": "QLD",
        "price": "390",
        "price_per_unit": "3120",
        "price_unit": "KG"
      },
      {
        "state": "QLD",
        "price": "390",
        "price_per_unit": "3120",
        "price_unit": "KG"
      },
      {
        "state": "SA",
        "price": "390",
        "price_per_unit": "3120",
        "price_unit": "KG"
      },
      {
        "state": "SA",
        "price": "390",
        "price_per_unit": "3120",
        "price_unit": "KG"
      },
      {
        "state": "TAS",
        "price": "390",
        "price_per_unit": "3120",
        "price_unit": "KG"
      },
      {
        "state": "TAS",
        "price": "390",
        "price_per_unit": "3120",
        "price_unit": "KG"
      },
      {
        "state": "ACT",
        "price": "390",
        "price_per_unit": "3120",
        "price_unit": "KG"
      },
      {
        "state": "ACT",
        "price": "390",
        "price_per_unit": "3120",
        "price_unit": "KG"
      },
      {
        "state": "NT",
        "price": "390",
        "price_per_unit": "3120",
        "price_unit": "KG"
      },
      {
        "state": "NT",
        "price": "390",
        "price_per_unit": "3120",
        "price_unit": "KG"
      }
    ]
  },
  {
    "source_url": "https://www.woolworths.com.au/shop/productdetails/81583/thomas-dux-vintage-cheddar",
    "name": "Thomas Dux Vintage Cheddar 200g",
    "image_url": "https://cdn1.woolworths.media/content/wowproductimages/large/081583.jpg",
    "source_id": "Woolworths - 81583",
    "barcode": "9339687157082",
    "shop": "Woolworths",
    "weight": "1KG",
    "prices": [
      {
        "state": "NSW",
        "price": "490",
        "price_per_unit": "2450",
        "price_unit": "KG"
      },
      {
        "state": "NSW",
        "price": "490",
        "price_per_unit": "2450",
        "price_unit": "KG"
      },
      {
        "state": "VIC",
        "price": "490",
        "price_per_unit": "2450",
        "price_unit": "KG"
      },
      {
        "state": "VIC",
        "price": "490",
        "price_per_unit": "2450",
        "price_unit": "KG"
      },
      {
        "state": "QLD",
        "price": "490",
        "price_per_unit": "2450",
        "price_unit": "KG"
      },
      {
        "state": "QLD",
        "price": "490",
        "price_per_unit": "2450",
        "price_unit": "KG"
      },
      {
        "state": "WA",
        "price": "490",
        "price_per_unit": "2450",
        "price_unit": "KG"
      },
      {
        "state": "WA",
        "price": "490",
        "price_per_unit": "2450",
        "price_unit": "KG"
      },
      {
        "state": "SA",
        "price": "490",
        "price_per_unit": "2450",
        "price_unit": "KG"
      },
      {
        "state": "SA",
        "price": "490",
        "price_per_unit": "2450",
        "price_unit": "KG"
      },
      {
        "state": "TAS",
        "price": "490",
        "price_per_unit": "2450",
        "price_unit": "KG"
      },
      {
        "state": "TAS",
        "price": "490",
        "price_per_unit": "2450",
        "price_unit": "KG"
      },
      {
        "state": "ACT",
        "price": "490",
        "price_per_unit": "2450",
        "price_unit": "KG"
      },
      {
        "state": "ACT",
        "price": "490",
        "price_per_unit": "2450",
        "price_unit": "KG"
      },
      {
        "state": "NT",
        "price": "490",
        "price_per_unit": "2450",
        "price_unit": "KG"
      },
      {
        "state": "NT",
        "price": "490",
        "price_per_unit": "2450",
        "price_unit": "KG"
      }
    ]
  },
  {
    "source_url": "https://www.woolworths.com.au/shop/productdetails/453068/tidbit-foods-spanish-rosemary-cheese",
    "name": "Tidbit Foods Spanish Rosemary Cheese 150g",
    "image_url": "https://cdn1.woolworths.media/content/wowproductimages/large/453068.jpg",
    "source_id": "Woolworths - 453068",
    "barcode": "9352222000582",
    "shop": "Woolworths",
    "weight": "1KG",
    "prices": [
      {
        "state": "NSW",
        "price": "900",
        "price_per_unit": "6000",
        "price_unit": "KG"
      },
      {
        "state": "NSW",
        "price": "900",
        "price_per_unit": "6000",
        "price_unit": "KG"
      },
      {
        "state": "VIC",
        "price": "900",
        "price_per_unit": "6000",
        "price_unit": "KG"
      },
      {
        "state": "VIC",
        "price": "900",
        "price_per_unit": "6000",
        "price_unit": "KG"
      },
      {
        "state": "QLD",
        "price": "900",
        "price_per_unit": "6000",
        "price_unit": "KG"
      },
      {
        "state": "QLD",
        "price": "900",
        "price_per_unit": "6000",
        "price_unit": "KG"
      },
      {
        "state": "WA",
        "price": "900",
        "price_per_unit": "6000",
        "price_unit": "KG"
      },
      {
        "state": "WA",
        "price": "900",
        "price_per_unit": "6000",
        "price_unit": "KG"
      },
      {
        "state": "SA",
        "price": "900",
        "price_per_unit": "6000",
        "price_unit": "KG"
      },
      {
        "state": "SA",
        "price": "900",
        "price_per_unit": "6000",
        "price_unit": "KG"
      },
      {
        "state": "TAS",
        "price": "900",
        "price_per_unit": "6000",
        "price_unit": "KG"
      },
      {
        "state": "TAS",
        "price": "900",
        "price_per_unit": "6000",
        "price_unit": "KG"
      },
      {
        "state": "ACT",
        "price": "900",
        "price_per_unit": "6000",
        "price_unit": "KG"
      },
      {
        "state": "ACT",
        "price": "900",
        "price_per_unit": "6000",
        "price_unit": "KG"
      },
      {
        "state": "NT",
        "price": "900",
        "price_per_unit": "6000",
        "price_unit": "KG"
      },
      {
        "state": "NT",
        "price": "900",
        "price_per_unit": "6000",
        "price_unit": "KG"
      }
    ]
  },
  {
    "source_url": "https://www.woolworths.com.au/shop/productdetails/219163/tidbit-foods-truffle-cheese",
    "name": "Tidbit Foods Truffle Cheese 150g",
    "image_url": "https://cdn1.woolworths.media/content/wowproductimages/large/219163.jpg",
    "source_id": "Woolworths - 219163",
    "barcode": "9352222000223",
    "shop": "Woolworths",
    "weight": "1KG",
    "prices": [
      {
        "state": "NSW",
        "price": "820",
        "price_per_unit": "5467",
        "price_unit": "KG"
      },
      {
        "state": "NSW",
        "price": "820",
        "price_per_unit": "5467",
        "price_unit": "KG"
      },
      {
        "state": "VIC",
        "price": "820",
        "price_per_unit": "5467",
        "price_unit": "KG"
      },
      {
        "state": "VIC",
        "price": "820",
        "price_per_unit": "5467",
        "price_unit": "KG"
      },
      {
        "state": "QLD",
        "price": "820",
        "price_per_unit": "5467",
        "price_unit": "KG"
      },
      {
        "state": "QLD",
        "price": "820",
        "price_per_unit": "5467",
        "price_unit": "KG"
      },
      {
        "state": "WA",
        "price": "820",
        "price_per_unit": "5467",
        "price_unit": "KG"
      },
      {
        "state": "WA",
        "price": "820",
        "price_per_unit": "5467",
        "price_unit": "KG"
      },
      {
        "state": "SA",
        "price": "820",
        "price_per_unit": "5467",
        "price_unit": "KG"
      },
      {
        "state": "SA",
        "price": "820",
        "price_per_unit": "5467",
        "price_unit": "KG"
      },
      {
        "state": "TAS",
        "price": "820",
        "price_per_unit": "5467",
        "price_unit": "KG"
      },
      {
        "state": "TAS",
        "price": "820",
        "price_per_unit": "5467",
        "price_unit": "KG"
      },
      {
        "state": "ACT",
        "price": "820",
        "price_per_unit": "5467",
        "price_unit": "KG"
      },
      {
        "state": "ACT",
        "price": "820",
        "price_per_unit": "5467",
        "price_unit": "KG"
      },
      {
        "state": "NT",
        "price": "820",
        "price_per_unit": "5467",
        "price_unit": "KG"
      },
      {
        "state": "NT",
        "price": "820",
        "price_per_unit": "5467",
        "price_unit": "KG"
      }
    ]
  },
  {
    "source_url": "https://www.woolworths.com.au/shop/productdetails/216899/tidbit-foods-vintage-manchego-12-months",
    "name": "Tidbit Foods Vintage Manchego 12 Months 150g",
    "image_url": "https://cdn1.woolworths.media/content/wowproductimages/large/216899.jpg",
    "source_id": "Woolworths - 216899",
    "barcode": "9352222000230",
    "shop": "Woolworths",
    "weight": "1KG",
    "prices": [
      {
        "state": "NSW",
        "price": "1000",
        "price_per_unit": "6667",
        "price_unit": "KG"
      },
      {
        "state": "NSW",
        "price": "1000",
        "price_per_unit": "6667",
        "price_unit": "KG"
      },
      {
        "state": "VIC",
        "price": "1000",
        "price_per_unit": "6667",
        "price_unit": "KG"
      },
      {
        "state": "VIC",
        "price": "1000",
        "price_per_unit": "6667",
        "price_unit": "KG"
      },
      {
        "state": "QLD",
        "price": "1000",
        "price_per_unit": "6667",
        "price_unit": "KG"
      },
      {
        "state": "QLD",
        "price": "1000",
        "price_per_unit": "6667",
        "price_unit": "KG"
      },
      {
        "state": "SA",
        "price": "1000",
        "price_per_unit": "6667",
        "price_unit": "KG"
      },
      {
        "state": "SA",
        "price": "1000",
        "price_per_unit": "6667",
        "price_unit": "KG"
      },
      {
        "state": "TAS",
        "price": "1000",
        "price_per_unit": "6667",
        "price_unit": "KG"
      },
      {
        "state": "TAS",
        "price": "1000",
        "price_per_unit": "6667",
        "price_unit": "KG"
      },
      {
        "state": "ACT",
        "price": "1000",
        "price_per_unit": "6667",
        "price_unit": "KG"
      },
      {
        "state": "ACT",
        "price": "1000",
        "price_per_unit": "6667",
        "price_unit": "KG"
      },
      {
        "state": "NT",
        "price": "1000",
        "price_per_unit": "6667",
        "price_unit": "KG"
      },
      {
        "state": "NT",
        "price": "1000",
        "price_per_unit": "6667",
        "price_unit": "KG"
      }
    ]
  },
  {
    "source_url": "https://www.woolworths.com.au/shop/productdetails/738697/unicorn-classic-camembert-cheese",
    "name": "Unicorn Classic Camembert Cheese 125g",
    "image_url": "https://cdn1.woolworths.media/content/wowproductimages/large/738697.jpg",
    "source_id": "Woolworths - 738697",
    "barcode": "9312182012520",
    "shop": "Woolworths",
    "weight": "1KG",
    "prices": [
      {
        "state": "NSW",
        "price": "600",
        "price_per_unit": "4800",
        "price_unit": "KG"
      },
      {
        "state": "NSW",
        "price": "600",
        "price_per_unit": "4800",
        "price_unit": "KG"
      },
      {
        "state": "VIC",
        "price": "600",
        "price_per_unit": "4800",
        "price_unit": "KG"
      },
      {
        "state": "VIC",
        "price": "600",
        "price_per_unit": "4800",
        "price_unit": "KG"
      },
      {
        "state": "QLD",
        "price": "600",
        "price_per_unit": "4800",
        "price_unit": "KG"
      },
      {
        "state": "QLD",
        "price": "600",
        "price_per_unit": "4800",
        "price_unit": "KG"
      },
      {
        "state": "WA",
        "price": "600",
        "price_per_unit": "4800",
        "price_unit": "KG"
      },
      {
        "state": "WA",
        "price": "600",
        "price_per_unit": "4800",
        "price_unit": "KG"
      },
      {
        "state": "SA",
        "price": "600",
        "price_per_unit": "4800",
        "price_unit": "KG"
      },
      {
        "state": "SA",
        "price": "600",
        "price_per_unit": "4800",
        "price_unit": "KG"
      },
      {
        "state": "TAS",
        "price": "600",
        "price_per_unit": "4800",
        "price_unit": "KG"
      },
      {
        "state": "TAS",
        "price": "600",
        "price_per_unit": "4800",
        "price_unit": "KG"
      },
      {
        "state": "ACT",
        "price": "600",
        "price_per_unit": "4800",
        "price_unit": "KG"
      },
      {
        "state": "ACT",
        "price": "600",
        "price_per_unit": "4800",
        "price_unit": "KG"
      },
      {
        "state": "NT",
        "price": "600",
        "price_per_unit": "4800",
        "price_unit": "KG"
      },
      {
        "state": "NT",
        "price": "600",
        "price_per_unit": "4800",
        "price_unit": "KG"
      }
    ]
  },
  {
    "source_url": "https://www.woolworths.com.au/shop/productdetails/96489/unicorn-classic-chilli-brie",
    "name": "Unicorn Classic Chilli Brie 125g",
    "image_url": "https://cdn1.woolworths.media/content/wowproductimages/large/096489.jpg",
    "source_id": "Woolworths - 96489",
    "barcode": "9312182112558",
    "shop": "Woolworths",
    "weight": "1KG",
    "prices": [
      {
        "state": "NSW",
        "price": "600",
        "price_per_unit": "4800",
        "price_unit": "KG"
      },
      {
        "state": "NSW",
        "price": "600",
        "price_per_unit": "4800",
        "price_unit": "KG"
      },
      {
        "state": "QLD",
        "price": "600",
        "price_per_unit": "4800",
        "price_unit": "KG"
      },
      {
        "state": "QLD",
        "price": "600",
        "price_per_unit": "4800",
        "price_unit": "KG"
      },
      {
        "state": "TAS",
        "price": "600",
        "price_per_unit": "4800",
        "price_unit": "KG"
      },
      {
        "state": "TAS",
        "price": "600",
        "price_per_unit": "4800",
        "price_unit": "KG"
      },
      {
        "state": "ACT",
        "price": "600",
        "price_per_unit": "4800",
        "price_unit": "KG"
      },
      {
        "state": "ACT",
        "price": "600",
        "price_per_unit": "4800",
        "price_unit": "KG"
      },
      {
        "state": "NT",
        "price": "600",
        "price_per_unit": "4800",
        "price_unit": "KG"
      },
      {
        "state": "NT",
        "price": "600",
        "price_per_unit": "4800",
        "price_unit": "KG"
      }
    ]
  },
  {
    "source_url": "https://www.woolworths.com.au/shop/productdetails/370487/unicorn-classic-double-brie-cheese",
    "name": "Unicorn Classic Double Brie Cheese 125g",
    "image_url": "https://cdn1.woolworths.media/content/wowproductimages/large/370487.jpg",
    "source_id": "Woolworths - 370487",
    "barcode": "9312182112541",
    "shop": "Woolworths",
    "weight": "1KG",
    "prices": [
      {
        "state": "NSW",
        "price": "600",
        "price_per_unit": "4800",
        "price_unit": "KG"
      },
      {
        "state": "NSW",
        "price": "600",
        "price_per_unit": "4800",
        "price_unit": "KG"
      },
      {
        "state": "VIC",
        "price": "600",
        "price_per_unit": "4800",
        "price_unit": "KG"
      },
      {
        "state": "VIC",
        "price": "600",
        "price_per_unit": "4800",
        "price_unit": "KG"
      },
      {
        "state": "QLD",
        "price": "600",
        "price_per_unit": "4800",
        "price_unit": "KG"
      },
      {
        "state": "QLD",
        "price": "600",
        "price_per_unit": "4800",
        "price_unit": "KG"
      },
      {
        "state": "WA",
        "price": "600",
        "price_per_unit": "4800",
        "price_unit": "KG"
      },
      {
        "state": "WA",
        "price": "600",
        "price_per_unit": "4800",
        "price_unit": "KG"
      },
      {
        "state": "SA",
        "price": "600",
        "price_per_unit": "4800",
        "price_unit": "KG"
      },
      {
        "state": "SA",
        "price": "600",
        "price_per_unit": "4800",
        "price_unit": "KG"
      },
      {
        "state": "TAS",
        "price": "600",
        "price_per_unit": "4800",
        "price_unit": "KG"
      },
      {
        "state": "TAS",
        "price": "600",
        "price_per_unit": "4800",
        "price_unit": "KG"
      },
      {
        "state": "ACT",
        "price": "600",
        "price_per_unit": "4800",
        "price_unit": "KG"
      },
      {
        "state": "ACT",
        "price": "600",
        "price_per_unit": "4800",
        "price_unit": "KG"
      },
      {
        "state": "NT",
        "price": "600",
        "price_per_unit": "4800",
        "price_unit": "KG"
      },
      {
        "state": "NT",
        "price": "600",
        "price_per_unit": "4800",
        "price_unit": "KG"
      }
    ]
  },
  {
    "source_url": "https://www.woolworths.com.au/shop/productdetails/732051/unicorn-classic-triple-cream-cheese",
    "name": "Unicorn Classic Triple Cream Cheese 125g",
    "image_url": "https://cdn1.woolworths.media/content/wowproductimages/large/732051.jpg",
    "source_id": "Woolworths - 732051",
    "barcode": "9312182112596",
    "shop": "Woolworths",
    "weight": "1KG",
    "prices": [
      null,
      {
        "state": "VIC",
        "price": "600",
        "price_per_unit": "4800",
        "price_unit": "KG"
      },
      {
        "state": "VIC",
        "price": "600",
        "price_per_unit": "4800",
        "price_unit": "KG"
      },
      {
        "state": "QLD",
        "price": "600",
        "price_per_unit": "4800",
        "price_unit": "KG"
      },
      {
        "state": "QLD",
        "price": "600",
        "price_per_unit": "4800",
        "price_unit": "KG"
      },
      {
        "state": "WA",
        "price": "600",
        "price_per_unit": "4800",
        "price_unit": "KG"
      },
      {
        "state": "WA",
        "price": "600",
        "price_per_unit": "4800",
        "price_unit": "KG"
      },
      {
        "state": "SA",
        "price": "600",
        "price_per_unit": "4800",
        "price_unit": "KG"
      },
      {
        "state": "SA",
        "price": "600",
        "price_per_unit": "4800",
        "price_unit": "KG"
      },
      {
        "state": "TAS",
        "price": "600",
        "price_per_unit": "4800",
        "price_unit": "KG"
      },
      {
        "state": "TAS",
        "price": "600",
        "price_per_unit": "4800",
        "price_unit": "KG"
      },
      {
        "state": "ACT",
        "price": "600",
        "price_per_unit": "4800",
        "price_unit": "KG"
      },
      {
        "state": "ACT",
        "price": "600",
        "price_per_unit": "4800",
        "price_unit": "KG"
      }
    ]
  },
  {
    "source_url": "https://www.woolworths.com.au/shop/productdetails/109012/woolworths-cabanossi-tasty-cheese-bites-cheese-cabanossi-bites",
    "name": "Woolworths Cabanossi & Tasty Cheese Bites 400g",
    "image_url": "https://cdn1.woolworths.media/content/wowproductimages/large/109012.jpg",
    "source_id": "Woolworths - 109012",
    "barcode": "9339687201198",
    "shop": "Woolworths",
    "weight": "1KG",
    "prices": [
      {
        "state": "NSW",
        "price": "900",
        "price_per_unit": "2250",
        "price_unit": "KG"
      },
      {
        "state": "QLD",
        "price": "900",
        "price_per_unit": "2250",
        "price_unit": "KG"
      },
      {
        "state": "TAS",
        "price": "900",
        "price_per_unit": "2250",
        "price_unit": "KG"
      },
      {
        "state": "ACT",
        "price": "900",
        "price_per_unit": "2250",
        "price_unit": "KG"
      },
      {
        "state": "NT",
        "price": "900",
        "price_per_unit": "2250",
        "price_unit": "KG"
      }
    ]
  },
  {
    "source_url": "https://www.woolworths.com.au/shop/productdetails/389217/woolworths-deli-selection-platter-large",
    "name": "Woolworths Deli Selection Platter Large 380g",
    "image_url": "https://cdn1.woolworths.media/content/wowproductimages/large/389217.jpg",
    "source_id": "Woolworths - 389217",
    "barcode": "9339687355327",
    "shop": "Woolworths",
    "weight": "1KG",
    "prices": [
      {
        "state": "NSW",
        "price": "1400",
        "price_per_unit": "3684",
        "price_unit": "KG"
      },
      {
        "state": "VIC",
        "price": "1400",
        "price_per_unit": "3684",
        "price_unit": "KG"
      },
      {
        "state": "QLD",
        "price": "1400",
        "price_per_unit": "3684",
        "price_unit": "KG"
      },
      {
        "state": "TAS",
        "price": "1400",
        "price_per_unit": "3684",
        "price_unit": "KG"
      },
      {
        "state": "ACT",
        "price": "1400",
        "price_per_unit": "3684",
        "price_unit": "KG"
      },
      {
        "state": "NT",
        "price": "1400",
        "price_per_unit": "3684",
        "price_unit": "KG"
      }
    ]
  },
  {
    "source_url": "https://www.woolworths.com.au/shop/productdetails/220158/woolworths-gold-australian-cherry-glazed-baked-brie",
    "name": "Woolworths Gold Australian Cherry Glazed Baked Brie 275g",
    "image_url": "https://cdn1.woolworths.media/content/wowproductimages/large/220158.jpg",
    "source_id": "Woolworths - 220158",
    "barcode": "9339687304332",
    "shop": "Woolworths",
    "weight": "1KG",
    "prices": [
      {
        "state": "NSW",
        "price": "1300",
        "price_per_unit": "4727",
        "price_unit": "KG"
      },
      {
        "state": "NSW",
        "price": "1300",
        "price_per_unit": "4727",
        "price_unit": "KG"
      },
      {
        "state": "VIC",
        "price": "1300",
        "price_per_unit": "4727",
        "price_unit": "KG"
      },
      {
        "state": "VIC",
        "price": "1300",
        "price_per_unit": "4727",
        "price_unit": "KG"
      },
      {
        "state": "QLD",
        "price": "1300",
        "price_per_unit": "4727",
        "price_unit": "KG"
      },
      {
        "state": "QLD",
        "price": "1300",
        "price_per_unit": "4727",
        "price_unit": "KG"
      },
      {
        "state": "SA",
        "price": "1300",
        "price_per_unit": "4727",
        "price_unit": "KG"
      },
      {
        "state": "SA",
        "price": "1300",
        "price_per_unit": "4727",
        "price_unit": "KG"
      },
      {
        "state": "TAS",
        "price": "1300",
        "price_per_unit": "4727",
        "price_unit": "KG"
      },
      {
        "state": "TAS",
        "price": "1300",
        "price_per_unit": "4727",
        "price_unit": "KG"
      }
    ]
  },
  {
    "source_url": "https://www.woolworths.com.au/shop/productdetails/390414/woolworths-grazing-bites-selection-platter-small",
    "name": "Woolworths Grazing Bites Selection Platter Small 195g",
    "image_url": "https://cdn1.woolworths.media/content/wowproductimages/large/390414.jpg",
    "source_id": "Woolworths - 390414",
    "barcode": "9339687355334",
    "shop": "Woolworths",
    "weight": "1KG",
    "prices": [
      {
        "state": "NSW",
        "price": "800",
        "price_per_unit": "4103",
        "price_unit": "KG"
      },
      {
        "state": "VIC",
        "price": "800",
        "price_per_unit": "4103",
        "price_unit": "KG"
      },
      {
        "state": "QLD",
        "price": "800",
        "price_per_unit": "4103",
        "price_unit": "KG"
      },
      {
        "state": "SA",
        "price": "800",
        "price_per_unit": "4103",
        "price_unit": "KG"
      },
      {
        "state": "TAS",
        "price": "800",
        "price_per_unit": "4103",
        "price_unit": "KG"
      },
      {
        "state": "ACT",
        "price": "800",
        "price_per_unit": "4103",
        "price_unit": "KG"
      },
      {
        "state": "NT",
        "price": "800",
        "price_per_unit": "4103",
        "price_unit": "KG"
      }
    ]
  },
  {
    "source_url": "https://www.woolworths.com.au/shop/productdetails/85589/woolworths-parmesan-cheese-block",
    "name": "Woolworths Parmesan Cheese Block 200g",
    "image_url": "https://cdn1.woolworths.media/content/wowproductimages/large/085589.jpg",
    "source_id": "Woolworths - 85589",
    "barcode": "9339687164417",
    "shop": "Woolworths",
    "weight": "1KG",
    "prices": [
      {
        "state": "NSW",
        "price": "650",
        "price_per_unit": "3250",
        "price_unit": "KG"
      },
      {
        "state": "NSW",
        "price": "650",
        "price_per_unit": "3250",
        "price_unit": "KG"
      },
      {
        "state": "VIC",
        "price": "650",
        "price_per_unit": "3250",
        "price_unit": "KG"
      },
      {
        "state": "VIC",
        "price": "650",
        "price_per_unit": "3250",
        "price_unit": "KG"
      },
      {
        "state": "QLD",
        "price": "650",
        "price_per_unit": "3250",
        "price_unit": "KG"
      },
      {
        "state": "QLD",
        "price": "650",
        "price_per_unit": "3250",
        "price_unit": "KG"
      },
      {
        "state": "WA",
        "price": "650",
        "price_per_unit": "3250",
        "price_unit": "KG"
      },
      {
        "state": "WA",
        "price": "650",
        "price_per_unit": "3250",
        "price_unit": "KG"
      },
      {
        "state": "SA",
        "price": "650",
        "price_per_unit": "3250",
        "price_unit": "KG"
      },
      {
        "state": "SA",
        "price": "650",
        "price_per_unit": "3250",
        "price_unit": "KG"
      },
      {
        "state": "TAS",
        "price": "650",
        "price_per_unit": "3250",
        "price_unit": "KG"
      },
      {
        "state": "TAS",
        "price": "650",
        "price_per_unit": "3250",
        "price_unit": "KG"
      },
      {
        "state": "ACT",
        "price": "650",
        "price_per_unit": "3250",
        "price_unit": "KG"
      },
      {
        "state": "ACT",
        "price": "650",
        "price_per_unit": "3250",
        "price_unit": "KG"
      },
      {
        "state": "NT",
        "price": "650",
        "price_per_unit": "3250",
        "price_unit": "KG"
      },
      {
        "state": "NT",
        "price": "650",
        "price_per_unit": "3250",
        "price_unit": "KG"
      }
    ]
  },
  {
    "source_url": "https://www.woolworths.com.au/shop/productdetails/85588/woolworths-shaved-parmesan",
    "name": "Woolworths Shaved Parmesan 250g",
    "image_url": "https://cdn1.woolworths.media/content/wowproductimages/large/085588.jpg",
    "source_id": "Woolworths - 85588",
    "barcode": "9339687164400",
    "shop": "Woolworths",
    "weight": "1KG",
    "prices": [
      {
        "state": "NSW",
        "price": "600",
        "price_per_unit": "2400",
        "price_unit": "KG"
      },
      {
        "state": "NSW",
        "price": "600",
        "price_per_unit": "2400",
        "price_unit": "KG"
      },
      {
        "state": "VIC",
        "price": "600",
        "price_per_unit": "2400",
        "price_unit": "KG"
      },
      {
        "state": "VIC",
        "price": "600",
        "price_per_unit": "2400",
        "price_unit": "KG"
      },
      {
        "state": "QLD",
        "price": "600",
        "price_per_unit": "2400",
        "price_unit": "KG"
      },
      {
        "state": "QLD",
        "price": "600",
        "price_per_unit": "2400",
        "price_unit": "KG"
      },
      {
        "state": "WA",
        "price": "600",
        "price_per_unit": "2400",
        "price_unit": "KG"
      },
      {
        "state": "WA",
        "price": "600",
        "price_per_unit": "2400",
        "price_unit": "KG"
      },
      {
        "state": "SA",
        "price": "600",
        "price_per_unit": "2400",
        "price_unit": "KG"
      },
      {
        "state": "SA",
        "price": "600",
        "price_per_unit": "2400",
        "price_unit": "KG"
      },
      {
        "state": "TAS",
        "price": "600",
        "price_per_unit": "2400",
        "price_unit": "KG"
      },
      {
        "state": "TAS",
        "price": "600",
        "price_per_unit": "2400",
        "price_unit": "KG"
      },
      {
        "state": "ACT",
        "price": "600",
        "price_per_unit": "2400",
        "price_unit": "KG"
      },
      {
        "state": "ACT",
        "price": "600",
        "price_per_unit": "2400",
        "price_unit": "KG"
      },
      {
        "state": "NT",
        "price": "600",
        "price_per_unit": "2400",
        "price_unit": "KG"
      },
      {
        "state": "NT",
        "price": "600",
        "price_per_unit": "2400",
        "price_unit": "KG"
      }
    ]
  },
  {
    "source_url": "https://www.woolworths.com.au/shop/productdetails/85587/woolworths-shredded-parmesan-cheese",
    "name": "Woolworths Shredded Parmesan Cheese 250g",
    "image_url": "https://cdn1.woolworths.media/content/wowproductimages/large/085587.jpg",
    "source_id": "Woolworths - 85587",
    "barcode": "9339687164394",
    "shop": "Woolworths",
    "weight": "1KG",
    "prices": [
      {
        "state": "NSW",
        "price": "600",
        "price_per_unit": "2400",
        "price_unit": "KG"
      },
      {
        "state": "NSW",
        "price": "600",
        "price_per_unit": "2400",
        "price_unit": "KG"
      },
      {
        "state": "VIC",
        "price": "600",
        "price_per_unit": "2400",
        "price_unit": "KG"
      },
      {
        "state": "VIC",
        "price": "600",
        "price_per_unit": "2400",
        "price_unit": "KG"
      },
      {
        "state": "QLD",
        "price": "600",
        "price_per_unit": "2400",
        "price_unit": "KG"
      },
      {
        "state": "QLD",
        "price": "600",
        "price_per_unit": "2400",
        "price_unit": "KG"
      },
      {
        "state": "WA",
        "price": "600",
        "price_per_unit": "2400",
        "price_unit": "KG"
      },
      {
        "state": "WA",
        "price": "600",
        "price_per_unit": "2400",
        "price_unit": "KG"
      },
      {
        "state": "SA",
        "price": "600",
        "price_per_unit": "2400",
        "price_unit": "KG"
      },
      {
        "state": "SA",
        "price": "600",
        "price_per_unit": "2400",
        "price_unit": "KG"
      },
      {
        "state": "TAS",
        "price": "600",
        "price_per_unit": "2400",
        "price_unit": "KG"
      },
      {
        "state": "TAS",
        "price": "600",
        "price_per_unit": "2400",
        "price_unit": "KG"
      },
      {
        "state": "ACT",
        "price": "600",
        "price_per_unit": "2400",
        "price_unit": "KG"
      },
      {
        "state": "ACT",
        "price": "600",
        "price_per_unit": "2400",
        "price_unit": "KG"
      },
      {
        "state": "NT",
        "price": "600",
        "price_per_unit": "2400",
        "price_unit": "KG"
      },
      {
        "state": "NT",
        "price": "600",
        "price_per_unit": "2400",
        "price_unit": "KG"
      }
    ]
  },
  {
    "source_url": "https://www.woolworths.com.au/shop/productdetails/640123/yarra-valley-cheese-marinated-persian-fetta",
    "name": "Yarra Valley Cheese Marinated Persian Fetta 350g",
    "image_url": "https://cdn1.woolworths.media/content/wowproductimages/large/640123.jpg",
    "source_id": "Woolworths - 640123",
    "barcode": "9326105000006",
    "shop": "Woolworths",
    "weight": "1KG",
    "prices": [
      {
        "state": "NSW",
        "price": "1140",
        "price_per_unit": "3257",
        "price_unit": "KG"
      },
      {
        "state": "NSW",
        "price": "1140",
        "price_per_unit": "3257",
        "price_unit": "KG"
      },
      {
        "state": "VIC",
        "price": "1140",
        "price_per_unit": "3257",
        "price_unit": "KG"
      },
      {
        "state": "VIC",
        "price": "1140",
        "price_per_unit": "3257",
        "price_unit": "KG"
      },
      {
        "state": "QLD",
        "price": "1140",
        "price_per_unit": "3257",
        "price_unit": "KG"
      },
      {
        "state": "QLD",
        "price": "1140",
        "price_per_unit": "3257",
        "price_unit": "KG"
      },
      {
        "state": "WA",
        "price": "1140",
        "price_per_unit": "3257",
        "price_unit": "KG"
      },
      {
        "state": "WA",
        "price": "1140",
        "price_per_unit": "3257",
        "price_unit": "KG"
      },
      {
        "state": "SA",
        "price": "1140",
        "price_per_unit": "3257",
        "price_unit": "KG"
      },
      {
        "state": "SA",
        "price": "1140",
        "price_per_unit": "3257",
        "price_unit": "KG"
      },
      {
        "state": "TAS",
        "price": "1140",
        "price_per_unit": "3257",
        "price_unit": "KG"
      },
      {
        "state": "TAS",
        "price": "1140",
        "price_per_unit": "3257",
        "price_unit": "KG"
      },
      {
        "state": "ACT",
        "price": "1140",
        "price_per_unit": "3257",
        "price_unit": "KG"
      },
      {
        "state": "ACT",
        "price": "1140",
        "price_per_unit": "3257",
        "price_unit": "KG"
      },
      {
        "state": "NT",
        "price": "1140",
        "price_per_unit": "3257",
        "price_unit": "KG"
      },
      {
        "state": "NT",
        "price": "1140",
        "price_per_unit": "3257",
        "price_unit": "KG"
      }
    ]
  },
  {
    "source_url": "https://www.woolworths.com.au/shop/productdetails/638913/yarra-valley-cheese-salted-honey-cow",
    "name": "Yarra Valley Cheese Salted Honey Cow 120g",
    "image_url": "https://cdn1.woolworths.media/content/wowproductimages/large/638913.jpg",
    "source_id": "Woolworths - 638913",
    "barcode": "9326105000082",
    "shop": "Woolworths",
    "weight": "1KG",
    "prices": [
      {
        "state": "NSW",
        "price": "620",
        "price_per_unit": "5167",
        "price_unit": "KG"
      },
      {
        "state": "NSW",
        "price": "620",
        "price_per_unit": "5167",
        "price_unit": "KG"
      },
      {
        "state": "VIC",
        "price": "620",
        "price_per_unit": "5167",
        "price_unit": "KG"
      },
      {
        "state": "VIC",
        "price": "620",
        "price_per_unit": "5167",
        "price_unit": "KG"
      },
      {
        "state": "QLD",
        "price": "620",
        "price_per_unit": "5167",
        "price_unit": "KG"
      },
      {
        "state": "QLD",
        "price": "620",
        "price_per_unit": "5167",
        "price_unit": "KG"
      },
      {
        "state": "SA",
        "price": "620",
        "price_per_unit": "5167",
        "price_unit": "KG"
      },
      {
        "state": "SA",
        "price": "620",
        "price_per_unit": "5167",
        "price_unit": "KG"
      },
      {
        "state": "TAS",
        "price": "620",
        "price_per_unit": "5167",
        "price_unit": "KG"
      },
      {
        "state": "TAS",
        "price": "620",
        "price_per_unit": "5167",
        "price_unit": "KG"
      },
      {
        "state": "ACT",
        "price": "620",
        "price_per_unit": "5167",
        "price_unit": "KG"
      },
      {
        "state": "ACT",
        "price": "620",
        "price_per_unit": "5167",
        "price_unit": "KG"
      },
      {
        "state": "NT",
        "price": "620",
        "price_per_unit": "5167",
        "price_unit": "KG"
      },
      {
        "state": "NT",
        "price": "620",
        "price_per_unit": "5167",
        "price_unit": "KG"
      }
    ]
  },
  {
    "source_url": "https://www.woolworths.com.au/shop/productdetails/924706/yarra-valley-persian-fetta",
    "name": "Yarra Valley Persian Fetta 180g",
    "image_url": "https://cdn1.woolworths.media/content/wowproductimages/large/924706.jpg",
    "source_id": "Woolworths - 924706",
    "barcode": "9326105000679",
    "shop": "Woolworths",
    "weight": "1KG",
    "prices": [
      {
        "state": "NSW",
        "price": "730",
        "price_per_unit": "4056",
        "price_unit": "KG"
      },
      {
        "state": "NSW",
        "price": "730",
        "price_per_unit": "4056",
        "price_unit": "KG"
      },
      {
        "state": "WA",
        "price": "730",
        "price_per_unit": "4056",
        "price_unit": "KG"
      },
      {
        "state": "WA",
        "price": "730",
        "price_per_unit": "4056",
        "price_unit": "KG"
      },
      {
        "state": "TAS",
        "price": "730",
        "price_per_unit": "4056",
        "price_unit": "KG"
      },
      {
        "state": "TAS",
        "price": "730",
        "price_per_unit": "4056",
        "price_unit": "KG"
      },
      {
        "state": "ACT",
        "price": "730",
        "price_per_unit": "4056",
        "price_unit": "KG"
      },
      {
        "state": "ACT",
        "price": "730",
        "price_per_unit": "4056",
        "price_unit": "KG"
      },
      {
        "state": "NT",
        "price": "730",
        "price_per_unit": "4056",
        "price_unit": "KG"
      },
      {
        "state": "NT",
        "price": "730",
        "price_per_unit": "4056",
        "price_unit": "KG"
      }
    ]
  },
  {
    "source_url": "https://www.woolworths.com.au/shop/productdetails/239585/yarra-valley-persian-fetta-dill-chives",
    "name": "Yarra Valley Persian Fetta Dill & Chives 180g",
    "image_url": "https://cdn1.woolworths.media/content/wowproductimages/large/239585.jpg",
    "source_id": "Woolworths - 239585",
    "barcode": "9326105000457",
    "shop": "Woolworths",
    "weight": "1KG",
    "prices": [
      {
        "state": "NSW",
        "price": "730",
        "price_per_unit": "4056",
        "price_unit": "KG"
      },
      {
        "state": "NSW",
        "price": "730",
        "price_per_unit": "4056",
        "price_unit": "KG"
      },
      {
        "state": "SA",
        "price": "730",
        "price_per_unit": "4056",
        "price_unit": "KG"
      },
      {
        "state": "SA",
        "price": "730",
        "price_per_unit": "4056",
        "price_unit": "KG"
      },
      {
        "state": "TAS",
        "price": "730",
        "price_per_unit": "4056",
        "price_unit": "KG"
      },
      {
        "state": "TAS",
        "price": "730",
        "price_per_unit": "4056",
        "price_unit": "KG"
      },
      {
        "state": "ACT",
        "price": "730",
        "price_per_unit": "4056",
        "price_unit": "KG"
      },
      {
        "state": "ACT",
        "price": "730",
        "price_per_unit": "4056",
        "price_unit": "KG"
      },
      {
        "state": "NT",
        "price": "730",
        "price_per_unit": "4056",
        "price_unit": "KG"
      },
      {
        "state": "NT",
        "price": "730",
        "price_per_unit": "4056",
        "price_unit": "KG"
      }
    ]
  },
  {
    "source_url": "https://www.woolworths.com.au/shop/productdetails/61006/yorkshire-wensleydale-pdo-cheese-with-cranberries-wedge",
    "name": "Yorkshire Yorkshire Wensleydale Pdo Cheese With Cranberries Wedge 150g",
    "image_url": "https://cdn1.woolworths.media/content/wowproductimages/large/061006.jpg",
    "source_id": "Woolworths - 61006",
    "barcode": "5025960004498",
    "shop": "Woolworths",
    "weight": "1KG",
    "prices": [
      {
        "state": "NSW",
        "price": "640",
        "price_per_unit": "4267",
        "price_unit": "KG"
      },
      {
        "state": "NSW",
        "price": "640",
        "price_per_unit": "4267",
        "price_unit": "KG"
      },
      {
        "state": "VIC",
        "price": "640",
        "price_per_unit": "4267",
        "price_unit": "KG"
      },
      {
        "state": "VIC",
        "price": "640",
        "price_per_unit": "4267",
        "price_unit": "KG"
      },
      {
        "state": "QLD",
        "price": "640",
        "price_per_unit": "4267",
        "price_unit": "KG"
      },
      {
        "state": "QLD",
        "price": "640",
        "price_per_unit": "4267",
        "price_unit": "KG"
      },
      {
        "state": "WA",
        "price": "640",
        "price_per_unit": "4267",
        "price_unit": "KG"
      },
      {
        "state": "WA",
        "price": "640",
        "price_per_unit": "4267",
        "price_unit": "KG"
      },
      {
        "state": "SA",
        "price": "640",
        "price_per_unit": "4267",
        "price_unit": "KG"
      },
      {
        "state": "SA",
        "price": "640",
        "price_per_unit": "4267",
        "price_unit": "KG"
      },
      {
        "state": "TAS",
        "price": "640",
        "price_per_unit": "4267",
        "price_unit": "KG"
      },
      {
        "state": "TAS",
        "price": "640",
        "price_per_unit": "4267",
        "price_unit": "KG"
      },
      {
        "state": "ACT",
        "price": "640",
        "price_per_unit": "4267",
        "price_unit": "KG"
      },
      {
        "state": "ACT",
        "price": "640",
        "price_per_unit": "4267",
        "price_unit": "KG"
      },
      {
        "state": "NT",
        "price": "640",
        "price_per_unit": "4267",
        "price_unit": "KG"
      },
      {
        "state": "NT",
        "price": "640",
        "price_per_unit": "4267",
        "price_unit": "KG"
      }
    ]
  },
  {
    "source_url": "https://www.woolworths.com.au/shop/productdetails/324007/zanetti-firm-parmesan-cheese-grana-padano",
    "name": "Zanetti Firm Parmesan Cheese Grana Padano 200g",
    "image_url": "https://cdn1.woolworths.media/content/wowproductimages/large/324007.jpg",
    "source_id": "Woolworths - 324007",
    "barcode": "8002710412007",
    "shop": "Woolworths",
    "weight": "1KG",
    "prices": [
      {
        "state": "NSW",
        "price": "1100",
        "price_per_unit": "5500",
        "price_unit": "KG"
      },
      {
        "state": "NSW",
        "price": "1100",
        "price_per_unit": "5500",
        "price_unit": "KG"
      },
      {
        "state": "VIC",
        "price": "1100",
        "price_per_unit": "5500",
        "price_unit": "KG"
      },
      {
        "state": "VIC",
        "price": "1100",
        "price_per_unit": "5500",
        "price_unit": "KG"
      },
      {
        "state": "QLD",
        "price": "1100",
        "price_per_unit": "5500",
        "price_unit": "KG"
      },
      {
        "state": "QLD",
        "price": "1100",
        "price_per_unit": "5500",
        "price_unit": "KG"
      },
      {
        "state": "WA",
        "price": "1100",
        "price_per_unit": "5500",
        "price_unit": "KG"
      },
      {
        "state": "WA",
        "price": "1100",
        "price_per_unit": "5500",
        "price_unit": "KG"
      },
      {
        "state": "SA",
        "price": "1100",
        "price_per_unit": "5500",
        "price_unit": "KG"
      },
      {
        "state": "SA",
        "price": "1100",
        "price_per_unit": "5500",
        "price_unit": "KG"
      },
      {
        "state": "TAS",
        "price": "1100",
        "price_per_unit": "5500",
        "price_unit": "KG"
      },
      {
        "state": "TAS",
        "price": "1100",
        "price_per_unit": "5500",
        "price_unit": "KG"
      },
      {
        "state": "ACT",
        "price": "1100",
        "price_per_unit": "5500",
        "price_unit": "KG"
      },
      {
        "state": "ACT",
        "price": "1100",
        "price_per_unit": "5500",
        "price_unit": "KG"
      },
      {
        "state": "NT",
        "price": "1100",
        "price_per_unit": "5500",
        "price_unit": "KG"
      },
      {
        "state": "NT",
        "price": "1100",
        "price_per_unit": "5500",
        "price_unit": "KG"
      }
    ]
  },
  {
    "source_url": "https://www.woolworths.com.au/shop/productdetails/324006/zanetti-parmigiano-reggiano-parmigiano-reggiano",
    "name": "Zanetti Parmigiano Reggiano 200g",
    "image_url": "https://cdn1.woolworths.media/content/wowproductimages/large/324006.jpg",
    "source_id": "Woolworths - 324006",
    "barcode": "8002710402008",
    "shop": "Woolworths",
    "weight": "1KG",
    "prices": [
      {
        "state": "NSW",
        "price": "1250",
        "price_per_unit": "6250",
        "price_unit": "KG"
      },
      {
        "state": "NSW",
        "price": "1250",
        "price_per_unit": "6250",
        "price_unit": "KG"
      },
      {
        "state": "VIC",
        "price": "1250",
        "price_per_unit": "6250",
        "price_unit": "KG"
      },
      {
        "state": "VIC",
        "price": "1250",
        "price_per_unit": "6250",
        "price_unit": "KG"
      },
      {
        "state": "QLD",
        "price": "1250",
        "price_per_unit": "6250",
        "price_unit": "KG"
      },
      {
        "state": "QLD",
        "price": "1250",
        "price_per_unit": "6250",
        "price_unit": "KG"
      },
      {
        "state": "WA",
        "price": "1250",
        "price_per_unit": "6250",
        "price_unit": "KG"
      },
      {
        "state": "WA",
        "price": "1250",
        "price_per_unit": "6250",
        "price_unit": "KG"
      },
      {
        "state": "SA",
        "price": "1250",
        "price_per_unit": "6250",
        "price_unit": "KG"
      },
      {
        "state": "SA",
        "price": "1250",
        "price_per_unit": "6250",
        "price_unit": "KG"
      },
      {
        "state": "TAS",
        "price": "1250",
        "price_per_unit": "6250",
        "price_unit": "KG"
      },
      {
        "state": "TAS",
        "price": "1250",
        "price_per_unit": "6250",
        "price_unit": "KG"
      },
      {
        "state": "ACT",
        "price": "1250",
        "price_per_unit": "6250",
        "price_unit": "KG"
      },
      {
        "state": "ACT",
        "price": "1250",
        "price_per_unit": "6250",
        "price_unit": "KG"
      },
      {
        "state": "NT",
        "price": "1250",
        "price_per_unit": "6250",
        "price_unit": "KG"
      },
      {
        "state": "NT",
        "price": "1250",
        "price_per_unit": "6250",
        "price_unit": "KG"
      }
    ]
  },
  {
    "source_url": "https://www.woolworths.com.au/shop/productdetails/463981/zanetti-parmigiano-reggiano-grated-cheese",
    "name": "Zanetti Parmigiano Reggiano Grated Cheese 100g",
    "image_url": "https://cdn1.woolworths.media/content/wowproductimages/large/463981.jpg",
    "source_id": "Woolworths - 463981",
    "barcode": "8002710335399",
    "shop": "Woolworths",
    "weight": "1KG",
    "prices": [
      {
        "state": "NSW",
        "price": "540",
        "price_per_unit": "5400",
        "price_unit": "KG"
      },
      {
        "state": "NSW",
        "price": "540",
        "price_per_unit": "5400",
        "price_unit": "KG"
      },
      {
        "state": "VIC",
        "price": "540",
        "price_per_unit": "5400",
        "price_unit": "KG"
      },
      {
        "state": "VIC",
        "price": "540",
        "price_per_unit": "5400",
        "price_unit": "KG"
      },
      {
        "state": "QLD",
        "price": "540",
        "price_per_unit": "5400",
        "price_unit": "KG"
      },
      {
        "state": "QLD",
        "price": "540",
        "price_per_unit": "5400",
        "price_unit": "KG"
      },
      {
        "state": "WA",
        "price": "540",
        "price_per_unit": "5400",
        "price_unit": "KG"
      },
      {
        "state": "WA",
        "price": "540",
        "price_per_unit": "5400",
        "price_unit": "KG"
      },
      {
        "state": "SA",
        "price": "540",
        "price_per_unit": "5400",
        "price_unit": "KG"
      },
      {
        "state": "SA",
        "price": "540",
        "price_per_unit": "5400",
        "price_unit": "KG"
      },
      {
        "state": "TAS",
        "price": "540",
        "price_per_unit": "5400",
        "price_unit": "KG"
      },
      {
        "state": "TAS",
        "price": "540",
        "price_per_unit": "5400",
        "price_unit": "KG"
      },
      {
        "state": "ACT",
        "price": "540",
        "price_per_unit": "5400",
        "price_unit": "KG"
      },
      {
        "state": "ACT",
        "price": "540",
        "price_per_unit": "5400",
        "price_unit": "KG"
      }
    ]
  },
  {
    "source_url": "https://www.woolworths.com.au/shop/productdetails/97938/zanetti-parmigiano-reggiano-pdo-30m",
    "name": "Zanetti Parmigiano Reggiano Pdo 30m 200g",
    "image_url": "https://cdn1.woolworths.media/content/wowproductimages/large/097938.jpg",
    "source_id": "Woolworths - 97938",
    "barcode": "8002710350071",
    "shop": "Woolworths",
    "weight": "1KG",
    "prices": [
      {
        "state": "NSW",
        "price": "1500",
        "price_per_unit": "7500",
        "price_unit": "KG"
      },
      {
        "state": "NSW",
        "price": "1500",
        "price_per_unit": "7500",
        "price_unit": "KG"
      },
      {
        "state": "VIC",
        "price": "1500",
        "price_per_unit": "7500",
        "price_unit": "KG"
      },
      {
        "state": "VIC",
        "price": "1500",
        "price_per_unit": "7500",
        "price_unit": "KG"
      },
      {
        "state": "SA",
        "price": "1500",
        "price_per_unit": "7500",
        "price_unit": "KG"
      },
      {
        "state": "SA",
        "price": "1500",
        "price_per_unit": "7500",
        "price_unit": "KG"
      },
      {
        "state": "TAS",
        "price": "1500",
        "price_per_unit": "7500",
        "price_unit": "KG"
      },
      {
        "state": "TAS",
        "price": "1500",
        "price_per_unit": "7500",
        "price_unit": "KG"
      },
      {
        "state": "ACT",
        "price": "1500",
        "price_per_unit": "7500",
        "price_unit": "KG"
      },
      {
        "state": "ACT",
        "price": "1500",
        "price_per_unit": "7500",
        "price_unit": "KG"
      },
      {
        "state": "NT",
        "price": "1500",
        "price_per_unit": "7500",
        "price_unit": "KG"
      },
      {
        "state": "NT",
        "price": "1500",
        "price_per_unit": "7500",
        "price_unit": "KG"
      }
    ]
  },
  {
    "source_url": "https://www.woolworths.com.au/shop/productdetails/406591/zanetti-pecorino-romano",
    "name": "Zanetti Pecorino Romano 200g",
    "image_url": "https://cdn1.woolworths.media/content/wowproductimages/large/406591.jpg",
    "source_id": "Woolworths - 406591",
    "barcode": "8002710712008",
    "shop": "Woolworths",
    "weight": "1KG",
    "prices": [
      {
        "state": "NSW",
        "price": "1250",
        "price_per_unit": "6250",
        "price_unit": "KG"
      },
      {
        "state": "NSW",
        "price": "1250",
        "price_per_unit": "6250",
        "price_unit": "KG"
      },
      {
        "state": "VIC",
        "price": "1250",
        "price_per_unit": "6250",
        "price_unit": "KG"
      },
      {
        "state": "VIC",
        "price": "1250",
        "price_per_unit": "6250",
        "price_unit": "KG"
      },
      {
        "state": "QLD",
        "price": "1250",
        "price_per_unit": "6250",
        "price_unit": "KG"
      },
      {
        "state": "QLD",
        "price": "1250",
        "price_per_unit": "6250",
        "price_unit": "KG"
      },
      {
        "state": "WA",
        "price": "1250",
        "price_per_unit": "6250",
        "price_unit": "KG"
      },
      {
        "state": "WA",
        "price": "1250",
        "price_per_unit": "6250",
        "price_unit": "KG"
      },
      {
        "state": "SA",
        "price": "1250",
        "price_per_unit": "6250",
        "price_unit": "KG"
      },
      {
        "state": "SA",
        "price": "1250",
        "price_per_unit": "6250",
        "price_unit": "KG"
      },
      {
        "state": "TAS",
        "price": "1250",
        "price_per_unit": "6250",
        "price_unit": "KG"
      },
      {
        "state": "TAS",
        "price": "1250",
        "price_per_unit": "6250",
        "price_unit": "KG"
      },
      {
        "state": "ACT",
        "price": "1250",
        "price_per_unit": "6250",
        "price_unit": "KG"
      },
      {
        "state": "ACT",
        "price": "1250",
        "price_per_unit": "6250",
        "price_unit": "KG"
      },
      {
        "state": "NT",
        "price": "1250",
        "price_per_unit": "6250",
        "price_unit": "KG"
      },
      {
        "state": "NT",
        "price": "1250",
        "price_per_unit": "6250",
        "price_unit": "KG"
      }
    ]
  },
  {
    "source_url": "https://www.woolworths.com.au/shop/productdetails/219202/auricchio-pecorino-romano-cheese-from-the-deli",
    "name": "Auricchio Pecorino Romano Cheese From The Deli Per Kg",
    "image_url": "https://cdn1.woolworths.media/content/wowproductimages/large/219202.jpg",
    "source_id": "Woolworths - 219202",
    "barcode": "0278955000004",
    "shop": "Woolworths",
    "weight": "1KG",
    "prices": [
      {
        "state": "VIC",
        "price": "7000",
        "price_per_unit": "7000",
        "price_unit": "KG"
      },
      {
        "state": "WA",
        "price": "7000",
        "price_per_unit": "7000",
        "price_unit": "KG"
      },
      {
        "state": "SA",
        "price": "7000",
        "price_per_unit": "7000",
        "price_unit": "KG"
      },
      {
        "state": "TAS",
        "price": "7000",
        "price_per_unit": "7000",
        "price_unit": "KG"
      },
      {
        "state": "ACT",
        "price": "7000",
        "price_per_unit": "7000",
        "price_unit": "KG"
      }
    ]
  },
  {
    "source_url": "https://www.woolworths.com.au/shop/productdetails/509413/barber-s-cheddar",
    "name": "Barber's Cheddar 1Kg",
    "image_url": "https://cdn1.woolworths.media/content/wowproductimages/large/509413.jpg",
    "source_id": "Woolworths - 509413",
    "barcode": "0277223000005",
    "shop": "Woolworths",
    "weight": "1KG",
    "prices": [
      {
        "state": "VIC",
        "price": "5500",
        "price_per_unit": "5500",
        "price_unit": "KG"
      },
      {
        "state": "VIC",
        "price": "5500",
        "price_per_unit": "5500",
        "price_unit": "KG"
      },
      {
        "state": "SA",
        "price": "5500",
        "price_per_unit": "5500",
        "price_unit": "KG"
      },
      {
        "state": "SA",
        "price": "5500",
        "price_per_unit": "5500",
        "price_unit": "KG"
      },
      {
        "state": "TAS",
        "price": "5500",
        "price_per_unit": "5500",
        "price_unit": "KG"
      },
      {
        "state": "TAS",
        "price": "5500",
        "price_per_unit": "5500",
        "price_unit": "KG"
      }
    ]
  },
  {
    "source_url": "https://www.woolworths.com.au/shop/productdetails/964777/castello-intense-blue-cheese-black",
    "name": "Castello Intense Blue Cheese 150g",
    "image_url": "https://cdn1.woolworths.media/content/wowproductimages/large/964777.jpg",
    "source_id": "Woolworths - 964777",
    "barcode": "5711953036439",
    "shop": "Woolworths",
    "weight": "1KG",
    "prices": [
      {
        "state": "VIC",
        "price": "750",
        "price_per_unit": "5000",
        "price_unit": "KG"
      },
      {
        "state": "VIC",
        "price": "750",
        "price_per_unit": "5000",
        "price_unit": "KG"
      },
      {
        "state": "QLD",
        "price": "750",
        "price_per_unit": "5000",
        "price_unit": "KG"
      },
      {
        "state": "QLD",
        "price": "750",
        "price_per_unit": "5000",
        "price_unit": "KG"
      },
      {
        "state": "SA",
        "price": "750",
        "price_per_unit": "5000",
        "price_unit": "KG"
      },
      {
        "state": "SA",
        "price": "750",
        "price_per_unit": "5000",
        "price_unit": "KG"
      },
      {
        "state": "TAS",
        "price": "750",
        "price_per_unit": "5000",
        "price_unit": "KG"
      },
      {
        "state": "TAS",
        "price": "750",
        "price_per_unit": "5000",
        "price_unit": "KG"
      },
      {
        "state": "NT",
        "price": "750",
        "price_per_unit": "5000",
        "price_unit": "KG"
      },
      {
        "state": "NT",
        "price": "750",
        "price_per_unit": "5000",
        "price_unit": "KG"
      }
    ]
  },
  {
    "source_url": "https://www.woolworths.com.au/shop/productdetails/379635/cheese-provolone-dolce-from-the-deli",
    "name": "Cheese Provolone Dolce From The Deli Per Kg",
    "image_url": "https://cdn1.woolworths.media/content/wowproductimages/large/379635.jpg",
    "source_id": "Woolworths - 379635",
    "barcode": "0271898000001",
    "shop": "Woolworths",
    "weight": "1KG",
    "prices": [
      {
        "state": "VIC",
        "price": "4500",
        "price_per_unit": "4500",
        "price_unit": "KG"
      },
      {
        "state": "VIC",
        "price": "4500",
        "price_per_unit": "4500",
        "price_unit": "KG"
      },
      {
        "state": "ACT",
        "price": "4500",
        "price_per_unit": "4500",
        "price_unit": "KG"
      },
      {
        "state": "ACT",
        "price": "4500",
        "price_per_unit": "4500",
        "price_unit": "KG"
      }
    ]
  },
  {
    "source_url": "https://www.woolworths.com.au/shop/productdetails/36566/cremeux-d-argental",
    "name": "Cremeux D'Argental 2kg",
    "image_url": "https://cdn1.woolworths.media/content/wowproductimages/large/036566.jpg",
    "source_id": "Woolworths - 36566",
    "barcode": "0277304000009",
    "shop": "Woolworths",
    "weight": "1KG",
    "prices": [
      {
        "state": "VIC",
        "price": "7500",
        "price_per_unit": "7500",
        "price_unit": "KG"
      },
      {
        "state": "VIC",
        "price": "7500",
        "price_per_unit": "7500",
        "price_unit": "KG"
      },
      {
        "state": "WA",
        "price": "7500",
        "price_per_unit": "7500",
        "price_unit": "KG"
      },
      {
        "state": "WA",
        "price": "7500",
        "price_per_unit": "7500",
        "price_unit": "KG"
      },
      {
        "state": "SA",
        "price": "7500",
        "price_per_unit": "7500",
        "price_unit": "KG"
      },
      {
        "state": "SA",
        "price": "7500",
        "price_per_unit": "7500",
        "price_unit": "KG"
      },
      {
        "state": "TAS",
        "price": "7500",
        "price_per_unit": "7500",
        "price_unit": "KG"
      },
      {
        "state": "TAS",
        "price": "7500",
        "price_per_unit": "7500",
        "price_unit": "KG"
      },
      {
        "state": "ACT",
        "price": "7500",
        "price_per_unit": "7500",
        "price_unit": "KG"
      },
      {
        "state": "ACT",
        "price": "7500",
        "price_per_unit": "7500",
        "price_unit": "KG"
      }
    ]
  },
  {
    "source_url": "https://www.woolworths.com.au/shop/productdetails/36511/vacherouse-d-argental-vacherousse",
    "name": "D'Argental Vacherousse 2kg",
    "image_url": "https://cdn1.woolworths.media/content/wowproductimages/large/036511.jpg",
    "source_id": "Woolworths - 36511",
    "barcode": "0279719000001",
    "shop": "Woolworths",
    "weight": "1KG",
    "prices": [
      {
        "state": "VIC",
        "price": "5000",
        "price_per_unit": "5000",
        "price_unit": "KG"
      },
      {
        "state": "VIC",
        "price": "5000",
        "price_per_unit": "5000",
        "price_unit": "KG"
      }
    ]
  },
  {
    "source_url": "https://www.woolworths.com.au/shop/productdetails/317877/delre-black-jack-aged-cheddar",
    "name": "Delre Black Jack Aged Cheddar Per Kg",
    "image_url": "https://cdn1.woolworths.media/content/wowproductimages/large/317877.jpg",
    "source_id": "Woolworths - 317877",
    "barcode": "0273651000006",
    "shop": "Woolworths",
    "weight": "1KG",
    "prices": [
      {
        "state": "VIC",
        "price": "4500",
        "price_per_unit": "4500",
        "price_unit": "KG"
      },
      {
        "state": "WA",
        "price": "4500",
        "price_per_unit": "4500",
        "price_unit": "KG"
      },
      {
        "state": "SA",
        "price": "4500",
        "price_per_unit": "4500",
        "price_unit": "KG"
      },
      {
        "state": "TAS",
        "price": "4500",
        "price_per_unit": "4500",
        "price_unit": "KG"
      },
      {
        "state": "ACT",
        "price": "4500",
        "price_per_unit": "4500",
        "price_unit": "KG"
      }
    ]
  },
  {
    "source_url": "https://www.woolworths.com.au/shop/productdetails/241656/delre-sweberg-swiss",
    "name": "Delre Sweberg Swiss Per Kg",
    "image_url": "https://cdn1.woolworths.media/content/wowproductimages/large/241656.jpg",
    "source_id": "Woolworths - 241656",
    "barcode": "0273932000008",
    "shop": "Woolworths",
    "weight": "1KG",
    "prices": [
      null,
      {
        "state": "WA",
        "price": "2600",
        "price_per_unit": "2600",
        "price_unit": "KG"
      },
      {
        "state": "WA",
        "price": "2600",
        "price_per_unit": "2600",
        "price_unit": "KG"
      },
      {
        "state": "SA",
        "price": "2600",
        "price_per_unit": "2600",
        "price_unit": "KG"
      },
      {
        "state": "SA",
        "price": "2600",
        "price_per_unit": "2600",
        "price_unit": "KG"
      },
      {
        "state": "TAS",
        "price": "2600",
        "price_per_unit": "2600",
        "price_unit": "KG"
      },
      {
        "state": "TAS",
        "price": "2600",
        "price_per_unit": "2600",
        "price_unit": "KG"
      },
      {
        "state": "ACT",
        "price": "2600",
        "price_per_unit": "2600",
        "price_unit": "KG"
      },
      {
        "state": "ACT",
        "price": "2600",
        "price_per_unit": "2600",
        "price_unit": "KG"
      }
    ]
  },
  {
    "source_url": "https://www.woolworths.com.au/shop/productdetails/3122/dodoni-authentic-greek-feta-cheese",
    "name": "Dodoni Authentic Greek Feta Per Kg",
    "image_url": "https://cdn1.woolworths.media/content/wowproductimages/large/003122.jpg",
    "source_id": "Woolworths - 3122",
    "barcode": "0272937000006",
    "shop": "Woolworths",
    "weight": "1KG",
    "prices": [
      {
        "state": "VIC",
        "price": "3600",
        "price_per_unit": "3600",
        "price_unit": "KG"
      },
      {
        "state": "VIC",
        "price": "3600",
        "price_per_unit": "3600",
        "price_unit": "KG"
      },
      {
        "state": "QLD",
        "price": "3600",
        "price_per_unit": "3600",
        "price_unit": "KG"
      },
      {
        "state": "QLD",
        "price": "3600",
        "price_per_unit": "3600",
        "price_unit": "KG"
      },
      {
        "state": "SA",
        "price": "3600",
        "price_per_unit": "3600",
        "price_unit": "KG"
      },
      {
        "state": "SA",
        "price": "3600",
        "price_per_unit": "3600",
        "price_unit": "KG"
      },
      {
        "state": "TAS",
        "price": "3600",
        "price_per_unit": "3600",
        "price_unit": "KG"
      },
      {
        "state": "TAS",
        "price": "3600",
        "price_per_unit": "3600",
        "price_unit": "KG"
      },
      {
        "state": "ACT",
        "price": "3600",
        "price_per_unit": "3600",
        "price_unit": "KG"
      },
      {
        "state": "ACT",
        "price": "3600",
        "price_per_unit": "3600",
        "price_unit": "KG"
      },
      {
        "state": "NT",
        "price": "3600",
        "price_per_unit": "3600",
        "price_unit": "KG"
      },
      {
        "state": "NT",
        "price": "3600",
        "price_per_unit": "3600",
        "price_unit": "KG"
      }
    ]
  },
  {
    "source_url": "https://www.woolworths.com.au/shop/productdetails/19080/f-mayer-danish-fetta-cheese-cheese",
    "name": "F Mayer Danish Fetta Cheese Per Kg",
    "image_url": "https://cdn1.woolworths.media/content/wowproductimages/large/019080.jpg",
    "source_id": "Woolworths - 19080",
    "barcode": "0270375000008",
    "shop": "Woolworths",
    "weight": "1KG",
    "prices": [
      {
        "state": "VIC",
        "price": "1650",
        "price_per_unit": "1650",
        "price_unit": "KG"
      },
      {
        "state": "VIC",
        "price": "1650",
        "price_per_unit": "1650",
        "price_unit": "KG"
      },
      {
        "state": "QLD",
        "price": "1650",
        "price_per_unit": "1650",
        "price_unit": "KG"
      },
      {
        "state": "QLD",
        "price": "1650",
        "price_per_unit": "1650",
        "price_unit": "KG"
      },
      {
        "state": "WA",
        "price": "1650",
        "price_per_unit": "1650",
        "price_unit": "KG"
      },
      {
        "state": "WA",
        "price": "1650",
        "price_per_unit": "1650",
        "price_unit": "KG"
      },
      {
        "state": "SA",
        "price": "1650",
        "price_per_unit": "1650",
        "price_unit": "KG"
      },
      {
        "state": "SA",
        "price": "1650",
        "price_per_unit": "1650",
        "price_unit": "KG"
      },
      {
        "state": "TAS",
        "price": "1650",
        "price_per_unit": "1650",
        "price_unit": "KG"
      },
      {
        "state": "TAS",
        "price": "1650",
        "price_per_unit": "1650",
        "price_unit": "KG"
      },
      {
        "state": "ACT",
        "price": "1650",
        "price_per_unit": "1650",
        "price_unit": "KG"
      },
      {
        "state": "ACT",
        "price": "1650",
        "price_per_unit": "1650",
        "price_unit": "KG"
      },
      {
        "state": "NT",
        "price": "1650",
        "price_per_unit": "1650",
        "price_unit": "KG"
      },
      {
        "state": "NT",
        "price": "1650",
        "price_per_unit": "1650",
        "price_unit": "KG"
      }
    ]
  },
  {
    "source_url": "https://www.woolworths.com.au/shop/productdetails/369960/frico-maasdam-shaved-cheese",
    "name": "Frico Maasdam Shaved Cheese Per Kg",
    "image_url": "https://cdn1.woolworths.media/content/wowproductimages/large/369960.jpg",
    "source_id": "Woolworths - 369960",
    "barcode": "0271582000003",
    "shop": "Woolworths",
    "weight": "1KG",
    "prices": [
      {
        "state": "VIC",
        "price": "3000",
        "price_per_unit": "3000",
        "price_unit": "KG"
      },
      {
        "state": "VIC",
        "price": "3000",
        "price_per_unit": "3000",
        "price_unit": "KG"
      },
      {
        "state": "QLD",
        "price": "3000",
        "price_per_unit": "3000",
        "price_unit": "KG"
      },
      {
        "state": "QLD",
        "price": "3000",
        "price_per_unit": "3000",
        "price_unit": "KG"
      },
      {
        "state": "WA",
        "price": "3000",
        "price_per_unit": "3000",
        "price_unit": "KG"
      },
      {
        "state": "WA",
        "price": "3000",
        "price_per_unit": "3000",
        "price_unit": "KG"
      },
      {
        "state": "SA",
        "price": "3000",
        "price_per_unit": "3000",
        "price_unit": "KG"
      },
      {
        "state": "SA",
        "price": "3000",
        "price_per_unit": "3000",
        "price_unit": "KG"
      },
      {
        "state": "TAS",
        "price": "3000",
        "price_per_unit": "3000",
        "price_unit": "KG"
      },
      {
        "state": "TAS",
        "price": "3000",
        "price_per_unit": "3000",
        "price_unit": "KG"
      },
      {
        "state": "ACT",
        "price": "3000",
        "price_per_unit": "3000",
        "price_unit": "KG"
      },
      {
        "state": "ACT",
        "price": "3000",
        "price_per_unit": "3000",
        "price_unit": "KG"
      }
    ]
  },
  {
    "source_url": "https://www.woolworths.com.au/shop/productdetails/369843/fromager-d-affinois-bleu",
    "name": "Fromager D'Affinois Bleu Per Kg",
    "image_url": "https://cdn1.woolworths.media/content/wowproductimages/large/369843.jpg",
    "source_id": "Woolworths - 369843",
    "barcode": "0271569000002",
    "shop": "Woolworths",
    "weight": "1KG",
    "prices": [
      null,
      {
        "state": "WA",
        "price": "9000",
        "price_per_unit": "9000",
        "price_unit": "KG"
      },
      {
        "state": "WA",
        "price": "9000",
        "price_per_unit": "9000",
        "price_unit": "KG"
      },
      {
        "state": "SA",
        "price": "9000",
        "price_per_unit": "9000",
        "price_unit": "KG"
      },
      {
        "state": "SA",
        "price": "9000",
        "price_per_unit": "9000",
        "price_unit": "KG"
      },
      {
        "state": "TAS",
        "price": "9000",
        "price_per_unit": "9000",
        "price_unit": "KG"
      },
      {
        "state": "TAS",
        "price": "9000",
        "price_per_unit": "9000",
        "price_unit": "KG"
      },
      {
        "state": "ACT",
        "price": "9000",
        "price_per_unit": "9000",
        "price_unit": "KG"
      },
      {
        "state": "ACT",
        "price": "9000",
        "price_per_unit": "9000",
        "price_unit": "KG"
      }
    ]
  },
  {
    "source_url": "https://www.woolworths.com.au/shop/productdetails/877456/fromager-d-affinois-cheese-campagnier",
    "name": "Fromager D'Affinois Cheese Campagnier Per Kg",
    "image_url": "https://cdn1.woolworths.media/content/wowproductimages/large/877456.jpg",
    "source_id": "Woolworths - 877456",
    "barcode": "0271068000008",
    "shop": "Woolworths",
    "weight": "1KG",
    "prices": [
      {
        "state": "VIC",
        "price": "9000",
        "price_per_unit": "9000",
        "price_unit": "KG"
      },
      {
        "state": "VIC",
        "price": "9000",
        "price_per_unit": "9000",
        "price_unit": "KG"
      },
      {
        "state": "WA",
        "price": "9000",
        "price_per_unit": "9000",
        "price_unit": "KG"
      },
      {
        "state": "WA",
        "price": "9000",
        "price_per_unit": "9000",
        "price_unit": "KG"
      },
      {
        "state": "SA",
        "price": "9000",
        "price_per_unit": "9000",
        "price_unit": "KG"
      },
      {
        "state": "SA",
        "price": "9000",
        "price_per_unit": "9000",
        "price_unit": "KG"
      },
      {
        "state": "TAS",
        "price": "9000",
        "price_per_unit": "9000",
        "price_unit": "KG"
      },
      {
        "state": "TAS",
        "price": "9000",
        "price_per_unit": "9000",
        "price_unit": "KG"
      }
    ]
  },
  {
    "source_url": "https://www.woolworths.com.au/shop/productdetails/369841/guilleteau-le-fromager-double-cream-specialty",
    "name": "Guilleteau Le Fromager Double Cream Specialty Per Kg",
    "image_url": "https://cdn1.woolworths.media/content/wowproductimages/large/369841.jpg",
    "source_id": "Woolworths - 369841",
    "barcode": "0271564000007",
    "shop": "Woolworths",
    "weight": "1KG",
    "prices": [
      null,
      {
        "state": "WA",
        "price": "8500",
        "price_per_unit": "8500",
        "price_unit": "KG"
      },
      {
        "state": "WA",
        "price": "8500",
        "price_per_unit": "8500",
        "price_unit": "KG"
      },
      {
        "state": "SA",
        "price": "8500",
        "price_per_unit": "8500",
        "price_unit": "KG"
      },
      {
        "state": "SA",
        "price": "8500",
        "price_per_unit": "8500",
        "price_unit": "KG"
      },
      {
        "state": "TAS",
        "price": "8500",
        "price_per_unit": "8500",
        "price_unit": "KG"
      },
      {
        "state": "TAS",
        "price": "8500",
        "price_per_unit": "8500",
        "price_unit": "KG"
      }
    ]
  },
  {
    "source_url": "https://www.woolworths.com.au/shop/productdetails/238011/jarlsberg-jarlsberg",
    "name": "Jarlsberg Jarlsberg Per Kg",
    "image_url": "https://cdn1.woolworths.media/content/wowproductimages/large/238011.jpg",
    "source_id": "Woolworths - 238011",
    "barcode": "0273790000004",
    "shop": "Woolworths",
    "weight": "1KG",
    "prices": [
      {
        "state": "VIC",
        "price": "3100",
        "price_per_unit": "3100",
        "price_unit": "KG"
      },
      {
        "state": "VIC",
        "price": "3100",
        "price_per_unit": "3100",
        "price_unit": "KG"
      },
      {
        "state": "WA",
        "price": "3100",
        "price_per_unit": "3100",
        "price_unit": "KG"
      },
      {
        "state": "WA",
        "price": "3100",
        "price_per_unit": "3100",
        "price_unit": "KG"
      },
      {
        "state": "SA",
        "price": "3100",
        "price_per_unit": "3100",
        "price_unit": "KG"
      },
      {
        "state": "SA",
        "price": "3100",
        "price_per_unit": "3100",
        "price_unit": "KG"
      },
      {
        "state": "TAS",
        "price": "3100",
        "price_per_unit": "3100",
        "price_unit": "KG"
      },
      {
        "state": "TAS",
        "price": "3100",
        "price_per_unit": "3100",
        "price_unit": "KG"
      },
      {
        "state": "ACT",
        "price": "3100",
        "price_per_unit": "3100",
        "price_unit": "KG"
      },
      {
        "state": "ACT",
        "price": "3100",
        "price_per_unit": "3100",
        "price_unit": "KG"
      }
    ]
  },
  {
    "source_url": "https://www.woolworths.com.au/shop/productdetails/85924/jarlsberg-shaved-cheese",
    "name": "Jarlsberg Shaved Cheese Per Kg",
    "image_url": "https://cdn1.woolworths.media/content/wowproductimages/large/085924.jpg",
    "source_id": "Woolworths - 85924",
    "barcode": "0273196000004",
    "shop": "Woolworths",
    "weight": "1KG",
    "prices": [
      {
        "state": "VIC",
        "price": "3400",
        "price_per_unit": "3400",
        "price_unit": "KG"
      },
      {
        "state": "VIC",
        "price": "3400",
        "price_per_unit": "3400",
        "price_unit": "KG"
      },
      {
        "state": "QLD",
        "price": "3400",
        "price_per_unit": "3400",
        "price_unit": "KG"
      },
      {
        "state": "QLD",
        "price": "3400",
        "price_per_unit": "3400",
        "price_unit": "KG"
      },
      {
        "state": "WA",
        "price": "3400",
        "price_per_unit": "3400",
        "price_unit": "KG"
      },
      {
        "state": "WA",
        "price": "3400",
        "price_per_unit": "3400",
        "price_unit": "KG"
      },
      {
        "state": "SA",
        "price": "3400",
        "price_per_unit": "3400",
        "price_unit": "KG"
      },
      {
        "state": "SA",
        "price": "3400",
        "price_per_unit": "3400",
        "price_unit": "KG"
      },
      {
        "state": "TAS",
        "price": "3400",
        "price_per_unit": "3400",
        "price_unit": "KG"
      },
      {
        "state": "TAS",
        "price": "3400",
        "price_per_unit": "3400",
        "price_unit": "KG"
      },
      {
        "state": "ACT",
        "price": "3400",
        "price_per_unit": "3400",
        "price_unit": "KG"
      },
      {
        "state": "ACT",
        "price": "3400",
        "price_per_unit": "3400",
        "price_unit": "KG"
      },
      {
        "state": "NT",
        "price": "3400",
        "price_per_unit": "3400",
        "price_unit": "KG"
      },
      {
        "state": "NT",
        "price": "3400",
        "price_per_unit": "3400",
        "price_unit": "KG"
      }
    ]
  },
  {
    "source_url": "https://www.woolworths.com.au/shop/productdetails/93235/jarlsberg-sliced-cheese",
    "name": "Jarlsberg Sliced Cheese Per Kg",
    "image_url": "https://cdn1.woolworths.media/content/wowproductimages/large/093235.jpg",
    "source_id": "Woolworths - 93235",
    "barcode": "0278793000006",
    "shop": "Woolworths",
    "weight": "1KG",
    "prices": [
      {
        "state": "VIC",
        "price": "3400",
        "price_per_unit": "3400",
        "price_unit": "KG"
      },
      {
        "state": "VIC",
        "price": "3400",
        "price_per_unit": "3400",
        "price_unit": "KG"
      },
      {
        "state": "QLD",
        "price": "3400",
        "price_per_unit": "3400",
        "price_unit": "KG"
      },
      {
        "state": "QLD",
        "price": "3400",
        "price_per_unit": "3400",
        "price_unit": "KG"
      },
      {
        "state": "WA",
        "price": "3400",
        "price_per_unit": "3400",
        "price_unit": "KG"
      },
      {
        "state": "WA",
        "price": "3400",
        "price_per_unit": "3400",
        "price_unit": "KG"
      },
      {
        "state": "SA",
        "price": "3400",
        "price_per_unit": "3400",
        "price_unit": "KG"
      },
      {
        "state": "SA",
        "price": "3400",
        "price_per_unit": "3400",
        "price_unit": "KG"
      },
      {
        "state": "TAS",
        "price": "3400",
        "price_per_unit": "3400",
        "price_unit": "KG"
      },
      {
        "state": "TAS",
        "price": "3400",
        "price_per_unit": "3400",
        "price_unit": "KG"
      },
      {
        "state": "ACT",
        "price": "3400",
        "price_per_unit": "3400",
        "price_unit": "KG"
      },
      {
        "state": "ACT",
        "price": "3400",
        "price_per_unit": "3400",
        "price_unit": "KG"
      },
      {
        "state": "NT",
        "price": "3400",
        "price_per_unit": "3400",
        "price_unit": "KG"
      },
      {
        "state": "NT",
        "price": "3400",
        "price_per_unit": "3400",
        "price_unit": "KG"
      }
    ]
  },
  {
    "source_url": "https://www.woolworths.com.au/shop/productdetails/306316/king-island-dairy-black-label-triple-cream-blue",
    "name": "King Island Dairy Black Label Triple Cream Blue 1kg",
    "image_url": "https://cdn1.woolworths.media/content/wowproductimages/large/306316.jpg",
    "source_id": "Woolworths - 306316",
    "barcode": "0277629000005",
    "shop": "Woolworths",
    "weight": "1KG",
    "prices": [
      {
        "state": "VIC",
        "price": "8600",
        "price_per_unit": "8600",
        "price_unit": "KG"
      },
      {
        "state": "VIC",
        "price": "8600",
        "price_per_unit": "8600",
        "price_unit": "KG"
      },
      {
        "state": "SA",
        "price": "8600",
        "price_per_unit": "8600",
        "price_unit": "KG"
      },
      {
        "state": "SA",
        "price": "8600",
        "price_per_unit": "8600",
        "price_unit": "KG"
      },
      {
        "state": "TAS",
        "price": "8600",
        "price_per_unit": "8600",
        "price_unit": "KG"
      },
      {
        "state": "TAS",
        "price": "8600",
        "price_per_unit": "8600",
        "price_unit": "KG"
      }
    ]
  },
  {
    "source_url": "https://www.woolworths.com.au/shop/productdetails/752506/king-island-dairy-furneaux-double-cream-cream",
    "name": "King Island Dairy Furneaux Double Cream Per Kg",
    "image_url": "https://cdn1.woolworths.media/content/wowproductimages/large/752506.jpg",
    "source_id": "Woolworths - 752506",
    "barcode": "0270675000005",
    "shop": "Woolworths",
    "weight": "1KG",
    "prices": [
      {
        "state": "VIC",
        "price": "7700",
        "price_per_unit": "7700",
        "price_unit": "KG"
      },
      {
        "state": "VIC",
        "price": "7700",
        "price_per_unit": "7700",
        "price_unit": "KG"
      },
      {
        "state": "SA",
        "price": "7700",
        "price_per_unit": "7700",
        "price_unit": "KG"
      },
      {
        "state": "SA",
        "price": "7700",
        "price_per_unit": "7700",
        "price_unit": "KG"
      },
      {
        "state": "TAS",
        "price": "7700",
        "price_per_unit": "7700",
        "price_unit": "KG"
      },
      {
        "state": "TAS",
        "price": "7700",
        "price_per_unit": "7700",
        "price_unit": "KG"
      }
    ]
  },
  {
    "source_url": "https://www.woolworths.com.au/shop/productdetails/370000/king-island-dairy-netherby-cove-camembert-cheese",
    "name": "King Island Dairy Netherby Cove Camembert Per Kg",
    "image_url": "https://cdn1.woolworths.media/content/wowproductimages/large/370000.jpg",
    "source_id": "Woolworths - 370000",
    "barcode": "0271587000008",
    "shop": "Woolworths",
    "weight": "1KG",
    "prices": [
      {
        "state": "VIC",
        "price": "7000",
        "price_per_unit": "7000",
        "price_unit": "KG"
      },
      {
        "state": "VIC",
        "price": "7000",
        "price_per_unit": "7000",
        "price_unit": "KG"
      },
      {
        "state": "SA",
        "price": "7000",
        "price_per_unit": "7000",
        "price_unit": "KG"
      },
      {
        "state": "SA",
        "price": "7000",
        "price_per_unit": "7000",
        "price_unit": "KG"
      },
      {
        "state": "TAS",
        "price": "7000",
        "price_per_unit": "7000",
        "price_unit": "KG"
      },
      {
        "state": "TAS",
        "price": "7000",
        "price_per_unit": "7000",
        "price_unit": "KG"
      }
    ]
  },
  {
    "source_url": "https://www.woolworths.com.au/shop/productdetails/369595/king-island-dairy-seal-bay-triple-cream-brie",
    "name": "King Island Dairy Seal Bay Triple Cream Brie Per Kg",
    "image_url": "https://cdn1.woolworths.media/content/wowproductimages/large/369595.jpg",
    "source_id": "Woolworths - 369595",
    "barcode": "0271371000009",
    "shop": "Woolworths",
    "weight": "1KG",
    "prices": [
      {
        "state": "VIC",
        "price": "7600",
        "price_per_unit": "7600",
        "price_unit": "KG"
      },
      {
        "state": "VIC",
        "price": "7600",
        "price_per_unit": "7600",
        "price_unit": "KG"
      },
      {
        "state": "SA",
        "price": "7600",
        "price_per_unit": "7600",
        "price_unit": "KG"
      },
      {
        "state": "SA",
        "price": "7600",
        "price_per_unit": "7600",
        "price_unit": "KG"
      },
      {
        "state": "TAS",
        "price": "7600",
        "price_per_unit": "7600",
        "price_unit": "KG"
      },
      {
        "state": "TAS",
        "price": "7600",
        "price_per_unit": "7600",
        "price_unit": "KG"
      }
    ]
  },
  {
    "source_url": "https://www.woolworths.com.au/shop/productdetails/306286/king-island-dairy-stokes-point-smoked-cheddar-cheese",
    "name": "King Island Dairy Stokes Point Smoked Cheddar Cheese Per Kg",
    "image_url": "https://cdn1.woolworths.media/content/wowproductimages/large/306286.jpg",
    "source_id": "Woolworths - 306286",
    "barcode": "0277573000007",
    "shop": "Woolworths",
    "weight": "1KG",
    "prices": [
      {
        "state": "VIC",
        "price": "6200",
        "price_per_unit": "6200",
        "price_unit": "KG"
      },
      {
        "state": "VIC",
        "price": "6200",
        "price_per_unit": "6200",
        "price_unit": "KG"
      },
      {
        "state": "WA",
        "price": "6200",
        "price_per_unit": "6200",
        "price_unit": "KG"
      },
      {
        "state": "WA",
        "price": "6200",
        "price_per_unit": "6200",
        "price_unit": "KG"
      },
      {
        "state": "SA",
        "price": "6200",
        "price_per_unit": "6200",
        "price_unit": "KG"
      },
      {
        "state": "SA",
        "price": "6200",
        "price_per_unit": "6200",
        "price_unit": "KG"
      },
      {
        "state": "TAS",
        "price": "6200",
        "price_per_unit": "6200",
        "price_unit": "KG"
      },
      {
        "state": "TAS",
        "price": "6200",
        "price_per_unit": "6200",
        "price_unit": "KG"
      },
      {
        "state": "ACT",
        "price": "6200",
        "price_per_unit": "6200",
        "price_unit": "KG"
      },
      {
        "state": "ACT",
        "price": "6200",
        "price_per_unit": "6200",
        "price_unit": "KG"
      }
    ]
  },
  {
    "source_url": "https://www.woolworths.com.au/shop/productdetails/370004/king-island-dairy-surprise-bay-cheddar-cheese",
    "name": "King Island Dairy Surprise Bay Cheddar Cheese Per Kg",
    "image_url": "https://cdn1.woolworths.media/content/wowproductimages/large/370004.jpg",
    "source_id": "Woolworths - 370004",
    "barcode": "0271591000001",
    "shop": "Woolworths",
    "weight": "1KG",
    "prices": [
      {
        "state": "VIC",
        "price": "6000",
        "price_per_unit": "6000",
        "price_unit": "KG"
      },
      {
        "state": "VIC",
        "price": "6000",
        "price_per_unit": "6000",
        "price_unit": "KG"
      },
      {
        "state": "WA",
        "price": "6000",
        "price_per_unit": "6000",
        "price_unit": "KG"
      },
      {
        "state": "WA",
        "price": "6000",
        "price_per_unit": "6000",
        "price_unit": "KG"
      },
      {
        "state": "SA",
        "price": "6000",
        "price_per_unit": "6000",
        "price_unit": "KG"
      },
      {
        "state": "SA",
        "price": "6000",
        "price_per_unit": "6000",
        "price_unit": "KG"
      },
      {
        "state": "TAS",
        "price": "6000",
        "price_per_unit": "6000",
        "price_unit": "KG"
      },
      {
        "state": "TAS",
        "price": "6000",
        "price_per_unit": "6000",
        "price_unit": "KG"
      },
      {
        "state": "ACT",
        "price": "6000",
        "price_per_unit": "6000",
        "price_unit": "KG"
      },
      {
        "state": "ACT",
        "price": "6000",
        "price_per_unit": "6000",
        "price_unit": "KG"
      }
    ]
  },
  {
    "source_url": "https://www.woolworths.com.au/shop/productdetails/384962/le-dauphin-double-creme-from-the-deli",
    "name": "Le Dauphin Double Creme From The Deli Per Kg",
    "image_url": "https://cdn1.woolworths.media/content/wowproductimages/large/384962.jpg",
    "source_id": "Woolworths - 384962",
    "barcode": "0278605000002",
    "shop": "Woolworths",
    "weight": "1KG",
    "prices": [
      null,
      {
        "state": "WA",
        "price": "9800",
        "price_per_unit": "9800",
        "price_unit": "KG"
      },
      {
        "state": "WA",
        "price": "9800",
        "price_per_unit": "9800",
        "price_unit": "KG"
      },
      {
        "state": "SA",
        "price": "9800",
        "price_per_unit": "9800",
        "price_unit": "KG"
      },
      {
        "state": "SA",
        "price": "9800",
        "price_per_unit": "9800",
        "price_unit": "KG"
      },
      {
        "state": "ACT",
        "price": "9800",
        "price_per_unit": "9800",
        "price_unit": "KG"
      },
      {
        "state": "ACT",
        "price": "9800",
        "price_per_unit": "9800",
        "price_unit": "KG"
      }
    ]
  },
  {
    "source_url": "https://www.woolworths.com.au/shop/productdetails/385050/mamma-lucia-premium-ricotta",
    "name": "Mamma Lucia Premium Ricotta Per Kg",
    "image_url": "https://cdn1.woolworths.media/content/wowproductimages/large/385050.jpg",
    "source_id": "Woolworths - 385050",
    "barcode": "0272361000009",
    "shop": "Woolworths",
    "weight": "1KG",
    "prices": [
      {
        "state": "VIC",
        "price": "1150",
        "price_per_unit": "1150",
        "price_unit": "KG"
      }
    ]
  },
  {
    "source_url": "https://www.woolworths.com.au/shop/productdetails/731068/mamma-lucia-ricotta",
    "name": "Mamma Lucia Ricotta Per Kg",
    "image_url": "https://cdn1.woolworths.media/content/wowproductimages/large/731068.jpg",
    "source_id": "Woolworths - 731068",
    "barcode": "0277586000001",
    "shop": "Woolworths",
    "weight": "1KG",
    "prices": [
      {
        "state": "VIC",
        "price": "800",
        "price_per_unit": "800",
        "price_unit": "KG"
      }
    ]
  },
  {
    "source_url": "https://www.woolworths.com.au/shop/productdetails/713500/mon-pere-brie-from-the-deli",
    "name": "Mon Pere Brie From The Deli Per Kg",
    "image_url": "https://cdn1.woolworths.media/content/wowproductimages/large/713500.jpg",
    "source_id": "Woolworths - 713500",
    "barcode": "0272690000008",
    "shop": "Woolworths",
    "weight": "1KG",
    "prices": [
      null,
      {
        "state": "WA",
        "price": "5000",
        "price_per_unit": "5000",
        "price_unit": "KG"
      },
      {
        "state": "WA",
        "price": "5000",
        "price_per_unit": "5000",
        "price_unit": "KG"
      },
      {
        "state": "SA",
        "price": "5000",
        "price_per_unit": "5000",
        "price_unit": "KG"
      },
      {
        "state": "SA",
        "price": "5000",
        "price_per_unit": "5000",
        "price_unit": "KG"
      },
      {
        "state": "TAS",
        "price": "5000",
        "price_per_unit": "5000",
        "price_unit": "KG"
      },
      {
        "state": "TAS",
        "price": "5000",
        "price_per_unit": "5000",
        "price_unit": "KG"
      },
      {
        "state": "ACT",
        "price": "5000",
        "price_per_unit": "5000",
        "price_unit": "KG"
      },
      {
        "state": "ACT",
        "price": "5000",
        "price_per_unit": "5000",
        "price_unit": "KG"
      }
    ]
  },
  {
    "source_url": "https://www.woolworths.com.au/shop/productdetails/859721/perfect-italiano-parmesan-romano-cheese-block-cheese-block",
    "name": "Perfect Italiano Parmesan Romano Cheese Block 200g",
    "image_url": "https://cdn1.woolworths.media/content/wowproductimages/large/859721.jpg",
    "source_id": "Woolworths - 859721",
    "barcode": "9310053102578",
    "shop": "Woolworths",
    "weight": "1KG",
    "prices": [
      {
        "state": "VIC",
        "price": "750",
        "price_per_unit": "3750",
        "price_unit": "KG"
      },
      {
        "state": "VIC",
        "price": "750",
        "price_per_unit": "3750",
        "price_unit": "KG"
      },
      {
        "state": "QLD",
        "price": "750",
        "price_per_unit": "3750",
        "price_unit": "KG"
      },
      {
        "state": "QLD",
        "price": "750",
        "price_per_unit": "3750",
        "price_unit": "KG"
      },
      {
        "state": "WA",
        "price": "750",
        "price_per_unit": "3750",
        "price_unit": "KG"
      },
      {
        "state": "WA",
        "price": "750",
        "price_per_unit": "3750",
        "price_unit": "KG"
      },
      {
        "state": "SA",
        "price": "750",
        "price_per_unit": "3750",
        "price_unit": "KG"
      },
      {
        "state": "SA",
        "price": "750",
        "price_per_unit": "3750",
        "price_unit": "KG"
      },
      {
        "state": "ACT",
        "price": "750",
        "price_per_unit": "3750",
        "price_unit": "KG"
      },
      {
        "state": "ACT",
        "price": "750",
        "price_per_unit": "3750",
        "price_unit": "KG"
      },
      {
        "state": "NT",
        "price": "750",
        "price_per_unit": "3750",
        "price_unit": "KG"
      },
      {
        "state": "NT",
        "price": "750",
        "price_per_unit": "3750",
        "price_unit": "KG"
      }
    ]
  },
  {
    "source_url": "https://www.woolworths.com.au/shop/productdetails/647386/riverina-dairy-full-cream-fetta",
    "name": "Riverina Dairy Full Cream Fetta 1kg",
    "image_url": "https://cdn1.woolworths.media/content/wowproductimages/large/647386.jpg",
    "source_id": "Woolworths - 647386",
    "barcode": "0271715000009",
    "shop": "Woolworths",
    "weight": "1KG",
    "prices": [
      {
        "state": "VIC",
        "price": "1860",
        "price_per_unit": "1860",
        "price_unit": "KG"
      },
      {
        "state": "VIC",
        "price": "1860",
        "price_per_unit": "1860",
        "price_unit": "KG"
      },
      {
        "state": "QLD",
        "price": "1860",
        "price_per_unit": "1860",
        "price_unit": "KG"
      },
      {
        "state": "QLD",
        "price": "1860",
        "price_per_unit": "1860",
        "price_unit": "KG"
      },
      {
        "state": "WA",
        "price": "1860",
        "price_per_unit": "1860",
        "price_unit": "KG"
      },
      {
        "state": "WA",
        "price": "1860",
        "price_per_unit": "1860",
        "price_unit": "KG"
      },
      {
        "state": "SA",
        "price": "1860",
        "price_per_unit": "1860",
        "price_unit": "KG"
      },
      {
        "state": "SA",
        "price": "1860",
        "price_per_unit": "1860",
        "price_unit": "KG"
      },
      {
        "state": "TAS",
        "price": "1860",
        "price_per_unit": "1860",
        "price_unit": "KG"
      },
      {
        "state": "TAS",
        "price": "1860",
        "price_per_unit": "1860",
        "price_unit": "KG"
      },
      {
        "state": "ACT",
        "price": "1860",
        "price_per_unit": "1860",
        "price_unit": "KG"
      },
      {
        "state": "ACT",
        "price": "1860",
        "price_per_unit": "1860",
        "price_unit": "KG"
      }
    ]
  },
  {
    "source_url": "https://www.woolworths.com.au/shop/productdetails/672292/riverina-full-cream-fetta",
    "name": "Riverina Full Cream Fetta 2kg",
    "image_url": "https://cdn1.woolworths.media/content/wowproductimages/large/672292.jpg",
    "source_id": "Woolworths - 672292",
    "barcode": "0279351000001",
    "shop": "Woolworths",
    "weight": "1KG",
    "prices": [
      null
    ]
  },
  {
    "source_url": "https://www.woolworths.com.au/shop/productdetails/86523/snowdonia-cheese-co-black-bomber-vintage-cheddar",
    "name": "Snowdonia Cheese Co Black Bomber Vintage Cheddar Per Kg",
    "image_url": "https://cdn1.woolworths.media/content/wowproductimages/large/086523.jpg",
    "source_id": "Woolworths - 86523",
    "barcode": "0277559000007",
    "shop": "Woolworths",
    "weight": "1KG",
    "prices": [
      {
        "state": "VIC",
        "price": "7000",
        "price_per_unit": "7000",
        "price_unit": "KG"
      },
      {
        "state": "WA",
        "price": "7000",
        "price_per_unit": "7000",
        "price_unit": "KG"
      },
      {
        "state": "SA",
        "price": "7000",
        "price_per_unit": "7000",
        "price_unit": "KG"
      },
      {
        "state": "TAS",
        "price": "7000",
        "price_per_unit": "7000",
        "price_unit": "KG"
      },
      {
        "state": "ACT",
        "price": "7000",
        "price_per_unit": "7000",
        "price_unit": "KG"
      }
    ]
  },
  {
    "source_url": "https://www.woolworths.com.au/shop/productdetails/24358/snowdonia-cheese-co-red-storm-red-leicester",
    "name": "Snowdonia Cheese Co Red Storm Red Leicester 150G",
    "image_url": "https://cdn1.woolworths.media/content/wowproductimages/large/024358.jpg",
    "source_id": "Woolworths - 24358",
    "barcode": "5060011706877",
    "shop": "Woolworths",
    "weight": "1KG",
    "prices": [
      {
        "state": "VIC",
        "price": "790",
        "price_per_unit": "5267",
        "price_unit": "KG"
      },
      {
        "state": "VIC",
        "price": "790",
        "price_per_unit": "5267",
        "price_unit": "KG"
      },
      {
        "state": "QLD",
        "price": "790",
        "price_per_unit": "5267",
        "price_unit": "KG"
      },
      {
        "state": "QLD",
        "price": "790",
        "price_per_unit": "5267",
        "price_unit": "KG"
      },
      {
        "state": "WA",
        "price": "790",
        "price_per_unit": "5267",
        "price_unit": "KG"
      },
      {
        "state": "WA",
        "price": "790",
        "price_per_unit": "5267",
        "price_unit": "KG"
      },
      {
        "state": "SA",
        "price": "790",
        "price_per_unit": "5267",
        "price_unit": "KG"
      },
      {
        "state": "SA",
        "price": "790",
        "price_per_unit": "5267",
        "price_unit": "KG"
      },
      {
        "state": "TAS",
        "price": "790",
        "price_per_unit": "5267",
        "price_unit": "KG"
      },
      {
        "state": "TAS",
        "price": "790",
        "price_per_unit": "5267",
        "price_unit": "KG"
      },
      {
        "state": "ACT",
        "price": "790",
        "price_per_unit": "5267",
        "price_unit": "KG"
      },
      {
        "state": "ACT",
        "price": "790",
        "price_per_unit": "5267",
        "price_unit": "KG"
      },
      {
        "state": "NT",
        "price": "790",
        "price_per_unit": "5267",
        "price_unit": "KG"
      },
      {
        "state": "NT",
        "price": "790",
        "price_per_unit": "5267",
        "price_unit": "KG"
      }
    ]
  },
  {
    "source_url": "https://www.woolworths.com.au/shop/productdetails/86359/snowdonia-cheese-co-red-storm-red-leicester",
    "name": "Snowdonia Cheese Co Red Storm Red Leicester Per Kg",
    "image_url": "https://cdn1.woolworths.media/content/wowproductimages/large/086359.jpg",
    "source_id": "Woolworths - 86359",
    "barcode": "0270960000000",
    "shop": "Woolworths",
    "weight": "1KG",
    "prices": [
      {
        "state": "VIC",
        "price": "7000",
        "price_per_unit": "7000",
        "price_unit": "KG"
      },
      {
        "state": "SA",
        "price": "7000",
        "price_per_unit": "7000",
        "price_unit": "KG"
      },
      {
        "state": "TAS",
        "price": "7000",
        "price_per_unit": "7000",
        "price_unit": "KG"
      }
    ]
  },
  {
    "source_url": "https://www.woolworths.com.au/shop/productdetails/32707/tarago-river-cheese-gippsland-shadows-of-blue",
    "name": "Tarago River Cheese Gippsland Shadows of Blue Per Kg",
    "image_url": "https://cdn1.woolworths.media/content/wowproductimages/large/032707.jpg",
    "source_id": "Woolworths - 32707",
    "barcode": "0271859000002",
    "shop": "Woolworths",
    "weight": "1KG",
    "prices": [
      {
        "state": "VIC",
        "price": "6600",
        "price_per_unit": "6600",
        "price_unit": "KG"
      }
    ]
  },
  {
    "source_url": "https://www.woolworths.com.au/shop/productdetails/139115/thomas-dux-french-aged-comte-from-the-deli",
    "name": "Thomas Dux French Aged Comte From The Deli Per Kg",
    "image_url": "https://cdn1.woolworths.media/content/wowproductimages/large/139115.jpg",
    "source_id": "Woolworths - 139115",
    "barcode": "0270914000001",
    "shop": "Woolworths",
    "weight": "1KG",
    "prices": [
      {
        "state": "VIC",
        "price": "6650",
        "price_per_unit": "6650",
        "price_unit": "KG"
      },
      {
        "state": "VIC",
        "price": "6650",
        "price_per_unit": "6650",
        "price_unit": "KG"
      }
    ]
  },
  {
    "source_url": "https://www.woolworths.com.au/shop/productdetails/147693/thomas-dux-french-truffle-brie-from-the-deli",
    "name": "Thomas Dux French Truffle Brie From The Deli Per Kg",
    "image_url": "https://cdn1.woolworths.media/content/wowproductimages/large/147693.jpg",
    "source_id": "Woolworths - 147693",
    "barcode": "0270724000000",
    "shop": "Woolworths",
    "weight": "1KG",
    "prices": [
      {
        "state": "VIC",
        "price": "6500",
        "price_per_unit": "6500",
        "price_unit": "KG"
      },
      {
        "state": "VIC",
        "price": "6500",
        "price_per_unit": "6500",
        "price_unit": "KG"
      }
    ]
  },
  {
    "source_url": "https://www.woolworths.com.au/shop/productdetails/147692/thomas-dux-french-washed-rind-sheep-s-milk-brie-from-the-deli",
    "name": "Thomas Dux French Washed Rind Sheep's Milk Brie From The Deli Per Kg",
    "image_url": "https://cdn1.woolworths.media/content/wowproductimages/large/147692.jpg",
    "source_id": "Woolworths - 147692",
    "barcode": "0270776000003",
    "shop": "Woolworths",
    "weight": "1KG",
    "prices": [
      {
        "state": "VIC",
        "price": "9000",
        "price_per_unit": "9000",
        "price_unit": "KG"
      },
      {
        "state": "VIC",
        "price": "9000",
        "price_per_unit": "9000",
        "price_unit": "KG"
      },
      {
        "state": "ACT",
        "price": "9000",
        "price_per_unit": "9000",
        "price_unit": "KG"
      },
      {
        "state": "ACT",
        "price": "9000",
        "price_per_unit": "9000",
        "price_unit": "KG"
      }
    ]
  },
  {
    "source_url": "https://www.woolworths.com.au/shop/productdetails/171316/thomas-dux-goat-cheese-extra-matured-6-months",
    "name": "Thomas Dux Goat Cheese Extra Matured 6 Months Per Kg",
    "image_url": "https://cdn1.woolworths.media/content/wowproductimages/large/171316.jpg",
    "source_id": "Woolworths - 171316",
    "barcode": "0279022000002",
    "shop": "Woolworths",
    "weight": "1KG",
    "prices": [
      {
        "state": "VIC",
        "price": "5300",
        "price_per_unit": "5300",
        "price_unit": "KG"
      }
    ]
  },
  {
    "source_url": "https://www.woolworths.com.au/shop/productdetails/143185/thomas-dux-le-gruyere-aop-matured-12-months",
    "name": "Thomas Dux Le Gruyere Aop Matured 12 Months Per Kg",
    "image_url": "https://cdn1.woolworths.media/content/wowproductimages/large/143185.jpg",
    "source_id": "Woolworths - 143185",
    "barcode": "0274082000009",
    "shop": "Woolworths",
    "weight": "1KG",
    "prices": [
      {
        "state": "VIC",
        "price": "5500",
        "price_per_unit": "5500",
        "price_unit": "KG"
      },
      {
        "state": "VIC",
        "price": "5500",
        "price_per_unit": "5500",
        "price_unit": "KG"
      },
      {
        "state": "WA",
        "price": "5500",
        "price_per_unit": "5500",
        "price_unit": "KG"
      },
      {
        "state": "WA",
        "price": "5500",
        "price_per_unit": "5500",
        "price_unit": "KG"
      },
      {
        "state": "SA",
        "price": "5500",
        "price_per_unit": "5500",
        "price_unit": "KG"
      },
      {
        "state": "SA",
        "price": "5500",
        "price_per_unit": "5500",
        "price_unit": "KG"
      },
      {
        "state": "TAS",
        "price": "5500",
        "price_per_unit": "5500",
        "price_unit": "KG"
      },
      {
        "state": "TAS",
        "price": "5500",
        "price_per_unit": "5500",
        "price_unit": "KG"
      },
      {
        "state": "ACT",
        "price": "5500",
        "price_per_unit": "5500",
        "price_unit": "KG"
      },
      {
        "state": "ACT",
        "price": "5500",
        "price_per_unit": "5500",
        "price_unit": "KG"
      }
    ]
  },
  {
    "source_url": "https://www.woolworths.com.au/shop/productdetails/140164/thomas-dux-le-gruyere-cheese",
    "name": "Thomas Dux Le Gruyere Cheese 150g",
    "image_url": "https://cdn1.woolworths.media/content/wowproductimages/large/140164.jpg",
    "source_id": "Woolworths - 140164",
    "barcode": "93564571",
    "shop": "Woolworths",
    "weight": "1KG",
    "prices": [
      {
        "state": "VIC",
        "price": "990",
        "price_per_unit": "6600",
        "price_unit": "KG"
      },
      {
        "state": "VIC",
        "price": "990",
        "price_per_unit": "6600",
        "price_unit": "KG"
      },
      {
        "state": "QLD",
        "price": "990",
        "price_per_unit": "6600",
        "price_unit": "KG"
      },
      {
        "state": "QLD",
        "price": "990",
        "price_per_unit": "6600",
        "price_unit": "KG"
      },
      {
        "state": "WA",
        "price": "990",
        "price_per_unit": "6600",
        "price_unit": "KG"
      },
      {
        "state": "WA",
        "price": "990",
        "price_per_unit": "6600",
        "price_unit": "KG"
      },
      {
        "state": "SA",
        "price": "990",
        "price_per_unit": "6600",
        "price_unit": "KG"
      },
      {
        "state": "SA",
        "price": "990",
        "price_per_unit": "6600",
        "price_unit": "KG"
      },
      {
        "state": "TAS",
        "price": "990",
        "price_per_unit": "6600",
        "price_unit": "KG"
      },
      {
        "state": "TAS",
        "price": "990",
        "price_per_unit": "6600",
        "price_unit": "KG"
      },
      {
        "state": "ACT",
        "price": "990",
        "price_per_unit": "6600",
        "price_unit": "KG"
      },
      {
        "state": "ACT",
        "price": "990",
        "price_per_unit": "6600",
        "price_unit": "KG"
      },
      {
        "state": "NT",
        "price": "990",
        "price_per_unit": "6600",
        "price_unit": "KG"
      },
      {
        "state": "NT",
        "price": "990",
        "price_per_unit": "6600",
        "price_unit": "KG"
      }
    ]
  },
  {
    "source_url": "https://www.woolworths.com.au/shop/productdetails/139763/thomas-dux-oak-smoked-cheddar-from-the-deli",
    "name": "Thomas Dux Oak Smoked Cheddar From The Deli Per Kg",
    "image_url": "https://cdn1.woolworths.media/content/wowproductimages/large/139763.jpg",
    "source_id": "Woolworths - 139763",
    "barcode": "0270860000001",
    "shop": "Woolworths",
    "weight": "1KG",
    "prices": [
      {
        "state": "VIC",
        "price": "5000",
        "price_per_unit": "5000",
        "price_unit": "KG"
      },
      {
        "state": "WA",
        "price": "5000",
        "price_per_unit": "5000",
        "price_unit": "KG"
      }
    ]
  },
  {
    "source_url": "https://www.woolworths.com.au/shop/productdetails/81587/thomas-dux-parmigiano-reggiano-over-12-months",
    "name": "Thomas Dux Parmigiano Reggiano Over 12 Months 250g",
    "image_url": "https://cdn1.woolworths.media/content/wowproductimages/large/081587.jpg",
    "source_id": "Woolworths - 81587",
    "barcode": "93560665",
    "shop": "Woolworths",
    "weight": "1KG",
    "prices": [
      {
        "state": "VIC",
        "price": "1140",
        "price_per_unit": "4560",
        "price_unit": "KG"
      },
      {
        "state": "VIC",
        "price": "1140",
        "price_per_unit": "4560",
        "price_unit": "KG"
      },
      {
        "state": "QLD",
        "price": "1140",
        "price_per_unit": "4560",
        "price_unit": "KG"
      },
      {
        "state": "QLD",
        "price": "1140",
        "price_per_unit": "4560",
        "price_unit": "KG"
      },
      {
        "state": "WA",
        "price": "1140",
        "price_per_unit": "4560",
        "price_unit": "KG"
      },
      {
        "state": "WA",
        "price": "1140",
        "price_per_unit": "4560",
        "price_unit": "KG"
      },
      {
        "state": "SA",
        "price": "1140",
        "price_per_unit": "4560",
        "price_unit": "KG"
      },
      {
        "state": "SA",
        "price": "1140",
        "price_per_unit": "4560",
        "price_unit": "KG"
      },
      {
        "state": "ACT",
        "price": "1140",
        "price_per_unit": "4560",
        "price_unit": "KG"
      },
      {
        "state": "ACT",
        "price": "1140",
        "price_per_unit": "4560",
        "price_unit": "KG"
      },
      {
        "state": "NT",
        "price": "1140",
        "price_per_unit": "4560",
        "price_unit": "KG"
      },
      {
        "state": "NT",
        "price": "1140",
        "price_per_unit": "4560",
        "price_unit": "KG"
      }
    ]
  },
  {
    "source_url": "https://www.woolworths.com.au/shop/productdetails/139116/thomas-dux-pecorino-romano-from-the-deli",
    "name": "Thomas Dux Pecorino Romano From The Deli Per Kg",
    "image_url": "https://cdn1.woolworths.media/content/wowproductimages/large/139116.jpg",
    "source_id": "Woolworths - 139116",
    "barcode": "0270909000009",
    "shop": "Woolworths",
    "weight": "1KG",
    "prices": [
      {
        "state": "VIC",
        "price": "5700",
        "price_per_unit": "5700",
        "price_unit": "KG"
      },
      {
        "state": "WA",
        "price": "5700",
        "price_per_unit": "5700",
        "price_unit": "KG"
      },
      {
        "state": "SA",
        "price": "5700",
        "price_per_unit": "5700",
        "price_unit": "KG"
      },
      {
        "state": "TAS",
        "price": "5700",
        "price_per_unit": "5700",
        "price_unit": "KG"
      }
    ]
  },
  {
    "source_url": "https://www.woolworths.com.au/shop/productdetails/139722/thomas-dux-spanish-manchego-from-the-deli",
    "name": "Thomas Dux Spanish Manchego From The Deli Per Kg",
    "image_url": "https://cdn1.woolworths.media/content/wowproductimages/large/139722.jpg",
    "source_id": "Woolworths - 139722",
    "barcode": "0270874000004",
    "shop": "Woolworths",
    "weight": "1KG",
    "prices": [
      {
        "state": "VIC",
        "price": "7000",
        "price_per_unit": "7000",
        "price_unit": "KG"
      },
      {
        "state": "VIC",
        "price": "7000",
        "price_per_unit": "7000",
        "price_unit": "KG"
      },
      {
        "state": "WA",
        "price": "7000",
        "price_per_unit": "7000",
        "price_unit": "KG"
      },
      {
        "state": "WA",
        "price": "7000",
        "price_per_unit": "7000",
        "price_unit": "KG"
      },
      {
        "state": "SA",
        "price": "7000",
        "price_per_unit": "7000",
        "price_unit": "KG"
      },
      {
        "state": "SA",
        "price": "7000",
        "price_per_unit": "7000",
        "price_unit": "KG"
      },
      {
        "state": "TAS",
        "price": "7000",
        "price_per_unit": "7000",
        "price_unit": "KG"
      },
      {
        "state": "TAS",
        "price": "7000",
        "price_per_unit": "7000",
        "price_unit": "KG"
      },
      {
        "state": "ACT",
        "price": "7000",
        "price_per_unit": "7000",
        "price_unit": "KG"
      },
      {
        "state": "ACT",
        "price": "7000",
        "price_per_unit": "7000",
        "price_unit": "KG"
      }
    ]
  },
  {
    "source_url": "https://www.woolworths.com.au/shop/productdetails/139501/thomas-dux-spanish-truffle-sheep-s-cheese-from-the-deli",
    "name": "Thomas Dux Spanish Truffle Sheep's Cheese From The Deli Per Kg",
    "image_url": "https://cdn1.woolworths.media/content/wowproductimages/large/139501.jpg",
    "source_id": "Woolworths - 139501",
    "barcode": "0270582000006",
    "shop": "Woolworths",
    "weight": "1KG",
    "prices": [
      {
        "state": "VIC",
        "price": "7800",
        "price_per_unit": "7800",
        "price_unit": "KG"
      },
      {
        "state": "VIC",
        "price": "7800",
        "price_per_unit": "7800",
        "price_unit": "KG"
      },
      {
        "state": "WA",
        "price": "7800",
        "price_per_unit": "7800",
        "price_unit": "KG"
      },
      {
        "state": "WA",
        "price": "7800",
        "price_per_unit": "7800",
        "price_unit": "KG"
      },
      {
        "state": "SA",
        "price": "7800",
        "price_per_unit": "7800",
        "price_unit": "KG"
      },
      {
        "state": "SA",
        "price": "7800",
        "price_per_unit": "7800",
        "price_unit": "KG"
      },
      {
        "state": "TAS",
        "price": "7800",
        "price_per_unit": "7800",
        "price_unit": "KG"
      },
      {
        "state": "TAS",
        "price": "7800",
        "price_per_unit": "7800",
        "price_unit": "KG"
      },
      {
        "state": "ACT",
        "price": "7800",
        "price_per_unit": "7800",
        "price_unit": "KG"
      },
      {
        "state": "ACT",
        "price": "7800",
        "price_per_unit": "7800",
        "price_unit": "KG"
      }
    ]
  },
  {
    "source_url": "https://www.woolworths.com.au/shop/productdetails/139085/thomas-dux-yorkshire-wensleydale-with-cranberry-from-the-deli",
    "name": "Thomas Dux Yorkshire Wensleydale With Cranberry From The Deli Per Kg",
    "image_url": "https://cdn1.woolworths.media/content/wowproductimages/large/139085.jpg",
    "source_id": "Woolworths - 139085",
    "barcode": "0270925000007",
    "shop": "Woolworths",
    "weight": "1KG",
    "prices": [
      null,
      {
        "state": "WA",
        "price": "5000",
        "price_per_unit": "5000",
        "price_unit": "KG"
      },
      {
        "state": "WA",
        "price": "5000",
        "price_per_unit": "5000",
        "price_unit": "KG"
      },
      {
        "state": "SA",
        "price": "5000",
        "price_per_unit": "5000",
        "price_unit": "KG"
      },
      {
        "state": "SA",
        "price": "5000",
        "price_per_unit": "5000",
        "price_unit": "KG"
      },
      {
        "state": "TAS",
        "price": "5000",
        "price_per_unit": "5000",
        "price_unit": "KG"
      },
      {
        "state": "TAS",
        "price": "5000",
        "price_per_unit": "5000",
        "price_unit": "KG"
      },
      {
        "state": "ACT",
        "price": "5000",
        "price_per_unit": "5000",
        "price_unit": "KG"
      },
      {
        "state": "ACT",
        "price": "5000",
        "price_per_unit": "5000",
        "price_unit": "KG"
      }
    ]
  },
  {
    "source_url": "https://www.woolworths.com.au/shop/productdetails/728345/will-studd-aphrodite-halloumi",
    "name": "Will Studd Aphrodite Halloumi 200g - 300g",
    "image_url": "https://cdn1.woolworths.media/content/wowproductimages/large/728345.jpg",
    "source_id": "Woolworths - 728345",
    "barcode": "0270872000006",
    "shop": "Woolworths",
    "weight": "1KG",
    "prices": [
      null,
      {
        "state": "WA",
        "price": "1650",
        "price_per_unit": "5500",
        "price_unit": "KG"
      },
      {
        "state": "WA",
        "price": "1650",
        "price_per_unit": "5500",
        "price_unit": "KG"
      }
    ]
  },
  {
    "source_url": "https://www.woolworths.com.au/shop/productdetails/158926/woolworths-cheese-party-bites",
    "name": "Woolworths Cheese Party Bites 360g",
    "image_url": "https://cdn1.woolworths.media/content/wowproductimages/large/158926.jpg",
    "source_id": "Woolworths - 158926",
    "barcode": "9339687257140",
    "shop": "Woolworths",
    "weight": "1KG",
    "prices": [
      {
        "state": "VIC",
        "price": "1300",
        "price_per_unit": "3611",
        "price_unit": "KG"
      },
      {
        "state": "VIC",
        "price": "1300",
        "price_per_unit": "3611",
        "price_unit": "KG"
      },
      {
        "state": "WA",
        "price": "1300",
        "price_per_unit": "3611",
        "price_unit": "KG"
      },
      {
        "state": "WA",
        "price": "1300",
        "price_per_unit": "3611",
        "price_unit": "KG"
      },
      {
        "state": "SA",
        "price": "1300",
        "price_per_unit": "3611",
        "price_unit": "KG"
      },
      {
        "state": "SA",
        "price": "1300",
        "price_per_unit": "3611",
        "price_unit": "KG"
      },
      {
        "state": "TAS",
        "price": "1300",
        "price_per_unit": "3611",
        "price_unit": "KG"
      },
      {
        "state": "TAS",
        "price": "1300",
        "price_per_unit": "3611",
        "price_unit": "KG"
      },
      {
        "state": "ACT",
        "price": "1300",
        "price_per_unit": "3611",
        "price_unit": "KG"
      },
      {
        "state": "ACT",
        "price": "1300",
        "price_per_unit": "3611",
        "price_unit": "KG"
      }
    ]
  },
  {
    "source_url": "https://www.woolworths.com.au/shop/productdetails/369753/woolworths-fresh-dutch-log-smoked-cheese",
    "name": "Woolworths Fresh Dutch Log Smoked Cheese Per Kg",
    "image_url": "https://cdn1.woolworths.media/content/wowproductimages/large/369753.jpg",
    "source_id": "Woolworths - 369753",
    "barcode": "0271488000008",
    "shop": "Woolworths",
    "weight": "1KG",
    "prices": [
      null,
      {
        "state": "WA",
        "price": "5400",
        "price_per_unit": "5400",
        "price_unit": "KG"
      },
      {
        "state": "WA",
        "price": "5400",
        "price_per_unit": "5400",
        "price_unit": "KG"
      },
      {
        "state": "SA",
        "price": "5400",
        "price_per_unit": "5400",
        "price_unit": "KG"
      },
      {
        "state": "SA",
        "price": "5400",
        "price_per_unit": "5400",
        "price_unit": "KG"
      },
      {
        "state": "TAS",
        "price": "5400",
        "price_per_unit": "5400",
        "price_unit": "KG"
      },
      {
        "state": "TAS",
        "price": "5400",
        "price_per_unit": "5400",
        "price_unit": "KG"
      },
      {
        "state": "ACT",
        "price": "5400",
        "price_per_unit": "5400",
        "price_unit": "KG"
      },
      {
        "state": "ACT",
        "price": "5400",
        "price_per_unit": "5400",
        "price_unit": "KG"
      }
    ]
  },
  {
    "source_url": "https://www.woolworths.com.au/shop/productdetails/369731/woolworths-fresh-parmesan-grana-padano-cheese-wheel",
    "name": "Woolworths Fresh Parmesan Grana Padano Cheese Wheel Per Kg",
    "image_url": "https://cdn1.woolworths.media/content/wowproductimages/large/369731.jpg",
    "source_id": "Woolworths - 369731",
    "barcode": "0271445000003",
    "shop": "Woolworths",
    "weight": "1KG",
    "prices": [
      null,
      {
        "state": "WA",
        "price": "5300",
        "price_per_unit": "5300",
        "price_unit": "KG"
      },
      {
        "state": "WA",
        "price": "5300",
        "price_per_unit": "5300",
        "price_unit": "KG"
      },
      {
        "state": "TAS",
        "price": "5300",
        "price_per_unit": "5300",
        "price_unit": "KG"
      },
      {
        "state": "TAS",
        "price": "5300",
        "price_per_unit": "5300",
        "price_unit": "KG"
      },
      {
        "state": "ACT",
        "price": "5300",
        "price_per_unit": "5300",
        "price_unit": "KG"
      },
      {
        "state": "ACT",
        "price": "5300",
        "price_per_unit": "5300",
        "price_unit": "KG"
      }
    ]
  },
  {
    "source_url": "https://www.woolworths.com.au/shop/productdetails/369738/woolworths-fresh-parmigianno-reggiano-cheese-wheel",
    "name": "Woolworths Fresh Parmigianno Reggiano Cheese Wheel Per Kg",
    "image_url": "https://cdn1.woolworths.media/content/wowproductimages/large/369738.jpg",
    "source_id": "Woolworths - 369738",
    "barcode": "0271454000001",
    "shop": "Woolworths",
    "weight": "1KG",
    "prices": [
      null,
      {
        "state": "WA",
        "price": "6900",
        "price_per_unit": "6900",
        "price_unit": "KG"
      },
      {
        "state": "WA",
        "price": "6900",
        "price_per_unit": "6900",
        "price_unit": "KG"
      },
      {
        "state": "SA",
        "price": "6900",
        "price_per_unit": "6900",
        "price_unit": "KG"
      },
      {
        "state": "SA",
        "price": "6900",
        "price_per_unit": "6900",
        "price_unit": "KG"
      },
      {
        "state": "ACT",
        "price": "6900",
        "price_per_unit": "6900",
        "price_unit": "KG"
      },
      {
        "state": "ACT",
        "price": "6900",
        "price_per_unit": "6900",
        "price_unit": "KG"
      }
    ]
  },
  {
    "source_url": "https://www.woolworths.com.au/shop/productdetails/369742/woolworths-fresh-round-loaf-maasdam-cheese",
    "name": "Woolworths Fresh Round Loaf Maasdam Cheese Per Kg",
    "image_url": "https://cdn1.woolworths.media/content/wowproductimages/large/369742.jpg",
    "source_id": "Woolworths - 369742",
    "barcode": "0271462000000",
    "shop": "Woolworths",
    "weight": "1KG",
    "prices": [
      {
        "state": "VIC",
        "price": "3600",
        "price_per_unit": "3600",
        "price_unit": "KG"
      },
      {
        "state": "VIC",
        "price": "3600",
        "price_per_unit": "3600",
        "price_unit": "KG"
      },
      {
        "state": "WA",
        "price": "3600",
        "price_per_unit": "3600",
        "price_unit": "KG"
      },
      {
        "state": "WA",
        "price": "3600",
        "price_per_unit": "3600",
        "price_unit": "KG"
      },
      {
        "state": "SA",
        "price": "3600",
        "price_per_unit": "3600",
        "price_unit": "KG"
      },
      {
        "state": "SA",
        "price": "3600",
        "price_per_unit": "3600",
        "price_unit": "KG"
      },
      {
        "state": "TAS",
        "price": "3600",
        "price_per_unit": "3600",
        "price_unit": "KG"
      },
      {
        "state": "TAS",
        "price": "3600",
        "price_per_unit": "3600",
        "price_unit": "KG"
      },
      {
        "state": "ACT",
        "price": "3600",
        "price_per_unit": "3600",
        "price_unit": "KG"
      },
      {
        "state": "ACT",
        "price": "3600",
        "price_per_unit": "3600",
        "price_unit": "KG"
      }
    ]
  },
  {
    "source_url": "https://www.woolworths.com.au/shop/productdetails/126596/zanetti-grana-padano",
    "name": "Zanetti Grana Padano Per Kg",
    "image_url": "https://cdn1.woolworths.media/content/wowproductimages/large/126596.jpg",
    "source_id": "Woolworths - 126596",
    "barcode": "0276018000008",
    "shop": "Woolworths",
    "weight": "1KG",
    "prices": [
      {
        "state": "VIC",
        "price": "5500",
        "price_per_unit": "5500",
        "price_unit": "KG"
      },
      {
        "state": "WA",
        "price": "5500",
        "price_per_unit": "5500",
        "price_unit": "KG"
      },
      {
        "state": "SA",
        "price": "5500",
        "price_per_unit": "5500",
        "price_unit": "KG"
      }
    ]
  },
  {
    "source_url": "https://www.woolworths.com.au/shop/productdetails/127634/zanetti-parmigiano-reggiano",
    "name": "Zanetti Parmigiano Reggiano Per Kg",
    "image_url": "https://cdn1.woolworths.media/content/wowproductimages/large/127634.jpg",
    "source_id": "Woolworths - 127634",
    "barcode": "0275967000008",
    "shop": "Woolworths",
    "weight": "1KG",
    "prices": [
      {
        "state": "VIC",
        "price": "6400",
        "price_per_unit": "6400",
        "price_unit": "KG"
      },
      {
        "state": "WA",
        "price": "6400",
        "price_per_unit": "6400",
        "price_unit": "KG"
      },
      {
        "state": "SA",
        "price": "6400",
        "price_per_unit": "6400",
        "price_unit": "KG"
      }
    ]
  },
  {
    "source_url": "https://www.woolworths.com.au/shop/productdetails/219562/kenilworth-dairies-dairies-tomato-pesto-club-cheddar",
    "name": "Kenilworth Dairies Dairies Tomato Pesto Club Cheddar 165g",
    "image_url": "https://cdn1.woolworths.media/content/wowproductimages/large/219562.jpg",
    "source_id": "Woolworths - 219562",
    "barcode": "9314957643281",
    "shop": "Woolworths",
    "weight": "1KG",
    "prices": [
      {
        "state": "QLD",
        "price": "550",
        "price_per_unit": "3333",
        "price_unit": "KG"
      },
      {
        "state": "QLD",
        "price": "550",
        "price_per_unit": "3333",
        "price_unit": "KG"
      }
    ]
  },
  {
    "source_url": "https://www.woolworths.com.au/shop/productdetails/495420/kenilworth-dairies-roast-garlic-cracked-pepper-cheese",
    "name": "Kenilworth Dairies Roast Garlic & Cracked Pepper Cheese 165G",
    "image_url": "https://cdn1.woolworths.media/content/wowproductimages/large/495420.jpg",
    "source_id": "Woolworths - 495420",
    "barcode": "9314957572345",
    "shop": "Woolworths",
    "weight": "1KG",
    "prices": [
      {
        "state": "QLD",
        "price": "550",
        "price_per_unit": "3333",
        "price_unit": "KG"
      },
      {
        "state": "QLD",
        "price": "550",
        "price_per_unit": "3333",
        "price_unit": "KG"
      }
    ]
  },
  {
    "source_url": "https://www.woolworths.com.au/shop/productdetails/152283/kenilworth-dairies-sweet-chili-sour-cream-bell-pepper-club-cheddar",
    "name": "Kenilworth Dairies Sweet Chili, Sour Cream & Bell Pepper Club Cheddar 165G",
    "image_url": "https://cdn1.woolworths.media/content/wowproductimages/large/152283.jpg",
    "source_id": "Woolworths - 152283",
    "barcode": "9314957040691",
    "shop": "Woolworths",
    "weight": "1KG",
    "prices": [
      {
        "state": "QLD",
        "price": "550",
        "price_per_unit": "3333",
        "price_unit": "KG"
      },
      {
        "state": "QLD",
        "price": "550",
        "price_per_unit": "3333",
        "price_unit": "KG"
      }
    ]
  },
  {
    "source_url": "https://www.woolworths.com.au/shop/productdetails/494309/kenilworth-dairies-vintage-cheddar",
    "name": "Kenilworth Dairies Vintage Cheddar 165G",
    "image_url": "https://cdn1.woolworths.media/content/wowproductimages/large/494309.jpg",
    "source_id": "Woolworths - 494309",
    "barcode": "9314957209142",
    "shop": "Woolworths",
    "weight": "1KG",
    "prices": [
      {
        "state": "QLD",
        "price": "650",
        "price_per_unit": "3939",
        "price_unit": "KG"
      },
      {
        "state": "QLD",
        "price": "650",
        "price_per_unit": "3939",
        "price_unit": "KG"
      }
    ]
  },
  {
    "source_url": "https://www.woolworths.com.au/shop/productdetails/614440/riverina-dairy-reduced-fat-fetta-cheese",
    "name": "Riverina Dairy Reduced Fat Fetta Cheese 1kg",
    "image_url": "https://cdn1.woolworths.media/content/wowproductimages/large/614440.jpg",
    "source_id": "Woolworths - 614440",
    "barcode": "0274821000000",
    "shop": "Woolworths",
    "weight": "1KG",
    "prices": [
      {
        "state": "QLD",
        "price": "1860",
        "price_per_unit": "1860",
        "price_unit": "KG"
      },
      {
        "state": "QLD",
        "price": "1860",
        "price_per_unit": "1860",
        "price_unit": "KG"
      },
      {
        "state": "WA",
        "price": "1860",
        "price_per_unit": "1860",
        "price_unit": "KG"
      },
      {
        "state": "WA",
        "price": "1860",
        "price_per_unit": "1860",
        "price_unit": "KG"
      },
      {
        "state": "SA",
        "price": "1860",
        "price_per_unit": "1860",
        "price_unit": "KG"
      },
      {
        "state": "SA",
        "price": "1860",
        "price_per_unit": "1860",
        "price_unit": "KG"
      },
      {
        "state": "TAS",
        "price": "1860",
        "price_per_unit": "1860",
        "price_unit": "KG"
      },
      {
        "state": "TAS",
        "price": "1860",
        "price_per_unit": "1860",
        "price_unit": "KG"
      },
      {
        "state": "ACT",
        "price": "1860",
        "price_per_unit": "1860",
        "price_unit": "KG"
      },
      {
        "state": "ACT",
        "price": "1860",
        "price_per_unit": "1860",
        "price_unit": "KG"
      },
      {
        "state": "NT",
        "price": "1860",
        "price_per_unit": "1860",
        "price_unit": "KG"
      },
      {
        "state": "NT",
        "price": "1860",
        "price_per_unit": "1860",
        "price_unit": "KG"
      }
    ]
  },
  {
    "source_url": "https://www.woolworths.com.au/shop/productdetails/481432/rsc-swiss-truffle-raclette-cheese",
    "name": "RSC Swiss Truffle Raclette Cheese 150g",
    "image_url": "https://cdn1.woolworths.media/content/wowproductimages/large/481432.jpg",
    "source_id": "Woolworths - 481432",
    "barcode": "9352222000605",
    "shop": "Woolworths",
    "weight": "1KG",
    "prices": [
      {
        "state": "QLD",
        "price": "1195",
        "price_per_unit": "7967",
        "price_unit": "KG"
      },
      {
        "state": "QLD",
        "price": "1195",
        "price_per_unit": "7967",
        "price_unit": "KG"
      },
      {
        "state": "WA",
        "price": "1195",
        "price_per_unit": "7967",
        "price_unit": "KG"
      },
      {
        "state": "WA",
        "price": "1195",
        "price_per_unit": "7967",
        "price_unit": "KG"
      },
      {
        "state": "SA",
        "price": "1195",
        "price_per_unit": "7967",
        "price_unit": "KG"
      },
      {
        "state": "SA",
        "price": "1195",
        "price_per_unit": "7967",
        "price_unit": "KG"
      },
      {
        "state": "TAS",
        "price": "1195",
        "price_per_unit": "7967",
        "price_unit": "KG"
      },
      {
        "state": "TAS",
        "price": "1195",
        "price_per_unit": "7967",
        "price_unit": "KG"
      },
      {
        "state": "ACT",
        "price": "1195",
        "price_per_unit": "7967",
        "price_unit": "KG"
      },
      {
        "state": "ACT",
        "price": "1195",
        "price_per_unit": "7967",
        "price_unit": "KG"
      },
      {
        "state": "NT",
        "price": "1195",
        "price_per_unit": "7967",
        "price_unit": "KG"
      },
      {
        "state": "NT",
        "price": "1195",
        "price_per_unit": "7967",
        "price_unit": "KG"
      }
    ]
  },
  {
    "source_url": "https://www.woolworths.com.au/shop/productdetails/459630/sartori-montamore-cheddar-cheese",
    "name": "Sartori Montamore Cheddar Cheese 198g",
    "image_url": "https://cdn1.woolworths.media/content/wowproductimages/large/459630.jpg",
    "source_id": "Woolworths - 459630",
    "barcode": "11863122631",
    "shop": "Woolworths",
    "weight": "1KG",
    "prices": [
      {
        "state": "QLD",
        "price": "800",
        "price_per_unit": "4040",
        "price_unit": "KG"
      },
      {
        "state": "QLD",
        "price": "800",
        "price_per_unit": "4040",
        "price_unit": "KG"
      },
      {
        "state": "WA",
        "price": "800",
        "price_per_unit": "4040",
        "price_unit": "KG"
      },
      {
        "state": "WA",
        "price": "800",
        "price_per_unit": "4040",
        "price_unit": "KG"
      },
      {
        "state": "SA",
        "price": "800",
        "price_per_unit": "4040",
        "price_unit": "KG"
      },
      {
        "state": "SA",
        "price": "800",
        "price_per_unit": "4040",
        "price_unit": "KG"
      },
      {
        "state": "ACT",
        "price": "800",
        "price_per_unit": "4040",
        "price_unit": "KG"
      },
      {
        "state": "ACT",
        "price": "800",
        "price_per_unit": "4040",
        "price_unit": "KG"
      }
    ]
  },
  {
    "source_url": "https://www.woolworths.com.au/shop/productdetails/481044/sartori-rosemary-olive-oil-asiago-cheese",
    "name": "Sartori Rosemary & Olive Oil Asiago Cheese 150g",
    "image_url": "https://cdn1.woolworths.media/content/wowproductimages/large/481044.jpg",
    "source_id": "Woolworths - 481044",
    "barcode": "11863124833",
    "shop": "Woolworths",
    "weight": "1KG",
    "prices": [
      {
        "state": "QLD",
        "price": "800",
        "price_per_unit": "5333",
        "price_unit": "KG"
      },
      {
        "state": "QLD",
        "price": "800",
        "price_per_unit": "5333",
        "price_unit": "KG"
      },
      {
        "state": "WA",
        "price": "800",
        "price_per_unit": "5333",
        "price_unit": "KG"
      },
      {
        "state": "WA",
        "price": "800",
        "price_per_unit": "5333",
        "price_unit": "KG"
      },
      {
        "state": "SA",
        "price": "800",
        "price_per_unit": "5333",
        "price_unit": "KG"
      },
      {
        "state": "SA",
        "price": "800",
        "price_per_unit": "5333",
        "price_unit": "KG"
      },
      {
        "state": "ACT",
        "price": "800",
        "price_per_unit": "5333",
        "price_unit": "KG"
      },
      {
        "state": "ACT",
        "price": "800",
        "price_per_unit": "5333",
        "price_unit": "KG"
      },
      {
        "state": "NT",
        "price": "800",
        "price_per_unit": "5333",
        "price_unit": "KG"
      },
      {
        "state": "NT",
        "price": "800",
        "price_per_unit": "5333",
        "price_unit": "KG"
      }
    ]
  },
  {
    "source_url": "https://www.woolworths.com.au/shop/productdetails/494118/zanetti-parmigiano-reggiano-flakes-cheese",
    "name": "Zanetti Parmigiano Reggiano Flakes Cheese 100g",
    "image_url": "https://cdn1.woolworths.media/content/wowproductimages/large/494118.jpg",
    "source_id": "Woolworths - 494118",
    "barcode": "8002710335405",
    "shop": "Woolworths",
    "weight": "1KG",
    "prices": [
      {
        "state": "QLD",
        "price": "420",
        "price_per_unit": "4200",
        "price_unit": "KG"
      },
      {
        "state": "QLD",
        "price": "420",
        "price_per_unit": "4200",
        "price_unit": "KG"
      },
      {
        "state": "WA",
        "price": "420",
        "price_per_unit": "4200",
        "price_unit": "KG"
      },
      {
        "state": "WA",
        "price": "420",
        "price_per_unit": "4200",
        "price_unit": "KG"
      },
      {
        "state": "SA",
        "price": "420",
        "price_per_unit": "4200",
        "price_unit": "KG"
      },
      {
        "state": "SA",
        "price": "420",
        "price_per_unit": "4200",
        "price_unit": "KG"
      },
      {
        "state": "TAS",
        "price": "420",
        "price_per_unit": "4200",
        "price_unit": "KG"
      },
      {
        "state": "TAS",
        "price": "420",
        "price_per_unit": "4200",
        "price_unit": "KG"
      },
      {
        "state": "ACT",
        "price": "420",
        "price_per_unit": "4200",
        "price_unit": "KG"
      },
      {
        "state": "ACT",
        "price": "420",
        "price_per_unit": "4200",
        "price_unit": "KG"
      },
      {
        "state": "NT",
        "price": "420",
        "price_per_unit": "4200",
        "price_unit": "KG"
      },
      {
        "state": "NT",
        "price": "420",
        "price_per_unit": "4200",
        "price_unit": "KG"
      }
    ]
  },
  {
    "source_url": "https://www.woolworths.com.au/shop/productdetails/925702/brownes-dairy-smokey-red-club-cheddar-cheese",
    "name": "Brownes Dairy Smokey Red Club Cheddar Cheese 200g",
    "image_url": "https://cdn1.woolworths.media/content/wowproductimages/large/925702.jpg",
    "source_id": "Woolworths - 925702",
    "barcode": "9300662891697",
    "shop": "Woolworths",
    "weight": "1KG",
    "prices": [
      {
        "state": "WA",
        "price": "680",
        "price_per_unit": "3400",
        "price_unit": "KG"
      },
      {
        "state": "WA",
        "price": "680",
        "price_per_unit": "3400",
        "price_unit": "KG"
      }
    ]
  },
  {
    "source_url": "https://www.woolworths.com.au/shop/productdetails/924896/brownes-dairy-vintage-club-cheddar-cheese",
    "name": "Brownes Dairy Vintage Club Cheddar Cheese 200g",
    "image_url": "https://cdn1.woolworths.media/content/wowproductimages/large/924896.jpg",
    "source_id": "Woolworths - 924896",
    "barcode": "9300662891673",
    "shop": "Woolworths",
    "weight": "1KG",
    "prices": [
      {
        "state": "WA",
        "price": "680",
        "price_per_unit": "3400",
        "price_unit": "KG"
      },
      {
        "state": "WA",
        "price": "680",
        "price_per_unit": "3400",
        "price_unit": "KG"
      }
    ]
  },
  {
    "source_url": "https://www.woolworths.com.au/shop/productdetails/116990/brownes-dairy-mature-cheddar-block",
    "name": "Brownes Mature Cheddar Block 400g",
    "image_url": "https://cdn1.woolworths.media/content/wowproductimages/large/116990.jpg",
    "source_id": "Woolworths - 116990",
    "barcode": "9300662888307",
    "shop": "Woolworths",
    "weight": "1KG",
    "prices": [
      {
        "state": "WA",
        "price": "840",
        "price_per_unit": "2100",
        "price_unit": "KG"
      },
      {
        "state": "WA",
        "price": "840",
        "price_per_unit": "2100",
        "price_unit": "KG"
      }
    ]
  },
  {
    "source_url": "https://www.woolworths.com.au/shop/productdetails/118843/brownes-dairy-vintage-cheddar-cheese",
    "name": "Brownes Vintage Cheddar Cheese 200g",
    "image_url": "https://cdn1.woolworths.media/content/wowproductimages/large/118843.jpg",
    "source_id": "Woolworths - 118843",
    "barcode": "9300662888314",
    "shop": "Woolworths",
    "weight": "1KG",
    "prices": [
      {
        "state": "WA",
        "price": "680",
        "price_per_unit": "3400",
        "price_unit": "KG"
      },
      {
        "state": "WA",
        "price": "680",
        "price_per_unit": "3400",
        "price_unit": "KG"
      }
    ]
  },
  {
    "source_url": "https://www.woolworths.com.au/shop/productdetails/614086/la-casa-del-formaggio-traditional-ricotta-from-the-deli",
    "name": "La Casa Del Formaggio Traditional Ricotta from The Deli per Kg",
    "image_url": "https://cdn1.woolworths.media/content/wowproductimages/large/614086.jpg",
    "source_id": "Woolworths - 614086",
    "barcode": "0273788000009",
    "shop": "Woolworths",
    "weight": "1KG",
    "prices": [
      {
        "state": "WA",
        "price": "1100",
        "price_per_unit": "1100",
        "price_unit": "KG"
      },
      {
        "state": "TAS",
        "price": "1100",
        "price_per_unit": "1100",
        "price_unit": "KG"
      }
    ]
  },
  {
    "source_url": "https://www.woolworths.com.au/shop/productdetails/763130/la-casa-del-formaggio-grated-pecorino-cheese-cheese",
    "name": "La Casa Del Formaggio Grated Pecorino Cheese 500g",
    "image_url": "https://cdn1.woolworths.media/content/wowproductimages/large/763130.jpg",
    "source_id": "Woolworths - 763130",
    "barcode": "9324924000320",
    "shop": "Woolworths",
    "weight": "1KG",
    "prices": [
      {
        "state": "SA",
        "price": "1160",
        "price_per_unit": "2320",
        "price_unit": "KG"
      },
      {
        "state": "SA",
        "price": "1160",
        "price_per_unit": "2320",
        "price_unit": "KG"
      }
    ]
  },
  {
    "source_url": "https://www.woolworths.com.au/shop/productdetails/180725/udder-delights-camembert",
    "name": "Udder Delights Camembert 200g",
    "image_url": "https://cdn1.woolworths.media/content/wowproductimages/large/180725.jpg",
    "source_id": "Woolworths - 180725",
    "barcode": "9339929000107",
    "shop": "Woolworths",
    "weight": "1KG",
    "prices": [
      {
        "state": "SA",
        "price": "900",
        "price_per_unit": "4500",
        "price_unit": "KG"
      },
      {
        "state": "SA",
        "price": "900",
        "price_per_unit": "4500",
        "price_unit": "KG"
      }
    ]
  },
  {
    "source_url": "https://www.woolworths.com.au/shop/productdetails/724318/udder-delights-double-cream-brie-cheese",
    "name": "Udder Delights Double Cream Brie Cheese 200g",
    "image_url": "https://cdn1.woolworths.media/content/wowproductimages/large/724318.jpg",
    "source_id": "Woolworths - 724318",
    "barcode": "9339929000169",
    "shop": "Woolworths",
    "weight": "1KG",
    "prices": [
      {
        "state": "SA",
        "price": "900",
        "price_per_unit": "4500",
        "price_unit": "KG"
      },
      {
        "state": "SA",
        "price": "900",
        "price_per_unit": "4500",
        "price_unit": "KG"
      }
    ]
  },
  {
    "source_url": "https://www.woolworths.com.au/shop/productdetails/219204/udder-delights-mature-cheddar-cheese",
    "name": "Udder Delights Mature Cheddar Cheese 200g",
    "image_url": "https://cdn1.woolworths.media/content/wowproductimages/large/219204.jpg",
    "source_id": "Woolworths - 219204",
    "barcode": "9339929001579",
    "shop": "Woolworths",
    "weight": "1KG",
    "prices": [
      {
        "state": "SA",
        "price": "990",
        "price_per_unit": "4950",
        "price_unit": "KG"
      },
      {
        "state": "SA",
        "price": "990",
        "price_per_unit": "4950",
        "price_unit": "KG"
      },
      {
        "state": "NT",
        "price": "990",
        "price_per_unit": "4950",
        "price_unit": "KG"
      },
      {
        "state": "NT",
        "price": "990",
        "price_per_unit": "4950",
        "price_unit": "KG"
      }
    ]
  },
  {
    "source_url": "https://www.woolworths.com.au/shop/productdetails/790594/woolworths-monterey-jack-jalapeno-cheese-jalapeno",
    "name": "Woolworths Monterey Jack Jalapeno Cheese Jalapeno Per Kg",
    "image_url": "https://cdn1.woolworths.media/content/wowproductimages/large/790594.jpg",
    "source_id": "Woolworths - 790594",
    "barcode": "0274402000009",
    "shop": "Woolworths",
    "weight": "1KG",
    "prices": [
      {
        "state": "SA",
        "price": "3900",
        "price_per_unit": "3900",
        "price_unit": "KG"
      },
      {
        "state": "SA",
        "price": "3900",
        "price_per_unit": "3900",
        "price_unit": "KG"
      }
    ]
  },
  {
    "source_url": "https://www.woolworths.com.au/shop/productdetails/739751/ashgrove-bush-pepper-cheese",
    "name": "Ashgrove Bush Pepper Cheese 140g",
    "image_url": "https://cdn1.woolworths.media/content/wowproductimages/large/739751.jpg",
    "source_id": "Woolworths - 739751",
    "barcode": "9325163001680",
    "shop": "Woolworths",
    "weight": "1KG",
    "prices": [
      {
        "state": "TAS",
        "price": "600",
        "price_per_unit": "4286",
        "price_unit": "KG"
      },
      {
        "state": "TAS",
        "price": "600",
        "price_per_unit": "4286",
        "price_unit": "KG"
      }
    ]
  },
  {
    "source_url": "https://www.woolworths.com.au/shop/productdetails/238386/ashgrove-hells-gate-havarti-jalapeno-cheese",
    "name": "Ashgrove Hells Gate Havarti Jalapeno Cheese 140g",
    "image_url": "https://cdn1.woolworths.media/content/wowproductimages/large/238386.jpg",
    "source_id": "Woolworths - 238386",
    "barcode": "9325163004711",
    "shop": "Woolworths",
    "weight": "1KG",
    "prices": [
      {
        "state": "TAS",
        "price": "600",
        "price_per_unit": "4286",
        "price_unit": "KG"
      },
      {
        "state": "TAS",
        "price": "600",
        "price_per_unit": "4286",
        "price_unit": "KG"
      }
    ]
  },
  {
    "source_url": "https://www.woolworths.com.au/shop/productdetails/219172/ashgrove-lake-burbury-tasmanian-smoked-havarti",
    "name": "Ashgrove Lake Burbury Tasmanian Smoked Havarti 140g",
    "image_url": "https://cdn1.woolworths.media/content/wowproductimages/large/219172.jpg",
    "source_id": "Woolworths - 219172",
    "barcode": "9325163004704",
    "shop": "Woolworths",
    "weight": "1KG",
    "prices": [
      {
        "state": "TAS",
        "price": "600",
        "price_per_unit": "4286",
        "price_unit": "KG"
      },
      {
        "state": "TAS",
        "price": "600",
        "price_per_unit": "4286",
        "price_unit": "KG"
      }
    ]
  },
  {
    "source_url": "https://www.woolworths.com.au/shop/productdetails/323991/ashgrove-mr-bennetts-strong-blue-cheese",
    "name": "Ashgrove Mr Bennetts Strong Blue Cheese 120g",
    "image_url": "https://cdn1.woolworths.media/content/wowproductimages/large/323991.jpg",
    "source_id": "Woolworths - 323991",
    "barcode": "9325163001710",
    "shop": "Woolworths",
    "weight": "1KG",
    "prices": [
      {
        "state": "TAS",
        "price": "680",
        "price_per_unit": "5667",
        "price_unit": "KG"
      },
      {
        "state": "TAS",
        "price": "680",
        "price_per_unit": "5667",
        "price_unit": "KG"
      }
    ]
  },
  {
    "source_url": "https://www.woolworths.com.au/shop/productdetails/323977/ashgrove-premium-vintage-cheddar-cheese",
    "name": "Ashgrove Premium Vintage Cheddar Cheese 140g",
    "image_url": "https://cdn1.woolworths.media/content/wowproductimages/large/323977.jpg",
    "source_id": "Woolworths - 323977",
    "barcode": "9325163001604",
    "shop": "Woolworths",
    "weight": "1KG",
    "prices": [
      {
        "state": "TAS",
        "price": "600",
        "price_per_unit": "4286",
        "price_unit": "KG"
      },
      {
        "state": "TAS",
        "price": "600",
        "price_per_unit": "4286",
        "price_unit": "KG"
      }
    ]
  },
  {
    "source_url": "https://www.woolworths.com.au/shop/productdetails/323979/ashgrove-tassie-trio-cheddar-cheese",
    "name": "Ashgrove Tassie Trio Cheddar Cheese 140g",
    "image_url": "https://cdn1.woolworths.media/content/wowproductimages/large/323979.jpg",
    "source_id": "Woolworths - 323979",
    "barcode": "9325163001635",
    "shop": "Woolworths",
    "weight": "1KG",
    "prices": [
      {
        "state": "TAS",
        "price": "600",
        "price_per_unit": "4286",
        "price_unit": "KG"
      },
      {
        "state": "TAS",
        "price": "600",
        "price_per_unit": "4286",
        "price_unit": "KG"
      }
    ]
  },
  {
    "source_url": "https://www.woolworths.com.au/shop/productdetails/323980/ashgrove-wild-wasabi-cheddar-cheese",
    "name": "Ashgrove Wild Wasabi Cheddar Cheese 140g",
    "image_url": "https://cdn1.woolworths.media/content/wowproductimages/large/323980.jpg",
    "source_id": "Woolworths - 323980",
    "barcode": "9325163001673",
    "shop": "Woolworths",
    "weight": "1KG",
    "prices": [
      {
        "state": "TAS",
        "price": "600",
        "price_per_unit": "4286",
        "price_unit": "KG"
      },
      {
        "state": "TAS",
        "price": "600",
        "price_per_unit": "4286",
        "price_unit": "KG"
      }
    ]
  },
  {
    "source_url": "https://www.woolworths.com.au/shop/productdetails/67278/king-island-dairy-victoria-cove-smoked-camembert-cheese",
    "name": "King Island Dairy Victoria Cove Smoked Camembert Cheese 200g",
    "image_url": "https://cdn1.woolworths.media/content/wowproductimages/large/067278.jpg",
    "source_id": "Woolworths - 67278",
    "barcode": "9314441713100",
    "shop": "Woolworths",
    "weight": "1KG",
    "prices": [
      {
        "state": "TAS",
        "price": "890",
        "price_per_unit": "4450",
        "price_unit": "KG"
      },
      {
        "state": "TAS",
        "price": "890",
        "price_per_unit": "4450",
        "price_unit": "KG"
      },
      {
        "state": "NT",
        "price": "890",
        "price_per_unit": "4450",
        "price_unit": "KG"
      },
      {
        "state": "NT",
        "price": "890",
        "price_per_unit": "4450",
        "price_unit": "KG"
      }
    ]
  },
  {
    "source_url": "https://www.woolworths.com.au/shop/productdetails/573380/le-dauphin-double-creme-cheese",
    "name": "Le Dauphin Double Creme Cheese 200g",
    "image_url": "https://cdn1.woolworths.media/content/wowproductimages/large/573380.jpg",
    "source_id": "Woolworths - 573380",
    "barcode": "3263091002187",
    "shop": "Woolworths",
    "weight": "1KG",
    "prices": [
      null
    ]
  },
  {
    "source_url": "https://www.woolworths.com.au/shop/productdetails/369980/frico-maasdam-sliced-cheese",
    "name": "Frico Maasdam Sliced Cheese Per Kg",
    "image_url": "https://cdn1.woolworths.media/content/wowproductimages/large/369980.jpg",
    "source_id": "Woolworths - 369980",
    "barcode": "0271586000009",
    "shop": "Woolworths",
    "weight": "1KG",
    "prices": [
      null
    ]
  },
  {
    "source_url": "https://www.woolworths.com.au/shop/productdetails/238005/melbourne-cheese-company-truffle-infused-goats-cheese",
    "name": "Melbourne Cheese Company Truffle Infused Goats Cheese 250g",
    "image_url": "https://cdn1.woolworths.media/content/wowproductimages/large/238005.jpg",
    "source_id": "Woolworths - 238005",
    "barcode": "9322515038158",
    "shop": "Woolworths",
    "weight": "1KG",
    "prices": [
      {
        "state": "ACT",
        "price": "1200",
        "price_per_unit": "4286",
        "price_unit": "KG"
      },
      {
        "state": "ACT",
        "price": "1200",
        "price_per_unit": "4286",
        "price_unit": "KG"
      }
    ]
  },
  {
    "source_url": "https://www.woolworths.com.au/shop/productdetails/815592/paris-creek-farms-triple-cream-brie",
    "name": "Paris Creek Farms Triple Cream Brie 280g",
    "image_url": "https://cdn1.woolworths.media/content/wowproductimages/large/815592.jpg",
    "source_id": "Woolworths - 815592",
    "barcode": "9316086001437",
    "shop": "Woolworths",
    "weight": "1KG",
    "prices": [
      {
        "state": "NT",
        "price": "1180",
        "price_per_unit": "4214",
        "price_unit": "KG"
      },
      {
        "state": "NT",
        "price": "1180",
        "price_per_unit": "4214",
        "price_unit": "KG"
      }
    ]
  },
  {
    "source_url": "https://www.woolworths.com.au/shop/productdetails/815661/paris-creek-farms-triple-cream-camembert",
    "name": "Paris Creek Farms Triple Cream Camembert 280g",
    "image_url": "https://cdn1.woolworths.media/content/wowproductimages/large/815661.jpg",
    "source_id": "Woolworths - 815661",
    "barcode": "9316086001703",
    "shop": "Woolworths",
    "weight": "1KG",
    "prices": [
      {
        "state": "NT",
        "price": "1180",
        "price_per_unit": "4214",
        "price_unit": "KG"
      },
      {
        "state": "NT",
        "price": "1180",
        "price_per_unit": "4214",
        "price_unit": "KG"
      }
    ]
  },
  {
    "source_url": "https://www.woolworths.com.au/shop/productdetails/219423/udder-delights-heysen-blue-cheese",
    "name": "Udder Delights Heysen Blue Cheese 100g",
    "image_url": "https://cdn1.woolworths.media/content/wowproductimages/large/219423.jpg",
    "source_id": "Woolworths - 219423",
    "barcode": "9339929001586",
    "shop": "Woolworths",
    "weight": "1KG",
    "prices": [
      {
        "state": "NT",
        "price": "910",
        "price_per_unit": "9100",
        "price_unit": "KG"
      },
      {
        "state": "NT",
        "price": "910",
        "price_per_unit": "9100",
        "price_unit": "KG"
      }
    ]
  }
]