[
  {
    "source_url": "https://www.woolworths.com.au/shop/productdetails/255174/bertocchi-authentic-leg-ham-boneless",
    "name": "Bertocchi Authentic Leg Ham Boneless 500g - 1kg",
    "image_url": "https://cdn1.woolworths.media/content/wowproductimages/large/255174.jpg",
    "source_id": "Woolworths - 255174",
    "barcode": "2893690000003",
    "shop": "Woolworths",
    "weight": "1KG",
    "prices": [
      {
        "state": "NSW",
        "price": "2450",
        "price_per_unit": "2450",
        "price_unit": "KG"
      },
      {
        "state": "VIC",
        "price": "2450",
        "price_per_unit": "2450",
        "price_unit": "KG"
      },
      {
        "state": "QLD",
        "price": "2450",
        "price_per_unit": "2450",
        "price_unit": "KG"
      },
      {
        "state": "WA",
        "price": "2450",
        "price_per_unit": "2450",
        "price_unit": "KG"
      },
      {
        "state": "SA",
        "price": "2450",
        "price_per_unit": "2450",
        "price_unit": "KG"
      },
      {
        "state": "TAS",
        "price": "2450",
        "price_per_unit": "2450",
        "price_unit": "KG"
      },
      {
        "state": "ACT",
        "price": "2450",
        "price_per_unit": "2450",
        "price_unit": "KG"
      },
      {
        "state": "NT",
        "price": "2450",
        "price_per_unit": "2450",
        "price_unit": "KG"
      },
      {
        "state": "NSW",
        "price": "2450",
        "price_per_unit": "2450",
        "price_unit": "KG"
      },
      {
        "state": "VIC",
        "price": "2450",
        "price_per_unit": "2450",
        "price_unit": "KG"
      },
      {
        "state": "QLD",
        "price": "2450",
        "price_per_unit": "2450",
        "price_unit": "KG"
      },
      {
        "state": "WA",
        "price": "2450",
        "price_per_unit": "2450",
        "price_unit": "KG"
      },
      {
        "state": "SA",
        "price": "2450",
        "price_per_unit": "2450",
        "price_unit": "KG"
      },
      {
        "state": "TAS",
        "price": "2450",
        "price_per_unit": "2450",
        "price_unit": "KG"
      },
      {
        "state": "ACT",
        "price": "2450",
        "price_per_unit": "2450",
        "price_unit": "KG"
      },
      {
        "state": "NT",
        "price": "2450",
        "price_per_unit": "2450",
        "price_unit": "KG"
      }
    ]
  },
  {
    "source_url": "https://www.woolworths.com.au/shop/productdetails/354374/bertocchi-authentic-leg-ham-triple-smoked",
    "name": "Bertocchi Authentic Leg Ham Triple Smoked 500g - 950g",
    "image_url": "https://cdn1.woolworths.media/content/wowproductimages/large/354374.jpg",
    "source_id": "Woolworths - 354374",
    "barcode": "2444650000009",
    "shop": "Woolworths",
    "weight": "1KG",
    "prices": [
      {
        "state": "NSW",
        "price": "2328",
        "price_per_unit": "2450",
        "price_unit": "KG"
      },
      {
        "state": "VIC",
        "price": "2328",
        "price_per_unit": "2450",
        "price_unit": "KG"
      },
      {
        "state": "WA",
        "price": "2328",
        "price_per_unit": "2450",
        "price_unit": "KG"
      },
      {
        "state": "SA",
        "price": "2328",
        "price_per_unit": "2450",
        "price_unit": "KG"
      },
      {
        "state": "TAS",
        "price": "2328",
        "price_per_unit": "2450",
        "price_unit": "KG"
      },
      {
        "state": "ACT",
        "price": "2328",
        "price_per_unit": "2450",
        "price_unit": "KG"
      },
      {
        "state": "NT",
        "price": "2328",
        "price_per_unit": "2450",
        "price_unit": "KG"
      },
      {
        "state": "NSW",
        "price": "2328",
        "price_per_unit": "2450",
        "price_unit": "KG"
      },
      {
        "state": "VIC",
        "price": "2328",
        "price_per_unit": "2450",
        "price_unit": "KG"
      },
      {
        "state": "WA",
        "price": "2328",
        "price_per_unit": "2450",
        "price_unit": "KG"
      },
      {
        "state": "SA",
        "price": "2328",
        "price_per_unit": "2450",
        "price_unit": "KG"
      },
      {
        "state": "TAS",
        "price": "2328",
        "price_per_unit": "2450",
        "price_unit": "KG"
      },
      {
        "state": "ACT",
        "price": "2328",
        "price_per_unit": "2450",
        "price_unit": "KG"
      },
      {
        "state": "NT",
        "price": "2328",
        "price_per_unit": "2450",
        "price_unit": "KG"
      }
    ]
  },
  {
    "source_url": "https://www.woolworths.com.au/shop/productdetails/382774/bertocchi-bacon-short-rindless",
    "name": "Bertocchi Bacon Short Rindless 500g",
    "image_url": "https://cdn1.woolworths.media/content/wowproductimages/large/382774.jpg",
    "source_id": "Woolworths - 382774",
    "barcode": "9310591401034",
    "shop": "Woolworths",
    "weight": "1KG",
    "prices": [
      null
    ]
  },
  {
    "source_url": "https://www.woolworths.com.au/shop/productdetails/6000087/bertocchi-gold-long-rindless-premium-bacon",
    "name": "Bertocchi Gold Long Rindless Premium Bacon 400g",
    "image_url": "https://cdn1.woolworths.media/content/wowproductimages/large/6000087.jpg",
    "source_id": "Woolworths - 6000087",
    "barcode": "9310591503288",
    "shop": "Woolworths",
    "weight": "1KG",
    "prices": [
      {
        "state": "NSW",
        "price": "1200",
        "price_per_unit": "3000",
        "price_unit": "KG"
      },
      {
        "state": "VIC",
        "price": "1200",
        "price_per_unit": "3000",
        "price_unit": "KG"
      },
      {
        "state": "QLD",
        "price": "1200",
        "price_per_unit": "3000",
        "price_unit": "KG"
      },
      {
        "state": "WA",
        "price": "1200",
        "price_per_unit": "3000",
        "price_unit": "KG"
      },
      {
        "state": "SA",
        "price": "1200",
        "price_per_unit": "3000",
        "price_unit": "KG"
      },
      {
        "state": "ACT",
        "price": "1200",
        "price_per_unit": "3000",
        "price_unit": "KG"
      },
      {
        "state": "NT",
        "price": "1200",
        "price_per_unit": "3000",
        "price_unit": "KG"
      },
      {
        "state": "NSW",
        "price": "1200",
        "price_per_unit": "3000",
        "price_unit": "KG"
      },
      {
        "state": "VIC",
        "price": "1200",
        "price_per_unit": "3000",
        "price_unit": "KG"
      },
      {
        "state": "QLD",
        "price": "1200",
        "price_per_unit": "3000",
        "price_unit": "KG"
      },
      {
        "state": "WA",
        "price": "1200",
        "price_per_unit": "3000",
        "price_unit": "KG"
      },
      {
        "state": "SA",
        "price": "1200",
        "price_per_unit": "3000",
        "price_unit": "KG"
      },
      {
        "state": "ACT",
        "price": "1200",
        "price_per_unit": "3000",
        "price_unit": "KG"
      },
      {
        "state": "NT",
        "price": "1200",
        "price_per_unit": "3000",
        "price_unit": "KG"
      }
    ]
  },
  {
    "source_url": "https://www.woolworths.com.au/shop/productdetails/6000621/bertocchi-gold-short-rindless-premium-bacon",
    "name": "Bertocchi Gold Short Rindless Premium Bacon 400g",
    "image_url": "https://cdn1.woolworths.media/content/wowproductimages/large/6000621.jpg",
    "source_id": "Woolworths - 6000621",
    "barcode": "9310591503271",
    "shop": "Woolworths",
    "weight": "1KG",
    "prices": [
      {
        "state": "NSW",
        "price": "1200",
        "price_per_unit": "3000",
        "price_unit": "KG"
      },
      {
        "state": "VIC",
        "price": "1200",
        "price_per_unit": "3000",
        "price_unit": "KG"
      },
      {
        "state": "QLD",
        "price": "1200",
        "price_per_unit": "3000",
        "price_unit": "KG"
      },
      {
        "state": "WA",
        "price": "1200",
        "price_per_unit": "3000",
        "price_unit": "KG"
      },
      {
        "state": "SA",
        "price": "1200",
        "price_per_unit": "3000",
        "price_unit": "KG"
      },
      {
        "state": "TAS",
        "price": "1200",
        "price_per_unit": "3000",
        "price_unit": "KG"
      },
      {
        "state": "ACT",
        "price": "1200",
        "price_per_unit": "3000",
        "price_unit": "KG"
      },
      {
        "state": "NT",
        "price": "1200",
        "price_per_unit": "3000",
        "price_unit": "KG"
      },
      {
        "state": "NSW",
        "price": "1200",
        "price_per_unit": "3000",
        "price_unit": "KG"
      },
      {
        "state": "VIC",
        "price": "1200",
        "price_per_unit": "3000",
        "price_unit": "KG"
      },
      {
        "state": "QLD",
        "price": "1200",
        "price_per_unit": "3000",
        "price_unit": "KG"
      },
      {
        "state": "WA",
        "price": "1200",
        "price_per_unit": "3000",
        "price_unit": "KG"
      },
      {
        "state": "SA",
        "price": "1200",
        "price_per_unit": "3000",
        "price_unit": "KG"
      },
      {
        "state": "TAS",
        "price": "1200",
        "price_per_unit": "3000",
        "price_unit": "KG"
      },
      {
        "state": "ACT",
        "price": "1200",
        "price_per_unit": "3000",
        "price_unit": "KG"
      },
      {
        "state": "NT",
        "price": "1200",
        "price_per_unit": "3000",
        "price_unit": "KG"
      }
    ]
  },
  {
    "source_url": "https://www.woolworths.com.au/shop/productdetails/6000632/bertocchi-pan-sized-premium-bacon",
    "name": "Bertocchi Pan Sized Premium Bacon 400g",
    "image_url": "https://cdn1.woolworths.media/content/wowproductimages/large/6000632.jpg",
    "source_id": "Woolworths - 6000632",
    "barcode": "9310591506128",
    "shop": "Woolworths",
    "weight": "1KG",
    "prices": [
      {
        "state": "NSW",
        "price": "1200",
        "price_per_unit": "3000",
        "price_unit": "KG"
      },
      {
        "state": "VIC",
        "price": "1200",
        "price_per_unit": "3000",
        "price_unit": "KG"
      },
      {
        "state": "QLD",
        "price": "1200",
        "price_per_unit": "3000",
        "price_unit": "KG"
      },
      {
        "state": "WA",
        "price": "1200",
        "price_per_unit": "3000",
        "price_unit": "KG"
      },
      {
        "state": "SA",
        "price": "1200",
        "price_per_unit": "3000",
        "price_unit": "KG"
      },
      {
        "state": "TAS",
        "price": "1200",
        "price_per_unit": "3000",
        "price_unit": "KG"
      },
      {
        "state": "ACT",
        "price": "1200",
        "price_per_unit": "3000",
        "price_unit": "KG"
      },
      {
        "state": "NT",
        "price": "1200",
        "price_per_unit": "3000",
        "price_unit": "KG"
      },
      {
        "state": "NSW",
        "price": "1200",
        "price_per_unit": "3000",
        "price_unit": "KG"
      },
      {
        "state": "VIC",
        "price": "1200",
        "price_per_unit": "3000",
        "price_unit": "KG"
      },
      {
        "state": "QLD",
        "price": "1200",
        "price_per_unit": "3000",
        "price_unit": "KG"
      },
      {
        "state": "WA",
        "price": "1200",
        "price_per_unit": "3000",
        "price_unit": "KG"
      },
      {
        "state": "SA",
        "price": "1200",
        "price_per_unit": "3000",
        "price_unit": "KG"
      },
      {
        "state": "TAS",
        "price": "1200",
        "price_per_unit": "3000",
        "price_unit": "KG"
      },
      {
        "state": "ACT",
        "price": "1200",
        "price_per_unit": "3000",
        "price_unit": "KG"
      },
      {
        "state": "NT",
        "price": "1200",
        "price_per_unit": "3000",
        "price_unit": "KG"
      }
    ]
  },
  {
    "source_url": "https://www.woolworths.com.au/shop/productdetails/390399/bertocchi-traditional-flat-pancetta-with-black-pepper",
    "name": "Bertocchi Traditional Flat Pancetta With Black Pepper 230g - 350g",
    "image_url": "https://cdn1.woolworths.media/content/wowproductimages/large/390399.jpg",
    "source_id": "Woolworths - 390399",
    "barcode": "2293370000000",
    "shop": "Woolworths",
    "weight": "1KG",
    "prices": [
      {
        "state": "NSW",
        "price": "1470",
        "price_per_unit": "4200",
        "price_unit": "KG"
      },
      {
        "state": "VIC",
        "price": "1470",
        "price_per_unit": "4200",
        "price_unit": "KG"
      },
      {
        "state": "QLD",
        "price": "1470",
        "price_per_unit": "4200",
        "price_unit": "KG"
      },
      {
        "state": "WA",
        "price": "1470",
        "price_per_unit": "4200",
        "price_unit": "KG"
      },
      {
        "state": "SA",
        "price": "1470",
        "price_per_unit": "4200",
        "price_unit": "KG"
      },
      {
        "state": "ACT",
        "price": "1470",
        "price_per_unit": "4200",
        "price_unit": "KG"
      },
      {
        "state": "NT",
        "price": "1470",
        "price_per_unit": "4200",
        "price_unit": "KG"
      },
      {
        "state": "NSW",
        "price": "1470",
        "price_per_unit": "4200",
        "price_unit": "KG"
      },
      {
        "state": "VIC",
        "price": "1470",
        "price_per_unit": "4200",
        "price_unit": "KG"
      },
      {
        "state": "QLD",
        "price": "1470",
        "price_per_unit": "4200",
        "price_unit": "KG"
      },
      {
        "state": "WA",
        "price": "1470",
        "price_per_unit": "4200",
        "price_unit": "KG"
      },
      {
        "state": "SA",
        "price": "1470",
        "price_per_unit": "4200",
        "price_unit": "KG"
      },
      {
        "state": "ACT",
        "price": "1470",
        "price_per_unit": "4200",
        "price_unit": "KG"
      },
      {
        "state": "NT",
        "price": "1470",
        "price_per_unit": "4200",
        "price_unit": "KG"
      }
    ]
  },
  {
    "source_url": "https://www.woolworths.com.au/shop/productdetails/763087/d-orsogna-bacon-streaky",
    "name": "D'Orsogna Bacon Streaky 200g",
    "image_url": "https://cdn1.woolworths.media/content/wowproductimages/large/763087.jpg",
    "source_id": "Woolworths - 763087",
    "barcode": "9300767093361",
    "shop": "Woolworths",
    "weight": "1KG",
    "prices": [
      {
        "state": "NSW",
        "price": "750",
        "price_per_unit": "3750",
        "price_unit": "KG"
      },
      {
        "state": "VIC",
        "price": "750",
        "price_per_unit": "3750",
        "price_unit": "KG"
      },
      {
        "state": "QLD",
        "price": "750",
        "price_per_unit": "3750",
        "price_unit": "KG"
      },
      {
        "state": "WA",
        "price": "750",
        "price_per_unit": "3750",
        "price_unit": "KG"
      },
      {
        "state": "SA",
        "price": "750",
        "price_per_unit": "3750",
        "price_unit": "KG"
      },
      {
        "state": "TAS",
        "price": "750",
        "price_per_unit": "3750",
        "price_unit": "KG"
      },
      {
        "state": "ACT",
        "price": "750",
        "price_per_unit": "3750",
        "price_unit": "KG"
      },
      {
        "state": "NT",
        "price": "600",
        "price_per_unit": "3000",
        "price_unit": "KG"
      },
      {
        "state": "NSW",
        "price": "600",
        "price_per_unit": "3000",
        "price_unit": "KG"
      },
      {
        "state": "VIC",
        "price": "600",
        "price_per_unit": "3000",
        "price_unit": "KG"
      },
      {
        "state": "QLD",
        "price": "600",
        "price_per_unit": "3000",
        "price_unit": "KG"
      },
      {
        "state": "WA",
        "price": "600",
        "price_per_unit": "3000",
        "price_unit": "KG"
      },
      {
        "state": "SA",
        "price": "600",
        "price_per_unit": "3000",
        "price_unit": "KG"
      },
      {
        "state": "TAS",
        "price": "600",
        "price_per_unit": "3000",
        "price_unit": "KG"
      },
      {
        "state": "ACT",
        "price": "600",
        "price_per_unit": "3000",
        "price_unit": "KG"
      },
      {
        "state": "NT",
        "price": "600",
        "price_per_unit": "3000",
        "price_unit": "KG"
      }
    ]
  },
  {
    "source_url": "https://www.woolworths.com.au/shop/productdetails/189339/d-orsogna-ham-royale",
    "name": "D'Orsogna Ham Royale 800g - 1kg",
    "image_url": "https://cdn1.woolworths.media/content/wowproductimages/large/189339.jpg",
    "source_id": "Woolworths - 189339",
    "barcode": "0230230000000",
    "shop": "Woolworths",
    "weight": "1KG",
    "prices": [
      null,
      {
        "state": "WA",
        "price": "2100",
        "price_per_unit": "2100",
        "price_unit": "KG"
      }
    ]
  },
  {
    "source_url": "https://www.woolworths.com.au/shop/productdetails/580253/d-orsogna-honey-leg-ham",
    "name": "D'Orsogna Honey Leg Ham 850g",
    "image_url": "https://cdn1.woolworths.media/content/wowproductimages/large/580253.jpg",
    "source_id": "Woolworths - 580253",
    "barcode": "9300767080101",
    "shop": "Woolworths",
    "weight": "1KG",
    "prices": [
      {
        "state": "NSW",
        "price": "1575",
        "price_per_unit": "1853",
        "price_unit": "KG"
      },
      {
        "state": "VIC",
        "price": "1575",
        "price_per_unit": "1853",
        "price_unit": "KG"
      },
      {
        "state": "QLD",
        "price": "1575",
        "price_per_unit": "1853",
        "price_unit": "KG"
      },
      {
        "state": "WA",
        "price": "1575",
        "price_per_unit": "1853",
        "price_unit": "KG"
      },
      {
        "state": "SA",
        "price": "1575",
        "price_per_unit": "1853",
        "price_unit": "KG"
      },
      {
        "state": "ACT",
        "price": "1900",
        "price_per_unit": "2235",
        "price_unit": "KG"
      },
      {
        "state": "NT",
        "price": "1575",
        "price_per_unit": "1853",
        "price_unit": "KG"
      },
      {
        "state": "NSW",
        "price": "1575",
        "price_per_unit": "1853",
        "price_unit": "KG"
      },
      {
        "state": "QLD",
        "price": "1575",
        "price_per_unit": "1853",
        "price_unit": "KG"
      },
      {
        "state": "WA",
        "price": "1575",
        "price_per_unit": "1853",
        "price_unit": "KG"
      },
      {
        "state": "SA",
        "price": "1575",
        "price_per_unit": "1853",
        "price_unit": "KG"
      },
      {
        "state": "ACT",
        "price": "1575",
        "price_per_unit": "1853",
        "price_unit": "KG"
      },
      {
        "state": "NT",
        "price": "1575",
        "price_per_unit": "1853",
        "price_unit": "KG"
      }
    ]
  },
  {
    "source_url": "https://www.woolworths.com.au/shop/productdetails/533193/d-orsogna-maple-glazed-streaky-bacon",
    "name": "D'Orsogna Maple Glazed Streaky Bacon 200g",
    "image_url": "https://cdn1.woolworths.media/content/wowproductimages/large/533193.jpg",
    "source_id": "Woolworths - 533193",
    "barcode": "9300767080019",
    "shop": "Woolworths",
    "weight": "1KG",
    "prices": [
      {
        "state": "NSW",
        "price": "750",
        "price_per_unit": "3750",
        "price_unit": "KG"
      },
      {
        "state": "VIC",
        "price": "750",
        "price_per_unit": "3750",
        "price_unit": "KG"
      },
      {
        "state": "QLD",
        "price": "750",
        "price_per_unit": "3750",
        "price_unit": "KG"
      },
      {
        "state": "WA",
        "price": "750",
        "price_per_unit": "3750",
        "price_unit": "KG"
      },
      {
        "state": "SA",
        "price": "750",
        "price_per_unit": "3750",
        "price_unit": "KG"
      },
      {
        "state": "TAS",
        "price": "750",
        "price_per_unit": "3750",
        "price_unit": "KG"
      },
      {
        "state": "ACT",
        "price": "750",
        "price_per_unit": "3750",
        "price_unit": "KG"
      },
      {
        "state": "NT",
        "price": "600",
        "price_per_unit": "3000",
        "price_unit": "KG"
      },
      {
        "state": "NSW",
        "price": "600",
        "price_per_unit": "3000",
        "price_unit": "KG"
      },
      {
        "state": "VIC",
        "price": "600",
        "price_per_unit": "3000",
        "price_unit": "KG"
      },
      {
        "state": "QLD",
        "price": "600",
        "price_per_unit": "3000",
        "price_unit": "KG"
      },
      {
        "state": "WA",
        "price": "600",
        "price_per_unit": "3000",
        "price_unit": "KG"
      },
      {
        "state": "SA",
        "price": "600",
        "price_per_unit": "3000",
        "price_unit": "KG"
      },
      {
        "state": "TAS",
        "price": "600",
        "price_per_unit": "3000",
        "price_unit": "KG"
      },
      {
        "state": "ACT",
        "price": "600",
        "price_per_unit": "3000",
        "price_unit": "KG"
      },
      {
        "state": "NT",
        "price": "600",
        "price_per_unit": "3000",
        "price_unit": "KG"
      }
    ]
  },
  {
    "source_url": "https://www.woolworths.com.au/shop/productdetails/580252/d-orsogna-mini-champagne-leg-ham",
    "name": "D'Orsogna Mini Champagne Leg Ham 850g",
    "image_url": "https://cdn1.woolworths.media/content/wowproductimages/large/580252.jpg",
    "source_id": "Woolworths - 580252",
    "barcode": "9300767080095",
    "shop": "Woolworths",
    "weight": "1KG",
    "prices": [
      {
        "state": "NSW",
        "price": "1575",
        "price_per_unit": "1853",
        "price_unit": "KG"
      },
      {
        "state": "VIC",
        "price": "1575",
        "price_per_unit": "1853",
        "price_unit": "KG"
      },
      {
        "state": "WA",
        "price": "1575",
        "price_per_unit": "1853",
        "price_unit": "KG"
      },
      {
        "state": "SA",
        "price": "1575",
        "price_per_unit": "1853",
        "price_unit": "KG"
      },
      {
        "state": "ACT",
        "price": "1900",
        "price_per_unit": "2235",
        "price_unit": "KG"
      },
      {
        "state": "NT",
        "price": "1575",
        "price_per_unit": "1853",
        "price_unit": "KG"
      },
      {
        "state": "NSW",
        "price": "1575",
        "price_per_unit": "1853",
        "price_unit": "KG"
      },
      {
        "state": "VIC",
        "price": "1575",
        "price_per_unit": "1853",
        "price_unit": "KG"
      },
      {
        "state": "WA",
        "price": "1575",
        "price_per_unit": "1853",
        "price_unit": "KG"
      },
      {
        "state": "SA",
        "price": "1575",
        "price_per_unit": "1853",
        "price_unit": "KG"
      },
      {
        "state": "ACT",
        "price": "1575",
        "price_per_unit": "1853",
        "price_unit": "KG"
      },
      {
        "state": "NT",
        "price": "1575",
        "price_per_unit": "1853",
        "price_unit": "KG"
      }
    ]
  },
  {
    "source_url": "https://www.woolworths.com.au/shop/productdetails/532958/d-orsogna-natural-leg-ham-portion",
    "name": "D'Orsogna Natural Leg Ham Portion 700g",
    "image_url": "https://cdn1.woolworths.media/content/wowproductimages/large/532958.jpg",
    "source_id": "Woolworths - 532958",
    "barcode": "9300767092883",
    "shop": "Woolworths",
    "weight": "1KG",
    "prices": [
      {
        "state": "NSW",
        "price": "1400",
        "price_per_unit": "2000",
        "price_unit": "KG"
      },
      {
        "state": "VIC",
        "price": "1400",
        "price_per_unit": "2000",
        "price_unit": "KG"
      },
      {
        "state": "QLD",
        "price": "1400",
        "price_per_unit": "2000",
        "price_unit": "KG"
      },
      {
        "state": "WA",
        "price": "1400",
        "price_per_unit": "2000",
        "price_unit": "KG"
      },
      {
        "state": "SA",
        "price": "1400",
        "price_per_unit": "2000",
        "price_unit": "KG"
      },
      {
        "state": "TAS",
        "price": "1400",
        "price_per_unit": "2000",
        "price_unit": "KG"
      },
      {
        "state": "NT",
        "price": "1400",
        "price_per_unit": "2000",
        "price_unit": "KG"
      },
      {
        "state": "NSW",
        "price": "1400",
        "price_per_unit": "2000",
        "price_unit": "KG"
      },
      {
        "state": "VIC",
        "price": "1400",
        "price_per_unit": "2000",
        "price_unit": "KG"
      },
      {
        "state": "QLD",
        "price": "1400",
        "price_per_unit": "2000",
        "price_unit": "KG"
      },
      {
        "state": "WA",
        "price": "1400",
        "price_per_unit": "2000",
        "price_unit": "KG"
      },
      {
        "state": "SA",
        "price": "1400",
        "price_per_unit": "2000",
        "price_unit": "KG"
      },
      {
        "state": "TAS",
        "price": "1400",
        "price_per_unit": "2000",
        "price_unit": "KG"
      },
      {
        "state": "ACT",
        "price": "1400",
        "price_per_unit": "2000",
        "price_unit": "KG"
      },
      {
        "state": "NT",
        "price": "1400",
        "price_per_unit": "2000",
        "price_unit": "KG"
      }
    ]
  },
  {
    "source_url": "https://www.woolworths.com.au/shop/productdetails/210498/d-orsogna-natural-shortcut-bacon-gluten-free-wood-smoked",
    "name": "D'Orsogna Natural Shortcut Bacon Gluten Free Wood Smoked 200g",
    "image_url": "https://cdn1.woolworths.media/content/wowproductimages/large/210498.jpg",
    "source_id": "Woolworths - 210498",
    "barcode": "9300767082228",
    "shop": "Woolworths",
    "weight": "1KG",
    "prices": [
      {
        "state": "NSW",
        "price": "650",
        "price_per_unit": "3250",
        "price_unit": "KG"
      },
      {
        "state": "VIC",
        "price": "650",
        "price_per_unit": "3250",
        "price_unit": "KG"
      },
      {
        "state": "QLD",
        "price": "650",
        "price_per_unit": "3250",
        "price_unit": "KG"
      },
      {
        "state": "WA",
        "price": "650",
        "price_per_unit": "3250",
        "price_unit": "KG"
      },
      {
        "state": "SA",
        "price": "650",
        "price_per_unit": "3250",
        "price_unit": "KG"
      },
      {
        "state": "TAS",
        "price": "650",
        "price_per_unit": "3250",
        "price_unit": "KG"
      },
      {
        "state": "ACT",
        "price": "700",
        "price_per_unit": "3500",
        "price_unit": "KG"
      },
      {
        "state": "NSW",
        "price": "700",
        "price_per_unit": "3500",
        "price_unit": "KG"
      },
      {
        "state": "VIC",
        "price": "700",
        "price_per_unit": "3500",
        "price_unit": "KG"
      },
      {
        "state": "QLD",
        "price": "700",
        "price_per_unit": "3500",
        "price_unit": "KG"
      },
      {
        "state": "WA",
        "price": "700",
        "price_per_unit": "3500",
        "price_unit": "KG"
      },
      {
        "state": "SA",
        "price": "700",
        "price_per_unit": "3500",
        "price_unit": "KG"
      },
      {
        "state": "TAS",
        "price": "700",
        "price_per_unit": "3500",
        "price_unit": "KG"
      },
      {
        "state": "ACT",
        "price": "700",
        "price_per_unit": "3500",
        "price_unit": "KG"
      }
    ]
  },
  {
    "source_url": "https://www.woolworths.com.au/shop/productdetails/176564/d-orsogna-shortcut-bacon",
    "name": "D'Orsogna Shortcut Bacon 1kg",
    "image_url": "https://cdn1.woolworths.media/content/wowproductimages/large/176564.jpg",
    "source_id": "Woolworths - 176564",
    "barcode": "9300767081931",
    "shop": "Woolworths",
    "weight": "1KG",
    "prices": [
      {
        "state": "NSW",
        "price": "1650",
        "price_per_unit": "1650",
        "price_unit": "KG"
      },
      {
        "state": "VIC",
        "price": "1650",
        "price_per_unit": "1650",
        "price_unit": "KG"
      },
      {
        "state": "QLD",
        "price": "1650",
        "price_per_unit": "1650",
        "price_unit": "KG"
      },
      {
        "state": "WA",
        "price": "1650",
        "price_per_unit": "1650",
        "price_unit": "KG"
      },
      {
        "state": "SA",
        "price": "1650",
        "price_per_unit": "1650",
        "price_unit": "KG"
      },
      {
        "state": "TAS",
        "price": "1650",
        "price_per_unit": "1650",
        "price_unit": "KG"
      },
      {
        "state": "ACT",
        "price": "1650",
        "price_per_unit": "1650",
        "price_unit": "KG"
      },
      {
        "state": "NT",
        "price": "1650",
        "price_per_unit": "1650",
        "price_unit": "KG"
      },
      {
        "state": "NSW",
        "price": "1650",
        "price_per_unit": "1650",
        "price_unit": "KG"
      },
      {
        "state": "VIC",
        "price": "1650",
        "price_per_unit": "1650",
        "price_unit": "KG"
      },
      {
        "state": "QLD",
        "price": "1650",
        "price_per_unit": "1650",
        "price_unit": "KG"
      },
      {
        "state": "WA",
        "price": "1650",
        "price_per_unit": "1650",
        "price_unit": "KG"
      },
      {
        "state": "SA",
        "price": "1650",
        "price_per_unit": "1650",
        "price_unit": "KG"
      },
      {
        "state": "TAS",
        "price": "1650",
        "price_per_unit": "1650",
        "price_unit": "KG"
      },
      {
        "state": "ACT",
        "price": "1650",
        "price_per_unit": "1650",
        "price_unit": "KG"
      },
      {
        "state": "NT",
        "price": "1650",
        "price_per_unit": "1650",
        "price_unit": "KG"
      }
    ]
  },
  {
    "source_url": "https://www.woolworths.com.au/shop/productdetails/727933/d-orsogna-streaky-bacon",
    "name": "D'Orsogna Streaky Bacon 500g",
    "image_url": "https://cdn1.woolworths.media/content/wowproductimages/large/727933.jpg",
    "source_id": "Woolworths - 727933",
    "barcode": "9300767098762",
    "shop": "Woolworths",
    "weight": "1KG",
    "prices": [
      {
        "state": "NSW",
        "price": "1300",
        "price_per_unit": "2600",
        "price_unit": "KG"
      },
      {
        "state": "VIC",
        "price": "1300",
        "price_per_unit": "2600",
        "price_unit": "KG"
      },
      {
        "state": "QLD",
        "price": "1300",
        "price_per_unit": "2600",
        "price_unit": "KG"
      },
      {
        "state": "WA",
        "price": "1300",
        "price_per_unit": "2600",
        "price_unit": "KG"
      },
      {
        "state": "SA",
        "price": "1300",
        "price_per_unit": "2600",
        "price_unit": "KG"
      },
      {
        "state": "TAS",
        "price": "1300",
        "price_per_unit": "2600",
        "price_unit": "KG"
      },
      {
        "state": "ACT",
        "price": "1300",
        "price_per_unit": "2600",
        "price_unit": "KG"
      },
      {
        "state": "NT",
        "price": "1300",
        "price_per_unit": "2600",
        "price_unit": "KG"
      },
      {
        "state": "NSW",
        "price": "1300",
        "price_per_unit": "2600",
        "price_unit": "KG"
      },
      {
        "state": "VIC",
        "price": "1300",
        "price_per_unit": "2600",
        "price_unit": "KG"
      },
      {
        "state": "QLD",
        "price": "1300",
        "price_per_unit": "2600",
        "price_unit": "KG"
      },
      {
        "state": "WA",
        "price": "1300",
        "price_per_unit": "2600",
        "price_unit": "KG"
      },
      {
        "state": "SA",
        "price": "1300",
        "price_per_unit": "2600",
        "price_unit": "KG"
      },
      {
        "state": "TAS",
        "price": "1300",
        "price_per_unit": "2600",
        "price_unit": "KG"
      },
      {
        "state": "ACT",
        "price": "1300",
        "price_per_unit": "2600",
        "price_unit": "KG"
      },
      {
        "state": "NT",
        "price": "1300",
        "price_per_unit": "2600",
        "price_unit": "KG"
      }
    ]
  },
  {
    "source_url": "https://www.woolworths.com.au/shop/productdetails/911890/d-orsogna-streaky-bacon",
    "name": "D'Orsogna Streaky Bacon 750g",
    "image_url": "https://cdn1.woolworths.media/content/wowproductimages/large/911890.jpg",
    "source_id": "Woolworths - 911890",
    "barcode": "9300767082846",
    "shop": "Woolworths",
    "weight": "1KG",
    "prices": [
      {
        "state": "NSW",
        "price": "1600",
        "price_per_unit": "2133",
        "price_unit": "KG"
      },
      {
        "state": "VIC",
        "price": "1600",
        "price_per_unit": "2133",
        "price_unit": "KG"
      },
      {
        "state": "QLD",
        "price": "1600",
        "price_per_unit": "2133",
        "price_unit": "KG"
      },
      {
        "state": "WA",
        "price": "1600",
        "price_per_unit": "2133",
        "price_unit": "KG"
      },
      {
        "state": "SA",
        "price": "1600",
        "price_per_unit": "2133",
        "price_unit": "KG"
      },
      {
        "state": "TAS",
        "price": "1600",
        "price_per_unit": "2133",
        "price_unit": "KG"
      },
      {
        "state": "ACT",
        "price": "1600",
        "price_per_unit": "2133",
        "price_unit": "KG"
      },
      {
        "state": "NT",
        "price": "1950",
        "price_per_unit": "2600",
        "price_unit": "KG"
      },
      {
        "state": "NSW",
        "price": "1950",
        "price_per_unit": "2600",
        "price_unit": "KG"
      },
      {
        "state": "VIC",
        "price": "1950",
        "price_per_unit": "2600",
        "price_unit": "KG"
      },
      {
        "state": "QLD",
        "price": "1950",
        "price_per_unit": "2600",
        "price_unit": "KG"
      },
      {
        "state": "WA",
        "price": "1950",
        "price_per_unit": "2600",
        "price_unit": "KG"
      },
      {
        "state": "SA",
        "price": "1950",
        "price_per_unit": "2600",
        "price_unit": "KG"
      },
      {
        "state": "TAS",
        "price": "1950",
        "price_per_unit": "2600",
        "price_unit": "KG"
      },
      {
        "state": "ACT",
        "price": "1950",
        "price_per_unit": "2600",
        "price_unit": "KG"
      },
      {
        "state": "NT",
        "price": "1950",
        "price_per_unit": "2600",
        "price_unit": "KG"
      }
    ]
  },
  {
    "source_url": "https://www.woolworths.com.au/shop/productdetails/391842/d-orsogna-triple-smoked-leg-ham",
    "name": "D'orsogna Triple Smoked Leg Ham 850g",
    "image_url": "https://cdn1.woolworths.media/content/wowproductimages/large/391842.jpg",
    "source_id": "Woolworths - 391842",
    "barcode": "9300767080590",
    "shop": "Woolworths",
    "weight": "1KG",
    "prices": [
      {
        "state": "VIC",
        "price": "1575",
        "price_per_unit": "1853",
        "price_unit": "KG"
      },
      {
        "state": "WA",
        "price": "1575",
        "price_per_unit": "1853",
        "price_unit": "KG"
      },
      {
        "state": "SA",
        "price": "1575",
        "price_per_unit": "1853",
        "price_unit": "KG"
      },
      {
        "state": "TAS",
        "price": "1575",
        "price_per_unit": "1853",
        "price_unit": "KG"
      },
      {
        "state": "NT",
        "price": "1575",
        "price_per_unit": "1853",
        "price_unit": "KG"
      },
      {
        "state": "VIC",
        "price": "1575",
        "price_per_unit": "1853",
        "price_unit": "KG"
      },
      {
        "state": "SA",
        "price": "1575",
        "price_per_unit": "1853",
        "price_unit": "KG"
      },
      {
        "state": "TAS",
        "price": "1575",
        "price_per_unit": "1853",
        "price_unit": "KG"
      },
      {
        "state": "NT",
        "price": "1575",
        "price_per_unit": "1853",
        "price_unit": "KG"
      }
    ]
  },
  {
    "source_url": "https://www.woolworths.com.au/shop/productdetails/178241/don-bacon-pan-size-rindless",
    "name": "Don Bacon Pan Size Rindless 200g",
    "image_url": "https://cdn1.woolworths.media/content/wowproductimages/large/178241.jpg",
    "source_id": "Woolworths - 178241",
    "barcode": "9326451003614",
    "shop": "Woolworths",
    "weight": "1KG",
    "prices": [
      {
        "state": "NSW",
        "price": "660",
        "price_per_unit": "3300",
        "price_unit": "KG"
      },
      {
        "state": "VIC",
        "price": "660",
        "price_per_unit": "3300",
        "price_unit": "KG"
      },
      {
        "state": "QLD",
        "price": "660",
        "price_per_unit": "3300",
        "price_unit": "KG"
      },
      {
        "state": "WA",
        "price": "660",
        "price_per_unit": "3300",
        "price_unit": "KG"
      },
      {
        "state": "SA",
        "price": "660",
        "price_per_unit": "3300",
        "price_unit": "KG"
      },
      {
        "state": "ACT",
        "price": "660",
        "price_per_unit": "3300",
        "price_unit": "KG"
      },
      {
        "state": "NT",
        "price": "660",
        "price_per_unit": "3300",
        "price_unit": "KG"
      },
      {
        "state": "NSW",
        "price": "660",
        "price_per_unit": "3300",
        "price_unit": "KG"
      },
      {
        "state": "VIC",
        "price": "660",
        "price_per_unit": "3300",
        "price_unit": "KG"
      },
      {
        "state": "QLD",
        "price": "660",
        "price_per_unit": "3300",
        "price_unit": "KG"
      },
      {
        "state": "WA",
        "price": "660",
        "price_per_unit": "3300",
        "price_unit": "KG"
      },
      {
        "state": "SA",
        "price": "660",
        "price_per_unit": "3300",
        "price_unit": "KG"
      },
      {
        "state": "ACT",
        "price": "660",
        "price_per_unit": "3300",
        "price_unit": "KG"
      },
      {
        "state": "NT",
        "price": "660",
        "price_per_unit": "3300",
        "price_unit": "KG"
      }
    ]
  },
  {
    "source_url": "https://www.woolworths.com.au/shop/productdetails/178202/don-bacon-pansize-double-smoked",
    "name": "Don Bacon Pansize Double Smoked 200g",
    "image_url": "https://cdn1.woolworths.media/content/wowproductimages/large/178202.jpg",
    "source_id": "Woolworths - 178202",
    "barcode": "9326451006127",
    "shop": "Woolworths",
    "weight": "1KG",
    "prices": [
      {
        "state": "NSW",
        "price": "660",
        "price_per_unit": "3300",
        "price_unit": "KG"
      },
      {
        "state": "VIC",
        "price": "660",
        "price_per_unit": "3300",
        "price_unit": "KG"
      },
      {
        "state": "QLD",
        "price": "660",
        "price_per_unit": "3300",
        "price_unit": "KG"
      },
      {
        "state": "WA",
        "price": "660",
        "price_per_unit": "3300",
        "price_unit": "KG"
      },
      {
        "state": "SA",
        "price": "660",
        "price_per_unit": "3300",
        "price_unit": "KG"
      },
      {
        "state": "TAS",
        "price": "660",
        "price_per_unit": "3300",
        "price_unit": "KG"
      },
      {
        "state": "ACT",
        "price": "660",
        "price_per_unit": "3300",
        "price_unit": "KG"
      },
      {
        "state": "NT",
        "price": "660",
        "price_per_unit": "3300",
        "price_unit": "KG"
      },
      {
        "state": "NSW",
        "price": "660",
        "price_per_unit": "3300",
        "price_unit": "KG"
      },
      {
        "state": "VIC",
        "price": "660",
        "price_per_unit": "3300",
        "price_unit": "KG"
      },
      {
        "state": "QLD",
        "price": "660",
        "price_per_unit": "3300",
        "price_unit": "KG"
      },
      {
        "state": "WA",
        "price": "660",
        "price_per_unit": "3300",
        "price_unit": "KG"
      },
      {
        "state": "SA",
        "price": "660",
        "price_per_unit": "3300",
        "price_unit": "KG"
      },
      {
        "state": "TAS",
        "price": "660",
        "price_per_unit": "3300",
        "price_unit": "KG"
      },
      {
        "state": "ACT",
        "price": "660",
        "price_per_unit": "3300",
        "price_unit": "KG"
      },
      {
        "state": "NT",
        "price": "660",
        "price_per_unit": "3300",
        "price_unit": "KG"
      }
    ]
  },
  {
    "source_url": "https://www.woolworths.com.au/shop/productdetails/330343/don-boutique-boneless-ham",
    "name": "Don Boutique Boneless Ham 2kg - 3.5g",
    "image_url": "https://cdn1.woolworths.media/content/wowproductimages/large/330343.jpg",
    "source_id": "Woolworths - 330343",
    "barcode": "2434690000008",
    "shop": "Woolworths",
    "weight": "1KG",
    "prices": [
      {
        "state": "NSW",
        "price": "4900",
        "price_per_unit": "1400",
        "price_unit": "KG"
      },
      {
        "state": "VIC",
        "price": "4900",
        "price_per_unit": "1400",
        "price_unit": "KG"
      },
      {
        "state": "WA",
        "price": "4900",
        "price_per_unit": "1400",
        "price_unit": "KG"
      },
      {
        "state": "NSW",
        "price": "4900",
        "price_per_unit": "1400",
        "price_unit": "KG"
      },
      {
        "state": "QLD",
        "price": "4900",
        "price_per_unit": "1400",
        "price_unit": "KG"
      }
    ]
  },
  {
    "source_url": "https://www.woolworths.com.au/shop/productdetails/220824/don-short-cut-rindless-bacon",
    "name": "Don Short Cut Rindless Bacon 200g",
    "image_url": "https://cdn1.woolworths.media/content/wowproductimages/large/220824.jpg",
    "source_id": "Woolworths - 220824",
    "barcode": "9326451005984",
    "shop": "Woolworths",
    "weight": "1KG",
    "prices": [
      {
        "state": "NSW",
        "price": "660",
        "price_per_unit": "3300",
        "price_unit": "KG"
      },
      {
        "state": "VIC",
        "price": "660",
        "price_per_unit": "3300",
        "price_unit": "KG"
      },
      {
        "state": "QLD",
        "price": "660",
        "price_per_unit": "3300",
        "price_unit": "KG"
      },
      {
        "state": "WA",
        "price": "660",
        "price_per_unit": "3300",
        "price_unit": "KG"
      },
      {
        "state": "SA",
        "price": "660",
        "price_per_unit": "3300",
        "price_unit": "KG"
      },
      {
        "state": "TAS",
        "price": "660",
        "price_per_unit": "3300",
        "price_unit": "KG"
      },
      {
        "state": "ACT",
        "price": "660",
        "price_per_unit": "3300",
        "price_unit": "KG"
      },
      {
        "state": "NT",
        "price": "660",
        "price_per_unit": "3300",
        "price_unit": "KG"
      },
      {
        "state": "NSW",
        "price": "660",
        "price_per_unit": "3300",
        "price_unit": "KG"
      },
      {
        "state": "VIC",
        "price": "660",
        "price_per_unit": "3300",
        "price_unit": "KG"
      },
      {
        "state": "QLD",
        "price": "660",
        "price_per_unit": "3300",
        "price_unit": "KG"
      },
      {
        "state": "WA",
        "price": "660",
        "price_per_unit": "3300",
        "price_unit": "KG"
      },
      {
        "state": "SA",
        "price": "660",
        "price_per_unit": "3300",
        "price_unit": "KG"
      },
      {
        "state": "TAS",
        "price": "660",
        "price_per_unit": "3300",
        "price_unit": "KG"
      },
      {
        "state": "ACT",
        "price": "660",
        "price_per_unit": "3300",
        "price_unit": "KG"
      },
      {
        "state": "NT",
        "price": "660",
        "price_per_unit": "3300",
        "price_unit": "KG"
      }
    ]
  },
  {
    "source_url": "https://www.woolworths.com.au/shop/productdetails/119950/farm-pantry-naturally-wood-smoked-leg-ham-cooked-on-the-bone",
    "name": "Farm Pantry Naturally Wood Smoked Leg Ham Cooked On The Bone 3.5kg - 5.5kg",
    "image_url": "https://cdn1.woolworths.media/content/wowproductimages/large/119950.jpg",
    "source_id": "Woolworths - 119950",
    "barcode": "0271197000009",
    "shop": "Woolworths",
    "weight": "1KG",
    "prices": [
      {
        "state": "VIC",
        "price": "3850",
        "price_per_unit": "700",
        "price_unit": "KG"
      },
      {
        "state": "QLD",
        "price": "3850",
        "price_per_unit": "700",
        "price_unit": "KG"
      },
      {
        "state": "WA",
        "price": "3850",
        "price_per_unit": "700",
        "price_unit": "KG"
      },
      {
        "state": "SA",
        "price": "3850",
        "price_per_unit": "700",
        "price_unit": "KG"
      },
      {
        "state": "ACT",
        "price": "3850",
        "price_per_unit": "700",
        "price_unit": "KG"
      },
      {
        "state": "NT",
        "price": "3850",
        "price_per_unit": "700",
        "price_unit": "KG"
      },
      {
        "state": "QLD",
        "price": "3850",
        "price_per_unit": "700",
        "price_unit": "KG"
      },
      {
        "state": "SA",
        "price": "3850",
        "price_per_unit": "700",
        "price_unit": "KG"
      },
      {
        "state": "ACT",
        "price": "3850",
        "price_per_unit": "700",
        "price_unit": "KG"
      },
      {
        "state": "NT",
        "price": "3850",
        "price_per_unit": "700",
        "price_unit": "KG"
      }
    ]
  },
  {
    "source_url": "https://www.woolworths.com.au/shop/productdetails/210537/ingham-s-classic-turkey-breast-oven-roasted",
    "name": "Ingham's Classic Turkey Breast Oven Roasted 800g",
    "image_url": "https://cdn1.woolworths.media/content/wowproductimages/large/210537.jpg",
    "source_id": "Woolworths - 210537",
    "barcode": "9358553100311",
    "shop": "Woolworths",
    "weight": "1KG",
    "prices": [
      {
        "state": "NSW",
        "price": "2450",
        "price_per_unit": "3063",
        "price_unit": "KG"
      },
      {
        "state": "VIC",
        "price": "2450",
        "price_per_unit": "3063",
        "price_unit": "KG"
      },
      {
        "state": "WA",
        "price": "2450",
        "price_per_unit": "3063",
        "price_unit": "KG"
      },
      {
        "state": "SA",
        "price": "2450",
        "price_per_unit": "3063",
        "price_unit": "KG"
      },
      {
        "state": "TAS",
        "price": "2450",
        "price_per_unit": "3063",
        "price_unit": "KG"
      },
      {
        "state": "ACT",
        "price": "2450",
        "price_per_unit": "3063",
        "price_unit": "KG"
      },
      {
        "state": "NT",
        "price": "2450",
        "price_per_unit": "3063",
        "price_unit": "KG"
      },
      {
        "state": "NSW",
        "price": "2450",
        "price_per_unit": "3063",
        "price_unit": "KG"
      },
      {
        "state": "VIC",
        "price": "2450",
        "price_per_unit": "3063",
        "price_unit": "KG"
      },
      {
        "state": "WA",
        "price": "2450",
        "price_per_unit": "3063",
        "price_unit": "KG"
      },
      {
        "state": "SA",
        "price": "2450",
        "price_per_unit": "3063",
        "price_unit": "KG"
      },
      {
        "state": "TAS",
        "price": "2450",
        "price_per_unit": "3063",
        "price_unit": "KG"
      },
      {
        "state": "ACT",
        "price": "2450",
        "price_per_unit": "3063",
        "price_unit": "KG"
      },
      {
        "state": "NT",
        "price": "2450",
        "price_per_unit": "3063",
        "price_unit": "KG"
      }
    ]
  },
  {
    "source_url": "https://www.woolworths.com.au/shop/productdetails/176001/moira-mac-s-classic-roasted-chicken-breast",
    "name": "Moira Mac's Classic Roasted Chicken Breast 350g",
    "image_url": "https://cdn1.woolworths.media/content/wowproductimages/large/176001.jpg",
    "source_id": "Woolworths - 176001",
    "barcode": "9340281001374",
    "shop": "Woolworths",
    "weight": "1KG",
    "prices": [
      {
        "state": "NSW",
        "price": "850",
        "price_per_unit": "2429",
        "price_unit": "KG"
      },
      {
        "state": "VIC",
        "price": "850",
        "price_per_unit": "2429",
        "price_unit": "KG"
      },
      {
        "state": "QLD",
        "price": "850",
        "price_per_unit": "2429",
        "price_unit": "KG"
      },
      {
        "state": "WA",
        "price": "850",
        "price_per_unit": "2429",
        "price_unit": "KG"
      },
      {
        "state": "SA",
        "price": "850",
        "price_per_unit": "2429",
        "price_unit": "KG"
      },
      {
        "state": "TAS",
        "price": "850",
        "price_per_unit": "2429",
        "price_unit": "KG"
      },
      {
        "state": "ACT",
        "price": "850",
        "price_per_unit": "2429",
        "price_unit": "KG"
      },
      {
        "state": "NT",
        "price": "850",
        "price_per_unit": "2429",
        "price_unit": "KG"
      },
      {
        "state": "NSW",
        "price": "850",
        "price_per_unit": "2429",
        "price_unit": "KG"
      },
      {
        "state": "VIC",
        "price": "850",
        "price_per_unit": "2429",
        "price_unit": "KG"
      },
      {
        "state": "QLD",
        "price": "850",
        "price_per_unit": "2429",
        "price_unit": "KG"
      },
      {
        "state": "WA",
        "price": "850",
        "price_per_unit": "2429",
        "price_unit": "KG"
      },
      {
        "state": "SA",
        "price": "850",
        "price_per_unit": "2429",
        "price_unit": "KG"
      },
      {
        "state": "TAS",
        "price": "850",
        "price_per_unit": "2429",
        "price_unit": "KG"
      },
      {
        "state": "ACT",
        "price": "850",
        "price_per_unit": "2429",
        "price_unit": "KG"
      },
      {
        "state": "NT",
        "price": "850",
        "price_per_unit": "2429",
        "price_unit": "KG"
      }
    ]
  },
  {
    "source_url": "https://www.woolworths.com.au/shop/productdetails/175691/moira-mac-s-portuguese-roasted-chicken-breast",
    "name": "Moira Mac's Portuguese Roasted Chicken Breast 350g",
    "image_url": "https://cdn1.woolworths.media/content/wowproductimages/large/175691.jpg",
    "source_id": "Woolworths - 175691",
    "barcode": "9340281002272",
    "shop": "Woolworths",
    "weight": "1KG",
    "prices": [
      {
        "state": "NSW",
        "price": "850",
        "price_per_unit": "2429",
        "price_unit": "KG"
      },
      {
        "state": "VIC",
        "price": "850",
        "price_per_unit": "2429",
        "price_unit": "KG"
      },
      {
        "state": "QLD",
        "price": "850",
        "price_per_unit": "2429",
        "price_unit": "KG"
      },
      {
        "state": "WA",
        "price": "850",
        "price_per_unit": "2429",
        "price_unit": "KG"
      },
      {
        "state": "SA",
        "price": "850",
        "price_per_unit": "2429",
        "price_unit": "KG"
      },
      {
        "state": "ACT",
        "price": "850",
        "price_per_unit": "2429",
        "price_unit": "KG"
      },
      {
        "state": "NT",
        "price": "850",
        "price_per_unit": "2429",
        "price_unit": "KG"
      },
      {
        "state": "NSW",
        "price": "850",
        "price_per_unit": "2429",
        "price_unit": "KG"
      },
      {
        "state": "VIC",
        "price": "850",
        "price_per_unit": "2429",
        "price_unit": "KG"
      },
      {
        "state": "QLD",
        "price": "850",
        "price_per_unit": "2429",
        "price_unit": "KG"
      },
      {
        "state": "WA",
        "price": "850",
        "price_per_unit": "2429",
        "price_unit": "KG"
      },
      {
        "state": "SA",
        "price": "850",
        "price_per_unit": "2429",
        "price_unit": "KG"
      },
      {
        "state": "ACT",
        "price": "850",
        "price_per_unit": "2429",
        "price_unit": "KG"
      },
      {
        "state": "NT",
        "price": "850",
        "price_per_unit": "2429",
        "price_unit": "KG"
      }
    ]
  },
  {
    "source_url": "https://www.woolworths.com.au/shop/productdetails/393154/moira-mac-s-smoked-chicken-breast",
    "name": "Moira Mac's Smoked Chicken Breast 300g",
    "image_url": "https://cdn1.woolworths.media/content/wowproductimages/large/393154.jpg",
    "source_id": "Woolworths - 393154",
    "barcode": "9340281002555",
    "shop": "Woolworths",
    "weight": "1KG",
    "prices": [
      {
        "state": "NSW",
        "price": "800",
        "price_per_unit": "2667",
        "price_unit": "KG"
      },
      {
        "state": "VIC",
        "price": "800",
        "price_per_unit": "2667",
        "price_unit": "KG"
      },
      {
        "state": "QLD",
        "price": "800",
        "price_per_unit": "2667",
        "price_unit": "KG"
      },
      {
        "state": "WA",
        "price": "800",
        "price_per_unit": "2667",
        "price_unit": "KG"
      },
      {
        "state": "SA",
        "price": "800",
        "price_per_unit": "2667",
        "price_unit": "KG"
      },
      {
        "state": "ACT",
        "price": "800",
        "price_per_unit": "2667",
        "price_unit": "KG"
      },
      {
        "state": "NT",
        "price": "800",
        "price_per_unit": "2667",
        "price_unit": "KG"
      },
      {
        "state": "NSW",
        "price": "800",
        "price_per_unit": "2667",
        "price_unit": "KG"
      },
      {
        "state": "VIC",
        "price": "800",
        "price_per_unit": "2667",
        "price_unit": "KG"
      },
      {
        "state": "QLD",
        "price": "800",
        "price_per_unit": "2667",
        "price_unit": "KG"
      },
      {
        "state": "WA",
        "price": "800",
        "price_per_unit": "2667",
        "price_unit": "KG"
      },
      {
        "state": "SA",
        "price": "800",
        "price_per_unit": "2667",
        "price_unit": "KG"
      },
      {
        "state": "NT",
        "price": "800",
        "price_per_unit": "2667",
        "price_unit": "KG"
      }
    ]
  },
  {
    "source_url": "https://www.woolworths.com.au/shop/productdetails/393639/moira-mac-s-stuffed-roast-turkey-breast-pistachio-cranberry",
    "name": "Moira Mac's Stuffed Roast Turkey Breast Pistachio & Cranberry 400g",
    "image_url": "https://cdn1.woolworths.media/content/wowproductimages/large/393639.jpg",
    "source_id": "Woolworths - 393639",
    "barcode": "9340281002470",
    "shop": "Woolworths",
    "weight": "1KG",
    "prices": [
      {
        "state": "NSW",
        "price": "1250",
        "price_per_unit": "3125",
        "price_unit": "KG"
      },
      {
        "state": "QLD",
        "price": "1250",
        "price_per_unit": "3125",
        "price_unit": "KG"
      },
      {
        "state": "TAS",
        "price": "1250",
        "price_per_unit": "3125",
        "price_unit": "KG"
      },
      {
        "state": "ACT",
        "price": "1250",
        "price_per_unit": "3125",
        "price_unit": "KG"
      },
      {
        "state": "NSW",
        "price": "1250",
        "price_per_unit": "3125",
        "price_unit": "KG"
      },
      {
        "state": "TAS",
        "price": "1250",
        "price_per_unit": "3125",
        "price_unit": "KG"
      },
      {
        "state": "ACT",
        "price": "1250",
        "price_per_unit": "3125",
        "price_unit": "KG"
      }
    ]
  },
  {
    "source_url": "https://www.woolworths.com.au/shop/productdetails/973392/primo-corned-beef-silverside",
    "name": "Primo Corned Beef Silverside 500g - 1.1kg",
    "image_url": "https://cdn1.woolworths.media/content/wowproductimages/large/973392.jpg",
    "source_id": "Woolworths - 973392",
    "barcode": "2929660000008",
    "shop": "Woolworths",
    "weight": "1KG",
    "prices": [
      {
        "state": "NSW",
        "price": "2530",
        "price_per_unit": "2300",
        "price_unit": "KG"
      },
      {
        "state": "VIC",
        "price": "2530",
        "price_per_unit": "2300",
        "price_unit": "KG"
      },
      {
        "state": "WA",
        "price": "2530",
        "price_per_unit": "2300",
        "price_unit": "KG"
      },
      {
        "state": "SA",
        "price": "2530",
        "price_per_unit": "2300",
        "price_unit": "KG"
      },
      {
        "state": "TAS",
        "price": "2530",
        "price_per_unit": "2300",
        "price_unit": "KG"
      },
      {
        "state": "ACT",
        "price": "2530",
        "price_per_unit": "2300",
        "price_unit": "KG"
      },
      {
        "state": "NT",
        "price": "2530",
        "price_per_unit": "2300",
        "price_unit": "KG"
      },
      {
        "state": "NSW",
        "price": "2530",
        "price_per_unit": "2300",
        "price_unit": "KG"
      },
      {
        "state": "VIC",
        "price": "2530",
        "price_per_unit": "2300",
        "price_unit": "KG"
      },
      {
        "state": "QLD",
        "price": "2530",
        "price_per_unit": "2300",
        "price_unit": "KG"
      },
      {
        "state": "SA",
        "price": "2530",
        "price_per_unit": "2300",
        "price_unit": "KG"
      },
      {
        "state": "TAS",
        "price": "2530",
        "price_per_unit": "2300",
        "price_unit": "KG"
      },
      {
        "state": "ACT",
        "price": "2530",
        "price_per_unit": "2300",
        "price_unit": "KG"
      },
      {
        "state": "NT",
        "price": "2530",
        "price_per_unit": "2300",
        "price_unit": "KG"
      }
    ]
  },
  {
    "source_url": "https://www.woolworths.com.au/shop/productdetails/143936/primo-double-smoked-leg-ham",
    "name": "Primo Double Smoked Leg Ham 800g",
    "image_url": "https://cdn1.woolworths.media/content/wowproductimages/large/143936.jpg",
    "source_id": "Woolworths - 143936",
    "barcode": "9311594701251",
    "shop": "Woolworths",
    "weight": "1KG",
    "prices": [
      {
        "state": "NSW",
        "price": "2200",
        "price_per_unit": "2750",
        "price_unit": "KG"
      },
      {
        "state": "VIC",
        "price": "2200",
        "price_per_unit": "2750",
        "price_unit": "KG"
      },
      {
        "state": "WA",
        "price": "2200",
        "price_per_unit": "2750",
        "price_unit": "KG"
      },
      {
        "state": "SA",
        "price": "2200",
        "price_per_unit": "2750",
        "price_unit": "KG"
      },
      {
        "state": "TAS",
        "price": "2200",
        "price_per_unit": "2750",
        "price_unit": "KG"
      },
      {
        "state": "ACT",
        "price": "2200",
        "price_per_unit": "2750",
        "price_unit": "KG"
      },
      {
        "state": "NSW",
        "price": "2200",
        "price_per_unit": "2750",
        "price_unit": "KG"
      },
      {
        "state": "TAS",
        "price": "2200",
        "price_per_unit": "2750",
        "price_unit": "KG"
      }
    ]
  },
  {
    "source_url": "https://www.woolworths.com.au/shop/productdetails/913517/primo-extra-crispy-streaky-bacon",
    "name": "Primo Extra Crispy Streaky Bacon 200g",
    "image_url": "https://cdn1.woolworths.media/content/wowproductimages/large/913517.jpg",
    "source_id": "Woolworths - 913517",
    "barcode": "9311594021328",
    "shop": "Woolworths",
    "weight": "1KG",
    "prices": [
      {
        "state": "NSW",
        "price": "680",
        "price_per_unit": "3400",
        "price_unit": "KG"
      },
      {
        "state": "VIC",
        "price": "680",
        "price_per_unit": "3400",
        "price_unit": "KG"
      },
      {
        "state": "QLD",
        "price": "680",
        "price_per_unit": "3400",
        "price_unit": "KG"
      },
      {
        "state": "WA",
        "price": "680",
        "price_per_unit": "3400",
        "price_unit": "KG"
      },
      {
        "state": "SA",
        "price": "680",
        "price_per_unit": "3400",
        "price_unit": "KG"
      },
      {
        "state": "TAS",
        "price": "680",
        "price_per_unit": "3400",
        "price_unit": "KG"
      },
      {
        "state": "ACT",
        "price": "550",
        "price_per_unit": "2750",
        "price_unit": "KG"
      },
      {
        "state": "NT",
        "price": "550",
        "price_per_unit": "2750",
        "price_unit": "KG"
      },
      {
        "state": "NSW",
        "price": "550",
        "price_per_unit": "2750",
        "price_unit": "KG"
      },
      {
        "state": "VIC",
        "price": "550",
        "price_per_unit": "2750",
        "price_unit": "KG"
      },
      {
        "state": "QLD",
        "price": "550",
        "price_per_unit": "2750",
        "price_unit": "KG"
      },
      {
        "state": "WA",
        "price": "550",
        "price_per_unit": "2750",
        "price_unit": "KG"
      },
      {
        "state": "SA",
        "price": "550",
        "price_per_unit": "2750",
        "price_unit": "KG"
      },
      {
        "state": "TAS",
        "price": "550",
        "price_per_unit": "2750",
        "price_unit": "KG"
      },
      {
        "state": "ACT",
        "price": "550",
        "price_per_unit": "2750",
        "price_unit": "KG"
      },
      {
        "state": "NT",
        "price": "550",
        "price_per_unit": "2750",
        "price_unit": "KG"
      }
    ]
  },
  {
    "source_url": "https://www.woolworths.com.au/shop/productdetails/140658/primo-middle-bacon",
    "name": "Primo Middle Bacon 750g",
    "image_url": "https://cdn1.woolworths.media/content/wowproductimages/large/140658.jpg",
    "source_id": "Woolworths - 140658",
    "barcode": "9311594023162",
    "shop": "Woolworths",
    "weight": "1KG",
    "prices": [
      {
        "state": "NSW",
        "price": "1680",
        "price_per_unit": "2240",
        "price_unit": "KG"
      },
      {
        "state": "VIC",
        "price": "1680",
        "price_per_unit": "2240",
        "price_unit": "KG"
      },
      {
        "state": "QLD",
        "price": "1680",
        "price_per_unit": "2240",
        "price_unit": "KG"
      },
      {
        "state": "WA",
        "price": "1680",
        "price_per_unit": "2240",
        "price_unit": "KG"
      },
      {
        "state": "SA",
        "price": "1680",
        "price_per_unit": "2240",
        "price_unit": "KG"
      },
      {
        "state": "TAS",
        "price": "1680",
        "price_per_unit": "2240",
        "price_unit": "KG"
      },
      {
        "state": "ACT",
        "price": "1680",
        "price_per_unit": "2240",
        "price_unit": "KG"
      },
      {
        "state": "NT",
        "price": "1680",
        "price_per_unit": "2240",
        "price_unit": "KG"
      },
      {
        "state": "NSW",
        "price": "1680",
        "price_per_unit": "2240",
        "price_unit": "KG"
      },
      {
        "state": "VIC",
        "price": "1680",
        "price_per_unit": "2240",
        "price_unit": "KG"
      },
      {
        "state": "QLD",
        "price": "1680",
        "price_per_unit": "2240",
        "price_unit": "KG"
      },
      {
        "state": "SA",
        "price": "1680",
        "price_per_unit": "2240",
        "price_unit": "KG"
      },
      {
        "state": "TAS",
        "price": "1680",
        "price_per_unit": "2240",
        "price_unit": "KG"
      },
      {
        "state": "ACT",
        "price": "1680",
        "price_per_unit": "2240",
        "price_unit": "KG"
      },
      {
        "state": "NT",
        "price": "1680",
        "price_per_unit": "2240",
        "price_unit": "KG"
      }
    ]
  },
  {
    "source_url": "https://www.woolworths.com.au/shop/productdetails/913511/primo-middle-bacon-rindless",
    "name": "Primo Middle Bacon Rindless 350g",
    "image_url": "https://cdn1.woolworths.media/content/wowproductimages/large/913511.jpg",
    "source_id": "Woolworths - 913511",
    "barcode": "9311594025494",
    "shop": "Woolworths",
    "weight": "1KG",
    "prices": [
      {
        "state": "NSW",
        "price": "760",
        "price_per_unit": "2171",
        "price_unit": "KG"
      },
      {
        "state": "VIC",
        "price": "760",
        "price_per_unit": "2171",
        "price_unit": "KG"
      },
      {
        "state": "QLD",
        "price": "760",
        "price_per_unit": "2171",
        "price_unit": "KG"
      },
      {
        "state": "WA",
        "price": "760",
        "price_per_unit": "2171",
        "price_unit": "KG"
      },
      {
        "state": "SA",
        "price": "760",
        "price_per_unit": "2171",
        "price_unit": "KG"
      },
      {
        "state": "TAS",
        "price": "950",
        "price_per_unit": "2714",
        "price_unit": "KG"
      },
      {
        "state": "ACT",
        "price": "950",
        "price_per_unit": "2714",
        "price_unit": "KG"
      },
      {
        "state": "NT",
        "price": "950",
        "price_per_unit": "2714",
        "price_unit": "KG"
      },
      {
        "state": "NSW",
        "price": "950",
        "price_per_unit": "2714",
        "price_unit": "KG"
      },
      {
        "state": "VIC",
        "price": "950",
        "price_per_unit": "2714",
        "price_unit": "KG"
      },
      {
        "state": "QLD",
        "price": "950",
        "price_per_unit": "2714",
        "price_unit": "KG"
      },
      {
        "state": "WA",
        "price": "950",
        "price_per_unit": "2714",
        "price_unit": "KG"
      },
      {
        "state": "SA",
        "price": "950",
        "price_per_unit": "2714",
        "price_unit": "KG"
      },
      {
        "state": "TAS",
        "price": "950",
        "price_per_unit": "2714",
        "price_unit": "KG"
      },
      {
        "state": "ACT",
        "price": "950",
        "price_per_unit": "2714",
        "price_unit": "KG"
      },
      {
        "state": "NT",
        "price": "950",
        "price_per_unit": "2714",
        "price_unit": "KG"
      }
    ]
  },
  {
    "source_url": "https://www.woolworths.com.au/shop/productdetails/380578/primo-middle-rindless-bacon",
    "name": "Primo Middle Rindless Bacon 250g",
    "image_url": "https://cdn1.woolworths.media/content/wowproductimages/large/380578.jpg",
    "source_id": "Woolworths - 380578",
    "barcode": "9311594222237",
    "shop": "Woolworths",
    "weight": "1KG",
    "prices": [
      {
        "state": "NSW",
        "price": "680",
        "price_per_unit": "2720",
        "price_unit": "KG"
      },
      {
        "state": "VIC",
        "price": "680",
        "price_per_unit": "2720",
        "price_unit": "KG"
      },
      {
        "state": "QLD",
        "price": "680",
        "price_per_unit": "2720",
        "price_unit": "KG"
      },
      {
        "state": "WA",
        "price": "680",
        "price_per_unit": "2720",
        "price_unit": "KG"
      },
      {
        "state": "SA",
        "price": "680",
        "price_per_unit": "2720",
        "price_unit": "KG"
      },
      {
        "state": "TAS",
        "price": "680",
        "price_per_unit": "2720",
        "price_unit": "KG"
      },
      {
        "state": "ACT",
        "price": "550",
        "price_per_unit": "2200",
        "price_unit": "KG"
      },
      {
        "state": "NT",
        "price": "550",
        "price_per_unit": "2200",
        "price_unit": "KG"
      },
      {
        "state": "NSW",
        "price": "550",
        "price_per_unit": "2200",
        "price_unit": "KG"
      },
      {
        "state": "VIC",
        "price": "550",
        "price_per_unit": "2200",
        "price_unit": "KG"
      },
      {
        "state": "QLD",
        "price": "550",
        "price_per_unit": "2200",
        "price_unit": "KG"
      },
      {
        "state": "WA",
        "price": "550",
        "price_per_unit": "2200",
        "price_unit": "KG"
      },
      {
        "state": "SA",
        "price": "550",
        "price_per_unit": "2200",
        "price_unit": "KG"
      },
      {
        "state": "TAS",
        "price": "550",
        "price_per_unit": "2200",
        "price_unit": "KG"
      },
      {
        "state": "ACT",
        "price": "550",
        "price_per_unit": "2200",
        "price_unit": "KG"
      },
      {
        "state": "NT",
        "price": "550",
        "price_per_unit": "2200",
        "price_unit": "KG"
      }
    ]
  },
  {
    "source_url": "https://www.woolworths.com.au/shop/productdetails/212935/primo-salt-reduced-shortcut-rindless-bacon",
    "name": "Primo Salt Reduced Shortcut Rindless Bacon 200g",
    "image_url": "https://cdn1.woolworths.media/content/wowproductimages/large/212935.jpg",
    "source_id": "Woolworths - 212935",
    "barcode": "9311594020239",
    "shop": "Woolworths",
    "weight": "1KG",
    "prices": [
      {
        "state": "NSW",
        "price": "680",
        "price_per_unit": "3400",
        "price_unit": "KG"
      },
      {
        "state": "VIC",
        "price": "680",
        "price_per_unit": "3400",
        "price_unit": "KG"
      },
      {
        "state": "QLD",
        "price": "680",
        "price_per_unit": "3400",
        "price_unit": "KG"
      },
      {
        "state": "WA",
        "price": "680",
        "price_per_unit": "3400",
        "price_unit": "KG"
      },
      {
        "state": "SA",
        "price": "680",
        "price_per_unit": "3400",
        "price_unit": "KG"
      },
      {
        "state": "TAS",
        "price": "680",
        "price_per_unit": "3400",
        "price_unit": "KG"
      },
      {
        "state": "ACT",
        "price": "550",
        "price_per_unit": "2750",
        "price_unit": "KG"
      },
      {
        "state": "NT",
        "price": "550",
        "price_per_unit": "2750",
        "price_unit": "KG"
      },
      {
        "state": "NSW",
        "price": "550",
        "price_per_unit": "2750",
        "price_unit": "KG"
      },
      {
        "state": "VIC",
        "price": "550",
        "price_per_unit": "2750",
        "price_unit": "KG"
      },
      {
        "state": "QLD",
        "price": "550",
        "price_per_unit": "2750",
        "price_unit": "KG"
      },
      {
        "state": "WA",
        "price": "550",
        "price_per_unit": "2750",
        "price_unit": "KG"
      },
      {
        "state": "SA",
        "price": "550",
        "price_per_unit": "2750",
        "price_unit": "KG"
      },
      {
        "state": "TAS",
        "price": "550",
        "price_per_unit": "2750",
        "price_unit": "KG"
      },
      {
        "state": "ACT",
        "price": "550",
        "price_per_unit": "2750",
        "price_unit": "KG"
      },
      {
        "state": "NT",
        "price": "550",
        "price_per_unit": "2750",
        "price_unit": "KG"
      }
    ]
  },
  {
    "source_url": "https://www.woolworths.com.au/shop/productdetails/390879/primo-shortcut-rindless-bacon-rindless",
    "name": "Primo Shortcut Rindless Bacon 200g",
    "image_url": "https://cdn1.woolworths.media/content/wowproductimages/large/390879.jpg",
    "source_id": "Woolworths - 390879",
    "barcode": "9311594021199",
    "shop": "Woolworths",
    "weight": "1KG",
    "prices": [
      {
        "state": "NSW",
        "price": "680",
        "price_per_unit": "3400",
        "price_unit": "KG"
      },
      {
        "state": "VIC",
        "price": "680",
        "price_per_unit": "3400",
        "price_unit": "KG"
      },
      {
        "state": "QLD",
        "price": "680",
        "price_per_unit": "3400",
        "price_unit": "KG"
      },
      {
        "state": "WA",
        "price": "680",
        "price_per_unit": "3400",
        "price_unit": "KG"
      },
      {
        "state": "SA",
        "price": "680",
        "price_per_unit": "3400",
        "price_unit": "KG"
      },
      {
        "state": "TAS",
        "price": "680",
        "price_per_unit": "3400",
        "price_unit": "KG"
      },
      {
        "state": "ACT",
        "price": "550",
        "price_per_unit": "2750",
        "price_unit": "KG"
      },
      {
        "state": "NT",
        "price": "550",
        "price_per_unit": "2750",
        "price_unit": "KG"
      },
      {
        "state": "NSW",
        "price": "550",
        "price_per_unit": "2750",
        "price_unit": "KG"
      },
      {
        "state": "VIC",
        "price": "550",
        "price_per_unit": "2750",
        "price_unit": "KG"
      },
      {
        "state": "QLD",
        "price": "550",
        "price_per_unit": "2750",
        "price_unit": "KG"
      },
      {
        "state": "WA",
        "price": "550",
        "price_per_unit": "2750",
        "price_unit": "KG"
      },
      {
        "state": "SA",
        "price": "550",
        "price_per_unit": "2750",
        "price_unit": "KG"
      },
      {
        "state": "TAS",
        "price": "550",
        "price_per_unit": "2750",
        "price_unit": "KG"
      },
      {
        "state": "ACT",
        "price": "550",
        "price_per_unit": "2750",
        "price_unit": "KG"
      },
      {
        "state": "NT",
        "price": "550",
        "price_per_unit": "2750",
        "price_unit": "KG"
      }
    ]
  },
  {
    "source_url": "https://www.woolworths.com.au/shop/productdetails/202497/primo-shortcut-rindless-bacon-lean-shortcut",
    "name": "Primo Shortcut Rindless Bacon 350g",
    "image_url": "https://cdn1.woolworths.media/content/wowproductimages/large/202497.jpg",
    "source_id": "Woolworths - 202497",
    "barcode": "9311594225276",
    "shop": "Woolworths",
    "weight": "1KG",
    "prices": [
      {
        "state": "NSW",
        "price": "950",
        "price_per_unit": "2714",
        "price_unit": "KG"
      },
      {
        "state": "VIC",
        "price": "950",
        "price_per_unit": "2714",
        "price_unit": "KG"
      },
      {
        "state": "QLD",
        "price": "950",
        "price_per_unit": "2714",
        "price_unit": "KG"
      },
      {
        "state": "WA",
        "price": "950",
        "price_per_unit": "2714",
        "price_unit": "KG"
      },
      {
        "state": "SA",
        "price": "950",
        "price_per_unit": "2714",
        "price_unit": "KG"
      },
      {
        "state": "TAS",
        "price": "950",
        "price_per_unit": "2714",
        "price_unit": "KG"
      },
      {
        "state": "ACT",
        "price": "950",
        "price_per_unit": "2714",
        "price_unit": "KG"
      },
      {
        "state": "NT",
        "price": "950",
        "price_per_unit": "2714",
        "price_unit": "KG"
      },
      {
        "state": "NSW",
        "price": "950",
        "price_per_unit": "2714",
        "price_unit": "KG"
      },
      {
        "state": "QLD",
        "price": "950",
        "price_per_unit": "2714",
        "price_unit": "KG"
      },
      {
        "state": "WA",
        "price": "950",
        "price_per_unit": "2714",
        "price_unit": "KG"
      },
      {
        "state": "SA",
        "price": "950",
        "price_per_unit": "2714",
        "price_unit": "KG"
      },
      {
        "state": "TAS",
        "price": "950",
        "price_per_unit": "2714",
        "price_unit": "KG"
      },
      {
        "state": "ACT",
        "price": "950",
        "price_per_unit": "2714",
        "price_unit": "KG"
      },
      {
        "state": "NT",
        "price": "950",
        "price_per_unit": "2714",
        "price_unit": "KG"
      }
    ]
  },
  {
    "source_url": "https://www.woolworths.com.au/shop/productdetails/235782/primo-shortcut-rindless-bacon-bacon",
    "name": "Primo Shortcut Rindless Bacon 750g",
    "image_url": "https://cdn1.woolworths.media/content/wowproductimages/large/235782.jpg",
    "source_id": "Woolworths - 235782",
    "barcode": "9311594225306",
    "shop": "Woolworths",
    "weight": "1KG",
    "prices": [
      {
        "state": "NSW",
        "price": "840",
        "price_per_unit": "1120",
        "price_unit": "KG"
      },
      {
        "state": "VIC",
        "price": "840",
        "price_per_unit": "1120",
        "price_unit": "KG"
      },
      {
        "state": "QLD",
        "price": "840",
        "price_per_unit": "1120",
        "price_unit": "KG"
      },
      {
        "state": "WA",
        "price": "840",
        "price_per_unit": "1120",
        "price_unit": "KG"
      },
      {
        "state": "SA",
        "price": "840",
        "price_per_unit": "1120",
        "price_unit": "KG"
      },
      {
        "state": "TAS",
        "price": "840",
        "price_per_unit": "1120",
        "price_unit": "KG"
      },
      {
        "state": "ACT",
        "price": "1680",
        "price_per_unit": "2240",
        "price_unit": "KG"
      },
      {
        "state": "NT",
        "price": "1680",
        "price_per_unit": "2240",
        "price_unit": "KG"
      },
      {
        "state": "NSW",
        "price": "1680",
        "price_per_unit": "2240",
        "price_unit": "KG"
      },
      {
        "state": "VIC",
        "price": "1680",
        "price_per_unit": "2240",
        "price_unit": "KG"
      },
      {
        "state": "QLD",
        "price": "1680",
        "price_per_unit": "2240",
        "price_unit": "KG"
      },
      {
        "state": "SA",
        "price": "1680",
        "price_per_unit": "2240",
        "price_unit": "KG"
      },
      {
        "state": "TAS",
        "price": "1680",
        "price_per_unit": "2240",
        "price_unit": "KG"
      },
      {
        "state": "ACT",
        "price": "1680",
        "price_per_unit": "2240",
        "price_unit": "KG"
      },
      {
        "state": "NT",
        "price": "1680",
        "price_per_unit": "2240",
        "price_unit": "KG"
      }
    ]
  },
  {
    "source_url": "https://www.woolworths.com.au/shop/productdetails/328044/primo-speck-portion",
    "name": "Primo Speck Portion 100g - 450g",
    "image_url": "https://cdn1.woolworths.media/content/wowproductimages/large/328044.jpg",
    "source_id": "Woolworths - 328044",
    "barcode": "2929440000006",
    "shop": "Woolworths",
    "weight": "1KG",
    "prices": [
      {
        "state": "NSW",
        "price": "1395",
        "price_per_unit": "3100",
        "price_unit": "KG"
      },
      {
        "state": "VIC",
        "price": "1395",
        "price_per_unit": "3100",
        "price_unit": "KG"
      },
      {
        "state": "WA",
        "price": "1395",
        "price_per_unit": "3100",
        "price_unit": "KG"
      },
      {
        "state": "SA",
        "price": "1395",
        "price_per_unit": "3100",
        "price_unit": "KG"
      },
      {
        "state": "ACT",
        "price": "1395",
        "price_per_unit": "3100",
        "price_unit": "KG"
      },
      {
        "state": "NT",
        "price": "1395",
        "price_per_unit": "3100",
        "price_unit": "KG"
      },
      {
        "state": "NSW",
        "price": "1395",
        "price_per_unit": "3100",
        "price_unit": "KG"
      },
      {
        "state": "WA",
        "price": "1395",
        "price_per_unit": "3100",
        "price_unit": "KG"
      },
      {
        "state": "SA",
        "price": "1395",
        "price_per_unit": "3100",
        "price_unit": "KG"
      },
      {
        "state": "ACT",
        "price": "1395",
        "price_per_unit": "3100",
        "price_unit": "KG"
      },
      {
        "state": "NT",
        "price": "1395",
        "price_per_unit": "3100",
        "price_unit": "KG"
      }
    ]
  },
  {
    "source_url": "https://www.woolworths.com.au/shop/productdetails/693435/the-british-sausage-co-raw-smoked-rindless-back-bacon",
    "name": "The British Sausage Co Raw Smoked Rindless Back Bacon 200g",
    "image_url": "https://cdn1.woolworths.media/content/wowproductimages/large/693435.jpg",
    "source_id": "Woolworths - 693435",
    "barcode": "9321941005024",
    "shop": "Woolworths",
    "weight": "1KG",
    "prices": [
      {
        "state": "QLD",
        "price": "700",
        "price_per_unit": "3500",
        "price_unit": "KG"
      },
      {
        "state": "SA",
        "price": "700",
        "price_per_unit": "3500",
        "price_unit": "KG"
      },
      {
        "state": "ACT",
        "price": "700",
        "price_per_unit": "3500",
        "price_unit": "KG"
      },
      {
        "state": "QLD",
        "price": "700",
        "price_per_unit": "3500",
        "price_unit": "KG"
      },
      {
        "state": "WA",
        "price": "700",
        "price_per_unit": "3500",
        "price_unit": "KG"
      },
      {
        "state": "SA",
        "price": "700",
        "price_per_unit": "3500",
        "price_unit": "KG"
      },
      {
        "state": "ACT",
        "price": "700",
        "price_per_unit": "3500",
        "price_unit": "KG"
      }
    ]
  },
  {
    "source_url": "https://www.woolworths.com.au/shop/productdetails/903430/thomas-dux-antipasti-meat-selection",
    "name": "Thomas Dux Antipasti Meat Selection 300g",
    "image_url": "https://cdn1.woolworths.media/content/wowproductimages/large/903430.jpg",
    "source_id": "Woolworths - 903430",
    "barcode": "9339687386314",
    "shop": "Woolworths",
    "weight": "1KG",
    "prices": [
      null,
      {
        "state": "ACT",
        "price": "1800",
        "price_per_unit": "6000",
        "price_unit": "KG"
      },
      {
        "state": "NT",
        "price": "1800",
        "price_per_unit": "6000",
        "price_unit": "KG"
      },
      {
        "state": "ACT",
        "price": "1800",
        "price_per_unit": "6000",
        "price_unit": "KG"
      },
      {
        "state": "NT",
        "price": "1800",
        "price_per_unit": "6000",
        "price_unit": "KG"
      }
    ]
  },
  {
    "source_url": "https://www.woolworths.com.au/shop/productdetails/123370/three-aussie-farmers-cooked-on-the-bone-centre-cut-leg-ham",
    "name": "Three Aussie Farmers Cooked On The Bone Centre Cut Leg Ham 1.5kg - 2.5kg",
    "image_url": "https://cdn1.woolworths.media/content/wowproductimages/large/123370.jpg",
    "source_id": "Woolworths - 123370",
    "barcode": "0278411000005",
    "shop": "Woolworths",
    "weight": "1KG",
    "prices": [
      null
    ]
  },
  {
    "source_url": "https://www.woolworths.com.au/shop/productdetails/777390/three-aussie-farmers-cooked-on-the-bone-leg-ham",
    "name": "Three Aussie Farmers Cooked On The Bone Leg Ham 3.2kg - 5.2kg",
    "image_url": "https://cdn1.woolworths.media/content/wowproductimages/large/777390.jpg",
    "source_id": "Woolworths - 777390",
    "barcode": "0276298000002",
    "shop": "Woolworths",
    "weight": "1KG",
    "prices": [
      {
        "state": "VIC",
        "price": "5720",
        "price_per_unit": "1100",
        "price_unit": "KG"
      },
      {
        "state": "QLD",
        "price": "5720",
        "price_per_unit": "1100",
        "price_unit": "KG"
      },
      {
        "state": "WA",
        "price": "5720",
        "price_per_unit": "1100",
        "price_unit": "KG"
      },
      {
        "state": "SA",
        "price": "5720",
        "price_per_unit": "1100",
        "price_unit": "KG"
      },
      {
        "state": "TAS",
        "price": "5720",
        "price_per_unit": "1100",
        "price_unit": "KG"
      },
      {
        "state": "ACT",
        "price": "5720",
        "price_per_unit": "1100",
        "price_unit": "KG"
      },
      {
        "state": "VIC",
        "price": "5200",
        "price_per_unit": "1000",
        "price_unit": "KG"
      },
      {
        "state": "QLD",
        "price": "5720",
        "price_per_unit": "1100",
        "price_unit": "KG"
      },
      {
        "state": "SA",
        "price": "5720",
        "price_per_unit": "1100",
        "price_unit": "KG"
      },
      {
        "state": "TAS",
        "price": "5720",
        "price_per_unit": "1100",
        "price_unit": "KG"
      },
      {
        "state": "ACT",
        "price": "5720",
        "price_per_unit": "1100",
        "price_unit": "KG"
      }
    ]
  },
  {
    "source_url": "https://www.woolworths.com.au/shop/productdetails/915858/three-aussie-farmers-glaze-bake-ham",
    "name": "Three Aussie Farmers Glaze & Bake Ham 850g",
    "image_url": "https://cdn1.woolworths.media/content/wowproductimages/large/915858.jpg",
    "source_id": "Woolworths - 915858",
    "barcode": "9342580000492",
    "shop": "Woolworths",
    "weight": "1KG",
    "prices": [
      {
        "state": "VIC",
        "price": "2750",
        "price_per_unit": "3235",
        "price_unit": "KG"
      },
      {
        "state": "WA",
        "price": "2750",
        "price_per_unit": "3235",
        "price_unit": "KG"
      },
      {
        "state": "NSW",
        "price": "2750",
        "price_per_unit": "3235",
        "price_unit": "KG"
      },
      {
        "state": "VIC",
        "price": "2750",
        "price_per_unit": "3235",
        "price_unit": "KG"
      }
    ]
  },
  {
    "source_url": "https://www.woolworths.com.au/shop/productdetails/683397/three-aussie-farmers-semi-boneless-shoulder-ham",
    "name": "Three Aussie Farmers Semi Boneless Shoulder Ham 3kg - 4.8kg",
    "image_url": "https://cdn1.woolworths.media/content/wowproductimages/large/683397.jpg",
    "source_id": "Woolworths - 683397",
    "barcode": "2230990000003",
    "shop": "Woolworths",
    "weight": "1KG",
    "prices": [
      null
    ]
  },
  {
    "source_url": "https://www.woolworths.com.au/shop/productdetails/393640/three-aussie-farmers-slow-cooked-pulled-pork",
    "name": "Three Aussie Farmers Slow Cooked Pulled Pork 500g",
    "image_url": "https://cdn1.woolworths.media/content/wowproductimages/large/393640.jpg",
    "source_id": "Woolworths - 393640",
    "barcode": "9342580000485",
    "shop": "Woolworths",
    "weight": "1KG",
    "prices": [
      {
        "state": "NSW",
        "price": "1400",
        "price_per_unit": "2800",
        "price_unit": "KG"
      },
      {
        "state": "VIC",
        "price": "1400",
        "price_per_unit": "2800",
        "price_unit": "KG"
      },
      {
        "state": "WA",
        "price": "1400",
        "price_per_unit": "2800",
        "price_unit": "KG"
      },
      {
        "state": "SA",
        "price": "1400",
        "price_per_unit": "2800",
        "price_unit": "KG"
      },
      {
        "state": "ACT",
        "price": "1400",
        "price_per_unit": "2800",
        "price_unit": "KG"
      },
      {
        "state": "NT",
        "price": "1400",
        "price_per_unit": "2800",
        "price_unit": "KG"
      },
      {
        "state": "NSW",
        "price": "1400",
        "price_per_unit": "2800",
        "price_unit": "KG"
      },
      {
        "state": "VIC",
        "price": "1400",
        "price_per_unit": "2800",
        "price_unit": "KG"
      },
      {
        "state": "WA",
        "price": "1400",
        "price_per_unit": "2800",
        "price_unit": "KG"
      },
      {
        "state": "SA",
        "price": "1400",
        "price_per_unit": "2800",
        "price_unit": "KG"
      },
      {
        "state": "ACT",
        "price": "1400",
        "price_per_unit": "2800",
        "price_unit": "KG"
      },
      {
        "state": "NT",
        "price": "1400",
        "price_per_unit": "2800",
        "price_unit": "KG"
      }
    ]
  },
  {
    "source_url": "https://www.woolworths.com.au/shop/productdetails/76743/tibaldi-signature-collection-australian-ham-off-the-bone",
    "name": "Tibaldi Signature Collection Australian Ham Off The Bone 1kg",
    "image_url": "https://cdn1.woolworths.media/content/wowproductimages/large/076743.jpg",
    "source_id": "Woolworths - 76743",
    "barcode": "9310176994210",
    "shop": "Woolworths",
    "weight": "1KG",
    "prices": [
      {
        "state": "VIC",
        "price": "2500",
        "price_per_unit": "2500",
        "price_unit": "KG"
      },
      {
        "state": "WA",
        "price": "2500",
        "price_per_unit": "2500",
        "price_unit": "KG"
      },
      {
        "state": "SA",
        "price": "2500",
        "price_per_unit": "2500",
        "price_unit": "KG"
      },
      {
        "state": "ACT",
        "price": "2500",
        "price_per_unit": "2500",
        "price_unit": "KG"
      },
      {
        "state": "NT",
        "price": "2500",
        "price_per_unit": "2500",
        "price_unit": "KG"
      },
      {
        "state": "VIC",
        "price": "2500",
        "price_per_unit": "2500",
        "price_unit": "KG"
      },
      {
        "state": "SA",
        "price": "2500",
        "price_per_unit": "2500",
        "price_unit": "KG"
      },
      {
        "state": "ACT",
        "price": "2500",
        "price_per_unit": "2500",
        "price_unit": "KG"
      },
      {
        "state": "NT",
        "price": "2500",
        "price_per_unit": "2500",
        "price_unit": "KG"
      }
    ]
  },
  {
    "source_url": "https://www.woolworths.com.au/shop/productdetails/170438/woolworths-bone-in-half-leg-ham",
    "name": "Woolworths Bone In Half Leg Ham 2.8kg - 6.5kg",
    "image_url": "https://cdn1.woolworths.media/content/wowproductimages/large/170438.jpg",
    "source_id": "Woolworths - 170438",
    "barcode": "0275601000005",
    "shop": "Woolworths",
    "weight": "1KG",
    "prices": [
      {
        "state": "NSW",
        "price": "5200",
        "price_per_unit": "800",
        "price_unit": "KG"
      },
      {
        "state": "VIC",
        "price": "5200",
        "price_per_unit": "800",
        "price_unit": "KG"
      },
      {
        "state": "QLD",
        "price": "5200",
        "price_per_unit": "800",
        "price_unit": "KG"
      },
      {
        "state": "WA",
        "price": "5200",
        "price_per_unit": "800",
        "price_unit": "KG"
      },
      {
        "state": "SA",
        "price": "5200",
        "price_per_unit": "800",
        "price_unit": "KG"
      },
      {
        "state": "TAS",
        "price": "5200",
        "price_per_unit": "800",
        "price_unit": "KG"
      },
      {
        "state": "ACT",
        "price": "5200",
        "price_per_unit": "800",
        "price_unit": "KG"
      },
      {
        "state": "NT",
        "price": "5200",
        "price_per_unit": "800",
        "price_unit": "KG"
      },
      {
        "state": "NSW",
        "price": "5200",
        "price_per_unit": "800",
        "price_unit": "KG"
      },
      {
        "state": "VIC",
        "price": "5200",
        "price_per_unit": "800",
        "price_unit": "KG"
      },
      {
        "state": "QLD",
        "price": "5200",
        "price_per_unit": "800",
        "price_unit": "KG"
      },
      {
        "state": "WA",
        "price": "5200",
        "price_per_unit": "800",
        "price_unit": "KG"
      },
      {
        "state": "SA",
        "price": "5200",
        "price_per_unit": "800",
        "price_unit": "KG"
      },
      {
        "state": "TAS",
        "price": "5200",
        "price_per_unit": "800",
        "price_unit": "KG"
      },
      {
        "state": "ACT",
        "price": "5200",
        "price_per_unit": "800",
        "price_unit": "KG"
      },
      {
        "state": "NT",
        "price": "5200",
        "price_per_unit": "800",
        "price_unit": "KG"
      }
    ]
  },
  {
    "source_url": "https://www.woolworths.com.au/shop/productdetails/116209/woolworths-bone-in-whole-leg-ham",
    "name": "Woolworths Bone In Whole Leg Ham 8kg - 10kg",
    "image_url": "https://cdn1.woolworths.media/content/wowproductimages/large/116209.jpg",
    "source_id": "Woolworths - 116209",
    "barcode": "0275507000000",
    "shop": "Woolworths",
    "weight": "1KG",
    "prices": [
      {
        "state": "VIC",
        "price": "7750",
        "price_per_unit": "775",
        "price_unit": "KG"
      },
      {
        "state": "QLD",
        "price": "7750",
        "price_per_unit": "775",
        "price_unit": "KG"
      },
      {
        "state": "WA",
        "price": "7750",
        "price_per_unit": "775",
        "price_unit": "KG"
      },
      {
        "state": "TAS",
        "price": "7750",
        "price_per_unit": "775",
        "price_unit": "KG"
      },
      {
        "state": "ACT",
        "price": "7750",
        "price_per_unit": "775",
        "price_unit": "KG"
      },
      {
        "state": "QLD",
        "price": "7750",
        "price_per_unit": "775",
        "price_unit": "KG"
      },
      {
        "state": "TAS",
        "price": "7750",
        "price_per_unit": "775",
        "price_unit": "KG"
      },
      {
        "state": "ACT",
        "price": "7750",
        "price_per_unit": "775",
        "price_unit": "KG"
      }
    ]
  },
  {
    "source_url": "https://www.woolworths.com.au/shop/productdetails/104630/woolworths-boneless-crackling-leg-ham",
    "name": "Woolworths Boneless Crackling Leg Ham 1.5kg - 2.5kg",
    "image_url": "https://cdn1.woolworths.media/content/wowproductimages/large/104630.jpg",
    "source_id": "Woolworths - 104630",
    "barcode": "2624530000002",
    "shop": "Woolworths",
    "weight": "1KG",
    "prices": [
      {
        "state": "VIC",
        "price": "5250",
        "price_per_unit": "2100",
        "price_unit": "KG"
      },
      {
        "state": "WA",
        "price": "5250",
        "price_per_unit": "2100",
        "price_unit": "KG"
      }
    ]
  },
  {
    "source_url": "https://www.woolworths.com.au/shop/productdetails/546644/woolworths-double-smoked-half-leg-ham",
    "name": "Woolworths Double Smoked Half Leg Ham 3.5kg - 6kg",
    "image_url": "https://cdn1.woolworths.media/content/wowproductimages/large/546644.jpg",
    "source_id": "Woolworths - 546644",
    "barcode": "0275795000003",
    "shop": "Woolworths",
    "weight": "1KG",
    "prices": [
      {
        "state": "NSW",
        "price": "7200",
        "price_per_unit": "1200",
        "price_unit": "KG"
      },
      {
        "state": "VIC",
        "price": "7200",
        "price_per_unit": "1200",
        "price_unit": "KG"
      },
      {
        "state": "QLD",
        "price": "7200",
        "price_per_unit": "1200",
        "price_unit": "KG"
      },
      {
        "state": "WA",
        "price": "7200",
        "price_per_unit": "1200",
        "price_unit": "KG"
      },
      {
        "state": "SA",
        "price": "7200",
        "price_per_unit": "1200",
        "price_unit": "KG"
      },
      {
        "state": "TAS",
        "price": "7200",
        "price_per_unit": "1200",
        "price_unit": "KG"
      },
      {
        "state": "ACT",
        "price": "7200",
        "price_per_unit": "1200",
        "price_unit": "KG"
      },
      {
        "state": "NT",
        "price": "7200",
        "price_per_unit": "1200",
        "price_unit": "KG"
      },
      {
        "state": "NSW",
        "price": "7200",
        "price_per_unit": "1200",
        "price_unit": "KG"
      },
      {
        "state": "VIC",
        "price": "7200",
        "price_per_unit": "1200",
        "price_unit": "KG"
      },
      {
        "state": "QLD",
        "price": "7200",
        "price_per_unit": "1200",
        "price_unit": "KG"
      },
      {
        "state": "WA",
        "price": "7200",
        "price_per_unit": "1200",
        "price_unit": "KG"
      },
      {
        "state": "SA",
        "price": "7200",
        "price_per_unit": "1200",
        "price_unit": "KG"
      },
      {
        "state": "TAS",
        "price": "7200",
        "price_per_unit": "1200",
        "price_unit": "KG"
      },
      {
        "state": "ACT",
        "price": "7200",
        "price_per_unit": "1200",
        "price_unit": "KG"
      },
      {
        "state": "NT",
        "price": "7200",
        "price_per_unit": "1200",
        "price_unit": "KG"
      }
    ]
  },
  {
    "source_url": "https://www.woolworths.com.au/shop/productdetails/279755/woolworths-easy-carve-double-smoked-shoulder-ham",
    "name": "Woolworths Easy Carve Double Smoked Shoulder Ham 2kg - 5kg",
    "image_url": "https://cdn1.woolworths.media/content/wowproductimages/large/279755.jpg",
    "source_id": "Woolworths - 279755",
    "barcode": "0273216000007",
    "shop": "Woolworths",
    "weight": "1KG",
    "prices": [
      {
        "state": "VIC",
        "price": "2750",
        "price_per_unit": "1100",
        "price_unit": "KG"
      },
      {
        "state": "QLD",
        "price": "2750",
        "price_per_unit": "1100",
        "price_unit": "KG"
      },
      {
        "state": "WA",
        "price": "2750",
        "price_per_unit": "1100",
        "price_unit": "KG"
      },
      {
        "state": "SA",
        "price": "2750",
        "price_per_unit": "1100",
        "price_unit": "KG"
      },
      {
        "state": "TAS",
        "price": "2750",
        "price_per_unit": "1100",
        "price_unit": "KG"
      },
      {
        "state": "ACT",
        "price": "2750",
        "price_per_unit": "1100",
        "price_unit": "KG"
      },
      {
        "state": "NT",
        "price": "2750",
        "price_per_unit": "1100",
        "price_unit": "KG"
      },
      {
        "state": "QLD",
        "price": "2750",
        "price_per_unit": "1100",
        "price_unit": "KG"
      },
      {
        "state": "SA",
        "price": "2750",
        "price_per_unit": "1100",
        "price_unit": "KG"
      },
      {
        "state": "TAS",
        "price": "2750",
        "price_per_unit": "1100",
        "price_unit": "KG"
      },
      {
        "state": "ACT",
        "price": "2750",
        "price_per_unit": "1100",
        "price_unit": "KG"
      }
    ]
  },
  {
    "source_url": "https://www.woolworths.com.au/shop/productdetails/66904/woolworths-easy-carve-shoulder-ham",
    "name": "Woolworths Easy Carve Shoulder Ham 2.8kg - 3.2kg",
    "image_url": "https://cdn1.woolworths.media/content/wowproductimages/large/066904.jpg",
    "source_id": "Woolworths - 66904",
    "barcode": "0274296000000",
    "shop": "Woolworths",
    "weight": "1KG",
    "prices": [
      {
        "state": "NSW",
        "price": "3040",
        "price_per_unit": "950",
        "price_unit": "KG"
      },
      {
        "state": "VIC",
        "price": "3040",
        "price_per_unit": "950",
        "price_unit": "KG"
      },
      {
        "state": "QLD",
        "price": "3040",
        "price_per_unit": "950",
        "price_unit": "KG"
      },
      {
        "state": "WA",
        "price": "3040",
        "price_per_unit": "950",
        "price_unit": "KG"
      },
      {
        "state": "SA",
        "price": "3040",
        "price_per_unit": "950",
        "price_unit": "KG"
      },
      {
        "state": "TAS",
        "price": "3040",
        "price_per_unit": "950",
        "price_unit": "KG"
      },
      {
        "state": "ACT",
        "price": "3040",
        "price_per_unit": "950",
        "price_unit": "KG"
      },
      {
        "state": "NT",
        "price": "3040",
        "price_per_unit": "950",
        "price_unit": "KG"
      },
      {
        "state": "NSW",
        "price": "3040",
        "price_per_unit": "950",
        "price_unit": "KG"
      },
      {
        "state": "VIC",
        "price": "3040",
        "price_per_unit": "950",
        "price_unit": "KG"
      },
      {
        "state": "QLD",
        "price": "3040",
        "price_per_unit": "950",
        "price_unit": "KG"
      },
      {
        "state": "WA",
        "price": "3040",
        "price_per_unit": "950",
        "price_unit": "KG"
      },
      {
        "state": "SA",
        "price": "3040",
        "price_per_unit": "950",
        "price_unit": "KG"
      },
      {
        "state": "TAS",
        "price": "3040",
        "price_per_unit": "950",
        "price_unit": "KG"
      },
      {
        "state": "ACT",
        "price": "3040",
        "price_per_unit": "950",
        "price_unit": "KG"
      },
      {
        "state": "NT",
        "price": "3040",
        "price_per_unit": "950",
        "price_unit": "KG"
      }
    ]
  },
  {
    "source_url": "https://www.woolworths.com.au/shop/productdetails/217393/woolworths-gold-davidson-plum-honey-glaze-bake-leg-ham",
    "name": "Woolworths Gold Davidson Plum & Honey Glaze & Bake Leg Ham 840g",
    "image_url": "https://cdn1.woolworths.media/content/wowproductimages/large/217393.jpg",
    "source_id": "Woolworths - 217393",
    "barcode": "9339687303526",
    "shop": "Woolworths",
    "weight": "1KG",
    "prices": [
      null,
      {
        "state": "NT",
        "price": "2750",
        "price_per_unit": "3274",
        "price_unit": "KG"
      },
      {
        "state": "NT",
        "price": "2750",
        "price_per_unit": "3274",
        "price_unit": "KG"
      }
    ]
  },
  {
    "source_url": "https://www.woolworths.com.au/shop/productdetails/219951/woolworths-gold-honey-fig-rosemary-glaze-bake-leg-ham",
    "name": "Woolworths Gold Honey Fig & Rosemary Glaze & Bake Leg Ham 840g",
    "image_url": "https://cdn1.woolworths.media/content/wowproductimages/large/219951.jpg",
    "source_id": "Woolworths - 219951",
    "barcode": "9339687304219",
    "shop": "Woolworths",
    "weight": "1KG",
    "prices": [
      {
        "state": "VIC",
        "price": "2750",
        "price_per_unit": "3274",
        "price_unit": "KG"
      },
      {
        "state": "WA",
        "price": "2750",
        "price_per_unit": "3274",
        "price_unit": "KG"
      },
      {
        "state": "NT",
        "price": "2750",
        "price_per_unit": "3274",
        "price_unit": "KG"
      },
      {
        "state": "NT",
        "price": "2750",
        "price_per_unit": "3274",
        "price_unit": "KG"
      }
    ]
  },
  {
    "source_url": "https://www.woolworths.com.au/shop/productdetails/655400/woolworths-gold-triple-smoked-free-range-bone-in-half-leg-ham",
    "name": "Woolworths Gold Triple Smoked Free Range Bone-In Half Leg Ham 3kg - 6kg",
    "image_url": "https://cdn1.woolworths.media/content/wowproductimages/large/655400.jpg",
    "source_id": "Woolworths - 655400",
    "barcode": "0275854000005",
    "shop": "Woolworths",
    "weight": "1KG",
    "prices": [
      null,
      {
        "state": "NT",
        "price": "9300",
        "price_per_unit": "1550",
        "price_unit": "KG"
      },
      {
        "state": "WA",
        "price": "8100",
        "price_per_unit": "1350",
        "price_unit": "KG"
      },
      {
        "state": "NT",
        "price": "9300",
        "price_per_unit": "1550",
        "price_unit": "KG"
      }
    ]
  },
  {
    "source_url": "https://www.woolworths.com.au/shop/productdetails/655401/woolworths-gold-triple-smoked-free-range-quarter-leg-ham",
    "name": "Woolworths Gold Triple Smoked Free Range Quarter Leg Ham 1.6kg - 3kg",
    "image_url": "https://cdn1.woolworths.media/content/wowproductimages/large/655401.jpg",
    "source_id": "Woolworths - 655401",
    "barcode": "0275837000008",
    "shop": "Woolworths",
    "weight": "1KG",
    "prices": [
      {
        "state": "VIC",
        "price": "4500",
        "price_per_unit": "1500",
        "price_unit": "KG"
      },
      {
        "state": "QLD",
        "price": "4500",
        "price_per_unit": "1500",
        "price_unit": "KG"
      },
      {
        "state": "WA",
        "price": "4500",
        "price_per_unit": "1500",
        "price_unit": "KG"
      },
      {
        "state": "TAS",
        "price": "4500",
        "price_per_unit": "1500",
        "price_unit": "KG"
      },
      {
        "state": "ACT",
        "price": "4500",
        "price_per_unit": "1500",
        "price_unit": "KG"
      },
      {
        "state": "NT",
        "price": "4500",
        "price_per_unit": "1500",
        "price_unit": "KG"
      },
      {
        "state": "NSW",
        "price": "4500",
        "price_per_unit": "1500",
        "price_unit": "KG"
      },
      {
        "state": "QLD",
        "price": "4500",
        "price_per_unit": "1500",
        "price_unit": "KG"
      },
      {
        "state": "WA",
        "price": "4500",
        "price_per_unit": "1500",
        "price_unit": "KG"
      },
      {
        "state": "TAS",
        "price": "4500",
        "price_per_unit": "1500",
        "price_unit": "KG"
      },
      {
        "state": "ACT",
        "price": "4500",
        "price_per_unit": "1500",
        "price_unit": "KG"
      },
      {
        "state": "NT",
        "price": "4500",
        "price_per_unit": "1500",
        "price_unit": "KG"
      }
    ]
  },
  {
    "source_url": "https://www.woolworths.com.au/shop/productdetails/294782/woolworths-gold-wood-smoked-sliced-ham",
    "name": "Woolworths Gold Wood-Smoked Sliced Ham 500g",
    "image_url": "https://cdn1.woolworths.media/content/wowproductimages/large/294782.jpg",
    "source_id": "Woolworths - 294782",
    "barcode": "9339687343874",
    "shop": "Woolworths",
    "weight": "1KG",
    "prices": [
      {
        "state": "VIC",
        "price": "1200",
        "price_per_unit": "2400",
        "price_unit": "KG"
      },
      {
        "state": "WA",
        "price": "1200",
        "price_per_unit": "2400",
        "price_unit": "KG"
      },
      {
        "state": "SA",
        "price": "1200",
        "price_per_unit": "2400",
        "price_unit": "KG"
      },
      {
        "state": "ACT",
        "price": "1200",
        "price_per_unit": "2400",
        "price_unit": "KG"
      },
      {
        "state": "NT",
        "price": "1200",
        "price_per_unit": "2400",
        "price_unit": "KG"
      },
      {
        "state": "VIC",
        "price": "1200",
        "price_per_unit": "2400",
        "price_unit": "KG"
      },
      {
        "state": "SA",
        "price": "1200",
        "price_per_unit": "2400",
        "price_unit": "KG"
      },
      {
        "state": "ACT",
        "price": "1200",
        "price_per_unit": "2400",
        "price_unit": "KG"
      },
      {
        "state": "NT",
        "price": "1200",
        "price_per_unit": "2400",
        "price_unit": "KG"
      }
    ]
  },
  {
    "source_url": "https://www.woolworths.com.au/shop/productdetails/48358/woolworths-middle-bacon-middle-rashers",
    "name": "Woolworths Middle Bacon 1kg",
    "image_url": "https://cdn1.woolworths.media/content/wowproductimages/large/048358.jpg",
    "source_id": "Woolworths - 48358",
    "barcode": "9300633351045",
    "shop": "Woolworths",
    "weight": "1KG",
    "prices": [
      {
        "state": "NSW",
        "price": "1375",
        "price_per_unit": "1375",
        "price_unit": "KG"
      },
      {
        "state": "VIC",
        "price": "1375",
        "price_per_unit": "1375",
        "price_unit": "KG"
      },
      {
        "state": "QLD",
        "price": "1375",
        "price_per_unit": "1375",
        "price_unit": "KG"
      },
      {
        "state": "WA",
        "price": "1375",
        "price_per_unit": "1375",
        "price_unit": "KG"
      },
      {
        "state": "SA",
        "price": "1375",
        "price_per_unit": "1375",
        "price_unit": "KG"
      },
      {
        "state": "TAS",
        "price": "1375",
        "price_per_unit": "1375",
        "price_unit": "KG"
      },
      {
        "state": "ACT",
        "price": "1375",
        "price_per_unit": "1375",
        "price_unit": "KG"
      },
      {
        "state": "NT",
        "price": "1375",
        "price_per_unit": "1375",
        "price_unit": "KG"
      },
      {
        "state": "NSW",
        "price": "1375",
        "price_per_unit": "1375",
        "price_unit": "KG"
      },
      {
        "state": "VIC",
        "price": "1375",
        "price_per_unit": "1375",
        "price_unit": "KG"
      },
      {
        "state": "QLD",
        "price": "1375",
        "price_per_unit": "1375",
        "price_unit": "KG"
      },
      {
        "state": "WA",
        "price": "1375",
        "price_per_unit": "1375",
        "price_unit": "KG"
      },
      {
        "state": "SA",
        "price": "1375",
        "price_per_unit": "1375",
        "price_unit": "KG"
      },
      {
        "state": "TAS",
        "price": "1375",
        "price_per_unit": "1375",
        "price_unit": "KG"
      },
      {
        "state": "ACT",
        "price": "1375",
        "price_per_unit": "1375",
        "price_unit": "KG"
      },
      {
        "state": "NT",
        "price": "1375",
        "price_per_unit": "1375",
        "price_unit": "KG"
      }
    ]
  },
  {
    "source_url": "https://www.woolworths.com.au/shop/productdetails/266794/woolworths-middle-bacon-middle-cut-rashers",
    "name": "Woolworths Middle Bacon 250g",
    "image_url": "https://cdn1.woolworths.media/content/wowproductimages/large/266794.jpg",
    "source_id": "Woolworths - 266794",
    "barcode": "9300633974145",
    "shop": "Woolworths",
    "weight": "1KG",
    "prices": [
      {
        "state": "NSW",
        "price": "460",
        "price_per_unit": "1840",
        "price_unit": "KG"
      },
      {
        "state": "VIC",
        "price": "460",
        "price_per_unit": "1840",
        "price_unit": "KG"
      },
      {
        "state": "QLD",
        "price": "460",
        "price_per_unit": "1840",
        "price_unit": "KG"
      },
      {
        "state": "WA",
        "price": "460",
        "price_per_unit": "1840",
        "price_unit": "KG"
      },
      {
        "state": "SA",
        "price": "460",
        "price_per_unit": "1840",
        "price_unit": "KG"
      },
      {
        "state": "TAS",
        "price": "460",
        "price_per_unit": "1840",
        "price_unit": "KG"
      },
      {
        "state": "ACT",
        "price": "460",
        "price_per_unit": "1840",
        "price_unit": "KG"
      },
      {
        "state": "NT",
        "price": "460",
        "price_per_unit": "1840",
        "price_unit": "KG"
      },
      {
        "state": "NSW",
        "price": "460",
        "price_per_unit": "1840",
        "price_unit": "KG"
      },
      {
        "state": "VIC",
        "price": "460",
        "price_per_unit": "1840",
        "price_unit": "KG"
      },
      {
        "state": "QLD",
        "price": "460",
        "price_per_unit": "1840",
        "price_unit": "KG"
      },
      {
        "state": "WA",
        "price": "460",
        "price_per_unit": "1840",
        "price_unit": "KG"
      },
      {
        "state": "SA",
        "price": "460",
        "price_per_unit": "1840",
        "price_unit": "KG"
      },
      {
        "state": "TAS",
        "price": "460",
        "price_per_unit": "1840",
        "price_unit": "KG"
      },
      {
        "state": "ACT",
        "price": "460",
        "price_per_unit": "1840",
        "price_unit": "KG"
      },
      {
        "state": "NT",
        "price": "460",
        "price_per_unit": "1840",
        "price_unit": "KG"
      }
    ]
  },
  {
    "source_url": "https://www.woolworths.com.au/shop/productdetails/120226/woolworths-on-the-bone-oven-roasted-turkey-breast",
    "name": "Woolworths On The Bone Oven Roasted Turkey Breast 2.2kg - 3.2kg",
    "image_url": "https://cdn1.woolworths.media/content/wowproductimages/large/120226.jpg",
    "source_id": "Woolworths - 120226",
    "barcode": "2624520000005",
    "shop": "Woolworths",
    "weight": "1KG",
    "prices": [
      {
        "state": "NSW",
        "price": "6400",
        "price_per_unit": "2000",
        "price_unit": "KG"
      },
      {
        "state": "VIC",
        "price": "6400",
        "price_per_unit": "2000",
        "price_unit": "KG"
      },
      {
        "state": "QLD",
        "price": "6400",
        "price_per_unit": "2000",
        "price_unit": "KG"
      },
      {
        "state": "WA",
        "price": "6400",
        "price_per_unit": "2000",
        "price_unit": "KG"
      },
      {
        "state": "SA",
        "price": "6400",
        "price_per_unit": "2000",
        "price_unit": "KG"
      },
      {
        "state": "ACT",
        "price": "6400",
        "price_per_unit": "2000",
        "price_unit": "KG"
      },
      {
        "state": "NSW",
        "price": "6400",
        "price_per_unit": "2000",
        "price_unit": "KG"
      },
      {
        "state": "QLD",
        "price": "6400",
        "price_per_unit": "2000",
        "price_unit": "KG"
      },
      {
        "state": "SA",
        "price": "6400",
        "price_per_unit": "2000",
        "price_unit": "KG"
      },
      {
        "state": "ACT",
        "price": "6400",
        "price_per_unit": "2000",
        "price_unit": "KG"
      }
    ]
  },
  {
    "source_url": "https://www.woolworths.com.au/shop/productdetails/173711/woolworths-oven-roast-turkey-breast-with-cranberry-chestnut-stuffing",
    "name": "Woolworths Oven Roast Turkey Breast With Cranberry & Chestnut Stuffing 800g",
    "image_url": "https://cdn1.woolworths.media/content/wowproductimages/large/173711.jpg",
    "source_id": "Woolworths - 173711",
    "barcode": "9339687270323",
    "shop": "Woolworths",
    "weight": "1KG",
    "prices": [
      {
        "state": "NSW",
        "price": "3000",
        "price_per_unit": "3750",
        "price_unit": "KG"
      },
      {
        "state": "VIC",
        "price": "3000",
        "price_per_unit": "3750",
        "price_unit": "KG"
      },
      {
        "state": "WA",
        "price": "3000",
        "price_per_unit": "3750",
        "price_unit": "KG"
      },
      {
        "state": "TAS",
        "price": "3000",
        "price_per_unit": "3750",
        "price_unit": "KG"
      },
      {
        "state": "ACT",
        "price": "3000",
        "price_per_unit": "3750",
        "price_unit": "KG"
      },
      {
        "state": "NSW",
        "price": "3000",
        "price_per_unit": "3750",
        "price_unit": "KG"
      },
      {
        "state": "TAS",
        "price": "3000",
        "price_per_unit": "3750",
        "price_unit": "KG"
      },
      {
        "state": "ACT",
        "price": "3000",
        "price_per_unit": "3750",
        "price_unit": "KG"
      }
    ]
  },
  {
    "source_url": "https://www.woolworths.com.au/shop/productdetails/909128/woolworths-pre-scored-slow-cooked-pork-belly",
    "name": "Woolworths Pre-Scored Slow Cooked Pork Belly 400g - 1kg",
    "image_url": "https://cdn1.woolworths.media/content/wowproductimages/large/909128.jpg",
    "source_id": "Woolworths - 909128",
    "barcode": "2628840000004",
    "shop": "Woolworths",
    "weight": "1KG",
    "prices": [
      {
        "state": "QLD",
        "price": "2900",
        "price_per_unit": "2900",
        "price_unit": "KG"
      },
      {
        "state": "ACT",
        "price": "2900",
        "price_per_unit": "2900",
        "price_unit": "KG"
      },
      {
        "state": "NT",
        "price": "2900",
        "price_per_unit": "2900",
        "price_unit": "KG"
      },
      {
        "state": "QLD",
        "price": "2900",
        "price_per_unit": "2900",
        "price_unit": "KG"
      },
      {
        "state": "ACT",
        "price": "2900",
        "price_per_unit": "2900",
        "price_unit": "KG"
      },
      {
        "state": "NT",
        "price": "2900",
        "price_per_unit": "2900",
        "price_unit": "KG"
      }
    ]
  },
  {
    "source_url": "https://www.woolworths.com.au/shop/productdetails/922923/woolworths-quarter-leg-ham",
    "name": "Woolworths Quarter Leg Ham 1.7kg - 3kg",
    "image_url": "https://cdn1.woolworths.media/content/wowproductimages/large/922923.jpg",
    "source_id": "Woolworths - 922923",
    "barcode": "0277457000000",
    "shop": "Woolworths",
    "weight": "1KG",
    "prices": [
      {
        "state": "NSW",
        "price": "3750",
        "price_per_unit": "1250",
        "price_unit": "KG"
      },
      {
        "state": "VIC",
        "price": "3750",
        "price_per_unit": "1250",
        "price_unit": "KG"
      },
      {
        "state": "QLD",
        "price": "3750",
        "price_per_unit": "1250",
        "price_unit": "KG"
      },
      {
        "state": "SA",
        "price": "3750",
        "price_per_unit": "1250",
        "price_unit": "KG"
      },
      {
        "state": "TAS",
        "price": "3750",
        "price_per_unit": "1250",
        "price_unit": "KG"
      },
      {
        "state": "ACT",
        "price": "3750",
        "price_per_unit": "1250",
        "price_unit": "KG"
      },
      {
        "state": "NSW",
        "price": "3750",
        "price_per_unit": "1250",
        "price_unit": "KG"
      },
      {
        "state": "VIC",
        "price": "3750",
        "price_per_unit": "1250",
        "price_unit": "KG"
      },
      {
        "state": "QLD",
        "price": "3750",
        "price_per_unit": "1250",
        "price_unit": "KG"
      },
      {
        "state": "WA",
        "price": "3750",
        "price_per_unit": "1250",
        "price_unit": "KG"
      },
      {
        "state": "SA",
        "price": "3750",
        "price_per_unit": "1250",
        "price_unit": "KG"
      },
      {
        "state": "TAS",
        "price": "3750",
        "price_per_unit": "1250",
        "price_unit": "KG"
      },
      {
        "state": "ACT",
        "price": "3750",
        "price_per_unit": "1250",
        "price_unit": "KG"
      },
      {
        "state": "NT",
        "price": "3750",
        "price_per_unit": "1250",
        "price_unit": "KG"
      }
    ]
  },
  {
    "source_url": "https://www.woolworths.com.au/shop/productdetails/509865/woolworths-short-cut-bacon",
    "name": "Woolworths Short Cut Bacon 200g",
    "image_url": "https://cdn1.woolworths.media/content/wowproductimages/large/509865.jpg",
    "source_id": "Woolworths - 509865",
    "barcode": "9300633568696",
    "shop": "Woolworths",
    "weight": "1KG",
    "prices": [
      {
        "state": "NSW",
        "price": "440",
        "price_per_unit": "2200",
        "price_unit": "KG"
      },
      {
        "state": "VIC",
        "price": "440",
        "price_per_unit": "2200",
        "price_unit": "KG"
      },
      {
        "state": "QLD",
        "price": "440",
        "price_per_unit": "2200",
        "price_unit": "KG"
      },
      {
        "state": "WA",
        "price": "440",
        "price_per_unit": "2200",
        "price_unit": "KG"
      },
      {
        "state": "SA",
        "price": "440",
        "price_per_unit": "2200",
        "price_unit": "KG"
      },
      {
        "state": "ACT",
        "price": "440",
        "price_per_unit": "2200",
        "price_unit": "KG"
      },
      {
        "state": "NT",
        "price": "440",
        "price_per_unit": "2200",
        "price_unit": "KG"
      },
      {
        "state": "NSW",
        "price": "440",
        "price_per_unit": "2200",
        "price_unit": "KG"
      },
      {
        "state": "VIC",
        "price": "440",
        "price_per_unit": "2200",
        "price_unit": "KG"
      },
      {
        "state": "QLD",
        "price": "440",
        "price_per_unit": "2200",
        "price_unit": "KG"
      },
      {
        "state": "WA",
        "price": "440",
        "price_per_unit": "2200",
        "price_unit": "KG"
      },
      {
        "state": "SA",
        "price": "440",
        "price_per_unit": "2200",
        "price_unit": "KG"
      },
      {
        "state": "ACT",
        "price": "440",
        "price_per_unit": "2200",
        "price_unit": "KG"
      },
      {
        "state": "NT",
        "price": "440",
        "price_per_unit": "2200",
        "price_unit": "KG"
      }
    ]
  },
  {
    "source_url": "https://www.woolworths.com.au/shop/productdetails/55373/woolworths-shortcut-australian-bacon",
    "name": "Woolworths Shortcut Australian Bacon 200g",
    "image_url": "https://cdn1.woolworths.media/content/wowproductimages/large/055373.jpg",
    "source_id": "Woolworths - 55373",
    "barcode": "9339687105014",
    "shop": "Woolworths",
    "weight": "1KG",
    "prices": [
      {
        "state": "NSW",
        "price": "520",
        "price_per_unit": "2600",
        "price_unit": "KG"
      },
      {
        "state": "VIC",
        "price": "520",
        "price_per_unit": "2600",
        "price_unit": "KG"
      },
      {
        "state": "QLD",
        "price": "520",
        "price_per_unit": "2600",
        "price_unit": "KG"
      },
      {
        "state": "WA",
        "price": "520",
        "price_per_unit": "2600",
        "price_unit": "KG"
      },
      {
        "state": "SA",
        "price": "520",
        "price_per_unit": "2600",
        "price_unit": "KG"
      },
      {
        "state": "ACT",
        "price": "520",
        "price_per_unit": "2600",
        "price_unit": "KG"
      },
      {
        "state": "NT",
        "price": "520",
        "price_per_unit": "2600",
        "price_unit": "KG"
      },
      {
        "state": "NSW",
        "price": "520",
        "price_per_unit": "2600",
        "price_unit": "KG"
      },
      {
        "state": "QLD",
        "price": "520",
        "price_per_unit": "2600",
        "price_unit": "KG"
      },
      {
        "state": "WA",
        "price": "520",
        "price_per_unit": "2600",
        "price_unit": "KG"
      },
      {
        "state": "SA",
        "price": "520",
        "price_per_unit": "2600",
        "price_unit": "KG"
      },
      {
        "state": "ACT",
        "price": "520",
        "price_per_unit": "2600",
        "price_unit": "KG"
      },
      {
        "state": "NT",
        "price": "520",
        "price_per_unit": "2600",
        "price_unit": "KG"
      }
    ]
  },
  {
    "source_url": "https://www.woolworths.com.au/shop/productdetails/55375/woolworths-shortcut-bacon",
    "name": "Woolworths Shortcut Bacon 1kg",
    "image_url": "https://cdn1.woolworths.media/content/wowproductimages/large/055375.jpg",
    "source_id": "Woolworths - 55375",
    "barcode": "9339687105038",
    "shop": "Woolworths",
    "weight": "1KG",
    "prices": [
      {
        "state": "NSW",
        "price": "1375",
        "price_per_unit": "1375",
        "price_unit": "KG"
      },
      {
        "state": "VIC",
        "price": "1375",
        "price_per_unit": "1375",
        "price_unit": "KG"
      },
      {
        "state": "QLD",
        "price": "1375",
        "price_per_unit": "1375",
        "price_unit": "KG"
      },
      {
        "state": "WA",
        "price": "1375",
        "price_per_unit": "1375",
        "price_unit": "KG"
      },
      {
        "state": "SA",
        "price": "1375",
        "price_per_unit": "1375",
        "price_unit": "KG"
      },
      {
        "state": "TAS",
        "price": "1375",
        "price_per_unit": "1375",
        "price_unit": "KG"
      },
      {
        "state": "ACT",
        "price": "1375",
        "price_per_unit": "1375",
        "price_unit": "KG"
      },
      {
        "state": "NT",
        "price": "1375",
        "price_per_unit": "1375",
        "price_unit": "KG"
      },
      {
        "state": "NSW",
        "price": "1375",
        "price_per_unit": "1375",
        "price_unit": "KG"
      },
      {
        "state": "VIC",
        "price": "1375",
        "price_per_unit": "1375",
        "price_unit": "KG"
      },
      {
        "state": "QLD",
        "price": "1375",
        "price_per_unit": "1375",
        "price_unit": "KG"
      },
      {
        "state": "WA",
        "price": "1375",
        "price_per_unit": "1375",
        "price_unit": "KG"
      },
      {
        "state": "SA",
        "price": "1375",
        "price_per_unit": "1375",
        "price_unit": "KG"
      },
      {
        "state": "TAS",
        "price": "1375",
        "price_per_unit": "1375",
        "price_unit": "KG"
      },
      {
        "state": "ACT",
        "price": "1375",
        "price_per_unit": "1375",
        "price_unit": "KG"
      },
      {
        "state": "NT",
        "price": "1375",
        "price_per_unit": "1375",
        "price_unit": "KG"
      }
    ]
  },
  {
    "source_url": "https://www.woolworths.com.au/shop/productdetails/55374/woolworths-shortcut-bacon",
    "name": "Woolworths Shortcut Bacon 500g",
    "image_url": "https://cdn1.woolworths.media/content/wowproductimages/large/055374.jpg",
    "source_id": "Woolworths - 55374",
    "barcode": "9339687105021",
    "shop": "Woolworths",
    "weight": "1KG",
    "prices": [
      {
        "state": "NSW",
        "price": "825",
        "price_per_unit": "1650",
        "price_unit": "KG"
      },
      {
        "state": "VIC",
        "price": "825",
        "price_per_unit": "1650",
        "price_unit": "KG"
      },
      {
        "state": "QLD",
        "price": "825",
        "price_per_unit": "1650",
        "price_unit": "KG"
      },
      {
        "state": "WA",
        "price": "825",
        "price_per_unit": "1650",
        "price_unit": "KG"
      },
      {
        "state": "SA",
        "price": "825",
        "price_per_unit": "1650",
        "price_unit": "KG"
      },
      {
        "state": "TAS",
        "price": "825",
        "price_per_unit": "1650",
        "price_unit": "KG"
      },
      {
        "state": "ACT",
        "price": "825",
        "price_per_unit": "1650",
        "price_unit": "KG"
      },
      {
        "state": "NT",
        "price": "825",
        "price_per_unit": "1650",
        "price_unit": "KG"
      },
      {
        "state": "NSW",
        "price": "825",
        "price_per_unit": "1650",
        "price_unit": "KG"
      },
      {
        "state": "VIC",
        "price": "825",
        "price_per_unit": "1650",
        "price_unit": "KG"
      },
      {
        "state": "QLD",
        "price": "825",
        "price_per_unit": "1650",
        "price_unit": "KG"
      },
      {
        "state": "WA",
        "price": "825",
        "price_per_unit": "1650",
        "price_unit": "KG"
      },
      {
        "state": "SA",
        "price": "825",
        "price_per_unit": "1650",
        "price_unit": "KG"
      },
      {
        "state": "TAS",
        "price": "825",
        "price_per_unit": "1650",
        "price_unit": "KG"
      },
      {
        "state": "ACT",
        "price": "825",
        "price_per_unit": "1650",
        "price_unit": "KG"
      },
      {
        "state": "NT",
        "price": "825",
        "price_per_unit": "1650",
        "price_unit": "KG"
      }
    ]
  },
  {
    "source_url": "https://www.woolworths.com.au/shop/productdetails/453089/woolworths-smoked-bacon-pan-sized",
    "name": "Woolworths Smoked Bacon Pan Sized 200g",
    "image_url": "https://cdn1.woolworths.media/content/wowproductimages/large/453089.jpg",
    "source_id": "Woolworths - 453089",
    "barcode": "9339687361366",
    "shop": "Woolworths",
    "weight": "1KG",
    "prices": [
      {
        "state": "NSW",
        "price": "650",
        "price_per_unit": "3250",
        "price_unit": "KG"
      },
      {
        "state": "VIC",
        "price": "650",
        "price_per_unit": "3250",
        "price_unit": "KG"
      },
      {
        "state": "QLD",
        "price": "650",
        "price_per_unit": "3250",
        "price_unit": "KG"
      },
      {
        "state": "WA",
        "price": "650",
        "price_per_unit": "3250",
        "price_unit": "KG"
      },
      {
        "state": "SA",
        "price": "650",
        "price_per_unit": "3250",
        "price_unit": "KG"
      },
      {
        "state": "ACT",
        "price": "650",
        "price_per_unit": "3250",
        "price_unit": "KG"
      },
      {
        "state": "NSW",
        "price": "650",
        "price_per_unit": "3250",
        "price_unit": "KG"
      },
      {
        "state": "VIC",
        "price": "650",
        "price_per_unit": "3250",
        "price_unit": "KG"
      },
      {
        "state": "QLD",
        "price": "650",
        "price_per_unit": "3250",
        "price_unit": "KG"
      },
      {
        "state": "WA",
        "price": "650",
        "price_per_unit": "3250",
        "price_unit": "KG"
      },
      {
        "state": "SA",
        "price": "650",
        "price_per_unit": "3250",
        "price_unit": "KG"
      },
      {
        "state": "ACT",
        "price": "650",
        "price_per_unit": "3250",
        "price_unit": "KG"
      }
    ]
  },
  {
    "source_url": "https://www.woolworths.com.au/shop/productdetails/240363/woolworths-smoked-streaky-bacon",
    "name": "Woolworths Smoked Streaky Bacon 200g",
    "image_url": "https://cdn1.woolworths.media/content/wowproductimages/large/240363.jpg",
    "source_id": "Woolworths - 240363",
    "barcode": "9339687314539",
    "shop": "Woolworths",
    "weight": "1KG",
    "prices": [
      {
        "state": "NSW",
        "price": "670",
        "price_per_unit": "3350",
        "price_unit": "KG"
      },
      {
        "state": "VIC",
        "price": "670",
        "price_per_unit": "3350",
        "price_unit": "KG"
      },
      {
        "state": "QLD",
        "price": "670",
        "price_per_unit": "3350",
        "price_unit": "KG"
      },
      {
        "state": "WA",
        "price": "670",
        "price_per_unit": "3350",
        "price_unit": "KG"
      },
      {
        "state": "SA",
        "price": "670",
        "price_per_unit": "3350",
        "price_unit": "KG"
      },
      {
        "state": "ACT",
        "price": "670",
        "price_per_unit": "3350",
        "price_unit": "KG"
      },
      {
        "state": "NT",
        "price": "670",
        "price_per_unit": "3350",
        "price_unit": "KG"
      },
      {
        "state": "NSW",
        "price": "670",
        "price_per_unit": "3350",
        "price_unit": "KG"
      },
      {
        "state": "QLD",
        "price": "670",
        "price_per_unit": "3350",
        "price_unit": "KG"
      },
      {
        "state": "WA",
        "price": "670",
        "price_per_unit": "3350",
        "price_unit": "KG"
      },
      {
        "state": "SA",
        "price": "670",
        "price_per_unit": "3350",
        "price_unit": "KG"
      },
      {
        "state": "ACT",
        "price": "670",
        "price_per_unit": "3350",
        "price_unit": "KG"
      },
      {
        "state": "NT",
        "price": "670",
        "price_per_unit": "3350",
        "price_unit": "KG"
      }
    ]
  },
  {
    "source_url": "https://www.woolworths.com.au/shop/productdetails/717712/bertocchi-classic-leg-ham-virginian-shaved",
    "name": "Bertocchi Classic Leg Ham Virginian Shaved PER KG",
    "image_url": "https://cdn1.woolworths.media/content/wowproductimages/large/717712.jpg",
    "source_id": "Woolworths - 717712",
    "barcode": "0271982000009",
    "shop": "Woolworths",
    "weight": "1KG",
    "prices": [
      {
        "state": "VIC",
        "price": "2800",
        "price_per_unit": "2800",
        "price_unit": "KG"
      },
      {
        "state": "ACT",
        "price": "2800",
        "price_per_unit": "2800",
        "price_unit": "KG"
      },
      {
        "state": "VIC",
        "price": "2800",
        "price_per_unit": "2800",
        "price_unit": "KG"
      },
      {
        "state": "ACT",
        "price": "2800",
        "price_per_unit": "2800",
        "price_unit": "KG"
      }
    ]
  },
  {
    "source_url": "https://www.woolworths.com.au/shop/productdetails/715805/bertocchi-ham-virginian",
    "name": "Bertocchi Ham Virginian 750g",
    "image_url": "https://cdn1.woolworths.media/content/wowproductimages/large/715805.jpg",
    "source_id": "Woolworths - 715805",
    "barcode": "9310591401140",
    "shop": "Woolworths",
    "weight": "1KG",
    "prices": [
      {
        "state": "VIC",
        "price": "1920",
        "price_per_unit": "2560",
        "price_unit": "KG"
      },
      {
        "state": "VIC",
        "price": "1920",
        "price_per_unit": "2560",
        "price_unit": "KG"
      }
    ]
  },
  {
    "source_url": "https://www.woolworths.com.au/shop/productdetails/726028/bertocchi-pancetta-mild-sliced-from-the-deli",
    "name": "Bertocchi Pancetta Mild Sliced From The Deli Per kg",
    "image_url": "https://cdn1.woolworths.media/content/wowproductimages/large/726028.jpg",
    "source_id": "Woolworths - 726028",
    "barcode": "0273782000005",
    "shop": "Woolworths",
    "weight": "1KG",
    "prices": [
      {
        "state": "VIC",
        "price": "4200",
        "price_per_unit": "4200",
        "price_unit": "KG"
      },
      {
        "state": "QLD",
        "price": "4200",
        "price_per_unit": "4200",
        "price_unit": "KG"
      },
      {
        "state": "WA",
        "price": "4200",
        "price_per_unit": "4200",
        "price_unit": "KG"
      },
      {
        "state": "SA",
        "price": "4200",
        "price_per_unit": "4200",
        "price_unit": "KG"
      },
      {
        "state": "TAS",
        "price": "3700",
        "price_per_unit": "3700",
        "price_unit": "KG"
      },
      {
        "state": "ACT",
        "price": "3700",
        "price_per_unit": "3700",
        "price_unit": "KG"
      },
      {
        "state": "VIC",
        "price": "3700",
        "price_per_unit": "3700",
        "price_unit": "KG"
      },
      {
        "state": "QLD",
        "price": "3700",
        "price_per_unit": "3700",
        "price_unit": "KG"
      },
      {
        "state": "WA",
        "price": "3700",
        "price_per_unit": "3700",
        "price_unit": "KG"
      },
      {
        "state": "SA",
        "price": "3700",
        "price_per_unit": "3700",
        "price_unit": "KG"
      },
      {
        "state": "TAS",
        "price": "3700",
        "price_per_unit": "3700",
        "price_unit": "KG"
      },
      {
        "state": "ACT",
        "price": "3700",
        "price_per_unit": "3700",
        "price_unit": "KG"
      }
    ]
  },
  {
    "source_url": "https://www.woolworths.com.au/shop/productdetails/353946/bertocchi-premium-boneless-leg-ham-shaved-from-the-deli",
    "name": "Bertocchi Premium Boneless Leg Ham Shaved From The Deli Per Kg",
    "image_url": "https://cdn1.woolworths.media/content/wowproductimages/large/353946.jpg",
    "source_id": "Woolworths - 353946",
    "barcode": "0271484000002",
    "shop": "Woolworths",
    "weight": "1KG",
    "prices": [
      {
        "state": "VIC",
        "price": "3500",
        "price_per_unit": "3500",
        "price_unit": "KG"
      },
      {
        "state": "QLD",
        "price": "3500",
        "price_per_unit": "3500",
        "price_unit": "KG"
      },
      {
        "state": "WA",
        "price": "3500",
        "price_per_unit": "3500",
        "price_unit": "KG"
      },
      {
        "state": "SA",
        "price": "3500",
        "price_per_unit": "3500",
        "price_unit": "KG"
      },
      {
        "state": "TAS",
        "price": "2900",
        "price_per_unit": "2900",
        "price_unit": "KG"
      },
      {
        "state": "ACT",
        "price": "2900",
        "price_per_unit": "2900",
        "price_unit": "KG"
      },
      {
        "state": "NT",
        "price": "2900",
        "price_per_unit": "2900",
        "price_unit": "KG"
      },
      {
        "state": "VIC",
        "price": "2900",
        "price_per_unit": "2900",
        "price_unit": "KG"
      },
      {
        "state": "QLD",
        "price": "2900",
        "price_per_unit": "2900",
        "price_unit": "KG"
      },
      {
        "state": "WA",
        "price": "2900",
        "price_per_unit": "2900",
        "price_unit": "KG"
      },
      {
        "state": "SA",
        "price": "2900",
        "price_per_unit": "2900",
        "price_unit": "KG"
      },
      {
        "state": "TAS",
        "price": "2900",
        "price_per_unit": "2900",
        "price_unit": "KG"
      },
      {
        "state": "ACT",
        "price": "2900",
        "price_per_unit": "2900",
        "price_unit": "KG"
      },
      {
        "state": "NT",
        "price": "2900",
        "price_per_unit": "2900",
        "price_unit": "KG"
      }
    ]
  },
  {
    "source_url": "https://www.woolworths.com.au/shop/productdetails/384996/bertocchi-shortcut-bacon-rashers-from-the-deli",
    "name": "Bertocchi Shortcut Bacon Rashers From The Deli 2.5Kg Carton",
    "image_url": "https://cdn1.woolworths.media/content/wowproductimages/large/384996.jpg",
    "source_id": "Woolworths - 384996",
    "barcode": "0272244000003",
    "shop": "Woolworths",
    "weight": "1KG",
    "prices": [
      null
    ]
  },
  {
    "source_url": "https://www.woolworths.com.au/shop/productdetails/346624/bertocchi-shortcut-bacon-rashers-from-the-deli",
    "name": "Bertocchi Shortcut Bacon Rashers From The Deli Per Kg",
    "image_url": "https://cdn1.woolworths.media/content/wowproductimages/large/346624.jpg",
    "source_id": "Woolworths - 346624",
    "barcode": "0271485000001",
    "shop": "Woolworths",
    "weight": "1KG",
    "prices": [
      {
        "state": "VIC",
        "price": "2300",
        "price_per_unit": "2300",
        "price_unit": "KG"
      },
      {
        "state": "SA",
        "price": "2300",
        "price_per_unit": "2300",
        "price_unit": "KG"
      },
      {
        "state": "TAS",
        "price": "2300",
        "price_per_unit": "2300",
        "price_unit": "KG"
      },
      {
        "state": "ACT",
        "price": "1900",
        "price_per_unit": "1900",
        "price_unit": "KG"
      },
      {
        "state": "VIC",
        "price": "1900",
        "price_per_unit": "1900",
        "price_unit": "KG"
      },
      {
        "state": "SA",
        "price": "1900",
        "price_per_unit": "1900",
        "price_unit": "KG"
      },
      {
        "state": "TAS",
        "price": "1900",
        "price_per_unit": "1900",
        "price_unit": "KG"
      },
      {
        "state": "ACT",
        "price": "1900",
        "price_per_unit": "1900",
        "price_unit": "KG"
      }
    ]
  },
  {
    "source_url": "https://www.woolworths.com.au/shop/productdetails/129693/champagne-leg-ham-shaved-from-the-deli",
    "name": "Champagne Leg Ham Shaved From The Deli Per Kg",
    "image_url": "https://cdn1.woolworths.media/content/wowproductimages/large/129693.jpg",
    "source_id": "Woolworths - 129693",
    "barcode": "0276562000004",
    "shop": "Woolworths",
    "weight": "1KG",
    "prices": [
      {
        "state": "VIC",
        "price": "2350",
        "price_per_unit": "2350",
        "price_unit": "KG"
      },
      {
        "state": "QLD",
        "price": "2350",
        "price_per_unit": "2350",
        "price_unit": "KG"
      },
      {
        "state": "WA",
        "price": "2350",
        "price_per_unit": "2350",
        "price_unit": "KG"
      },
      {
        "state": "SA",
        "price": "2350",
        "price_per_unit": "2350",
        "price_unit": "KG"
      },
      {
        "state": "TAS",
        "price": "2350",
        "price_per_unit": "2350",
        "price_unit": "KG"
      },
      {
        "state": "ACT",
        "price": "2350",
        "price_per_unit": "2350",
        "price_unit": "KG"
      },
      {
        "state": "NT",
        "price": "2350",
        "price_per_unit": "2350",
        "price_unit": "KG"
      },
      {
        "state": "VIC",
        "price": "2350",
        "price_per_unit": "2350",
        "price_unit": "KG"
      },
      {
        "state": "QLD",
        "price": "2350",
        "price_per_unit": "2350",
        "price_unit": "KG"
      },
      {
        "state": "WA",
        "price": "2350",
        "price_per_unit": "2350",
        "price_unit": "KG"
      },
      {
        "state": "SA",
        "price": "2350",
        "price_per_unit": "2350",
        "price_unit": "KG"
      },
      {
        "state": "TAS",
        "price": "2350",
        "price_per_unit": "2350",
        "price_unit": "KG"
      },
      {
        "state": "ACT",
        "price": "2350",
        "price_per_unit": "2350",
        "price_unit": "KG"
      },
      {
        "state": "NT",
        "price": "2350",
        "price_per_unit": "2350",
        "price_unit": "KG"
      }
    ]
  },
  {
    "source_url": "https://www.woolworths.com.au/shop/productdetails/71860/d-orsogna-diced-bacon",
    "name": "D'Orsogna Diced Bacon Per Kg",
    "image_url": "https://cdn1.woolworths.media/content/wowproductimages/large/071860.jpg",
    "source_id": "Woolworths - 71860",
    "barcode": "0278511000004",
    "shop": "Woolworths",
    "weight": "1KG",
    "prices": [
      {
        "state": "VIC",
        "price": "1950",
        "price_per_unit": "1950",
        "price_unit": "KG"
      },
      {
        "state": "WA",
        "price": "1950",
        "price_per_unit": "1950",
        "price_unit": "KG"
      },
      {
        "state": "SA",
        "price": "1950",
        "price_per_unit": "1950",
        "price_unit": "KG"
      },
      {
        "state": "TAS",
        "price": "1950",
        "price_per_unit": "1950",
        "price_unit": "KG"
      },
      {
        "state": "ACT",
        "price": "1950",
        "price_per_unit": "1950",
        "price_unit": "KG"
      },
      {
        "state": "NT",
        "price": "1950",
        "price_per_unit": "1950",
        "price_unit": "KG"
      },
      {
        "state": "VIC",
        "price": "1950",
        "price_per_unit": "1950",
        "price_unit": "KG"
      },
      {
        "state": "SA",
        "price": "1950",
        "price_per_unit": "1950",
        "price_unit": "KG"
      },
      {
        "state": "TAS",
        "price": "1950",
        "price_per_unit": "1950",
        "price_unit": "KG"
      },
      {
        "state": "ACT",
        "price": "1950",
        "price_per_unit": "1950",
        "price_unit": "KG"
      },
      {
        "state": "NT",
        "price": "1950",
        "price_per_unit": "1950",
        "price_unit": "KG"
      }
    ]
  },
  {
    "source_url": "https://www.woolworths.com.au/shop/productdetails/175734/d-orsogna-ham-leg-triple-smoked-97-fat-free-shaved",
    "name": "D'Orsogna Ham Leg Triple Smoked 97% Fat Free Shaved 1kg",
    "image_url": "https://cdn1.woolworths.media/content/wowproductimages/large/175734.jpg",
    "source_id": "Woolworths - 175734",
    "barcode": "0278697000003",
    "shop": "Woolworths",
    "weight": "1KG",
    "prices": [
      {
        "state": "VIC",
        "price": "2400",
        "price_per_unit": "2400",
        "price_unit": "KG"
      },
      {
        "state": "QLD",
        "price": "2400",
        "price_per_unit": "2400",
        "price_unit": "KG"
      },
      {
        "state": "WA",
        "price": "2400",
        "price_per_unit": "2400",
        "price_unit": "KG"
      },
      {
        "state": "SA",
        "price": "2400",
        "price_per_unit": "2400",
        "price_unit": "KG"
      },
      {
        "state": "TAS",
        "price": "2400",
        "price_per_unit": "2400",
        "price_unit": "KG"
      },
      {
        "state": "ACT",
        "price": "2400",
        "price_per_unit": "2400",
        "price_unit": "KG"
      },
      {
        "state": "NT",
        "price": "2600",
        "price_per_unit": "2600",
        "price_unit": "KG"
      },
      {
        "state": "VIC",
        "price": "2600",
        "price_per_unit": "2600",
        "price_unit": "KG"
      },
      {
        "state": "QLD",
        "price": "2600",
        "price_per_unit": "2600",
        "price_unit": "KG"
      },
      {
        "state": "WA",
        "price": "2600",
        "price_per_unit": "2600",
        "price_unit": "KG"
      },
      {
        "state": "SA",
        "price": "2600",
        "price_per_unit": "2600",
        "price_unit": "KG"
      },
      {
        "state": "TAS",
        "price": "2600",
        "price_per_unit": "2600",
        "price_unit": "KG"
      },
      {
        "state": "ACT",
        "price": "2600",
        "price_per_unit": "2600",
        "price_unit": "KG"
      },
      {
        "state": "NT",
        "price": "2600",
        "price_per_unit": "2600",
        "price_unit": "KG"
      }
    ]
  },
  {
    "source_url": "https://www.woolworths.com.au/shop/productdetails/390420/d-orsogna-middle-bacon",
    "name": "D'orsogna Middle Bacon 1kg",
    "image_url": "https://cdn1.woolworths.media/content/wowproductimages/large/390420.jpg",
    "source_id": "Woolworths - 390420",
    "barcode": "9300767082532",
    "shop": "Woolworths",
    "weight": "1KG",
    "prices": [
      {
        "state": "VIC",
        "price": "2200",
        "price_per_unit": "2200",
        "price_unit": "KG"
      },
      {
        "state": "QLD",
        "price": "2200",
        "price_per_unit": "2200",
        "price_unit": "KG"
      },
      {
        "state": "WA",
        "price": "2200",
        "price_per_unit": "2200",
        "price_unit": "KG"
      },
      {
        "state": "SA",
        "price": "2200",
        "price_per_unit": "2200",
        "price_unit": "KG"
      },
      {
        "state": "TAS",
        "price": "2200",
        "price_per_unit": "2200",
        "price_unit": "KG"
      },
      {
        "state": "ACT",
        "price": "2200",
        "price_per_unit": "2200",
        "price_unit": "KG"
      },
      {
        "state": "NT",
        "price": "2200",
        "price_per_unit": "2200",
        "price_unit": "KG"
      },
      {
        "state": "VIC",
        "price": "2200",
        "price_per_unit": "2200",
        "price_unit": "KG"
      },
      {
        "state": "QLD",
        "price": "2200",
        "price_per_unit": "2200",
        "price_unit": "KG"
      },
      {
        "state": "WA",
        "price": "2200",
        "price_per_unit": "2200",
        "price_unit": "KG"
      },
      {
        "state": "SA",
        "price": "2200",
        "price_per_unit": "2200",
        "price_unit": "KG"
      },
      {
        "state": "TAS",
        "price": "2200",
        "price_per_unit": "2200",
        "price_unit": "KG"
      },
      {
        "state": "ACT",
        "price": "2200",
        "price_per_unit": "2200",
        "price_unit": "KG"
      },
      {
        "state": "NT",
        "price": "2200",
        "price_per_unit": "2200",
        "price_unit": "KG"
      }
    ]
  },
  {
    "source_url": "https://www.woolworths.com.au/shop/productdetails/71859/d-orsogna-middle-bacon",
    "name": "D'Orsogna Middle Bacon Per Kg",
    "image_url": "https://cdn1.woolworths.media/content/wowproductimages/large/071859.jpg",
    "source_id": "Woolworths - 71859",
    "barcode": "0278163000001",
    "shop": "Woolworths",
    "weight": "1KG",
    "prices": [
      {
        "state": "VIC",
        "price": "1600",
        "price_per_unit": "1600",
        "price_unit": "KG"
      },
      {
        "state": "SA",
        "price": "1600",
        "price_per_unit": "1600",
        "price_unit": "KG"
      },
      {
        "state": "ACT",
        "price": "1900",
        "price_per_unit": "1900",
        "price_unit": "KG"
      },
      {
        "state": "NT",
        "price": "1900",
        "price_per_unit": "1900",
        "price_unit": "KG"
      },
      {
        "state": "VIC",
        "price": "1900",
        "price_per_unit": "1900",
        "price_unit": "KG"
      },
      {
        "state": "SA",
        "price": "1900",
        "price_per_unit": "1900",
        "price_unit": "KG"
      },
      {
        "state": "ACT",
        "price": "1900",
        "price_per_unit": "1900",
        "price_unit": "KG"
      },
      {
        "state": "NT",
        "price": "1900",
        "price_per_unit": "1900",
        "price_unit": "KG"
      }
    ]
  },
  {
    "source_url": "https://www.woolworths.com.au/shop/productdetails/937258/d-orsogna-premium-ham-off-the-bone-shaved-from-the-deli",
    "name": "D'Orsogna Premium Ham Off The Bone Shaved From The Deli Per Kg",
    "image_url": "https://cdn1.woolworths.media/content/wowproductimages/large/937258.jpg",
    "source_id": "Woolworths - 937258",
    "barcode": "0272368000002",
    "shop": "Woolworths",
    "weight": "1KG",
    "prices": [
      {
        "state": "VIC",
        "price": "2900",
        "price_per_unit": "2900",
        "price_unit": "KG"
      },
      {
        "state": "QLD",
        "price": "2900",
        "price_per_unit": "2900",
        "price_unit": "KG"
      },
      {
        "state": "WA",
        "price": "2900",
        "price_per_unit": "2900",
        "price_unit": "KG"
      },
      {
        "state": "SA",
        "price": "2900",
        "price_per_unit": "2900",
        "price_unit": "KG"
      },
      {
        "state": "TAS",
        "price": "2900",
        "price_per_unit": "2900",
        "price_unit": "KG"
      },
      {
        "state": "ACT",
        "price": "3600",
        "price_per_unit": "3600",
        "price_unit": "KG"
      },
      {
        "state": "NT",
        "price": "3600",
        "price_per_unit": "3600",
        "price_unit": "KG"
      },
      {
        "state": "VIC",
        "price": "3600",
        "price_per_unit": "3600",
        "price_unit": "KG"
      },
      {
        "state": "QLD",
        "price": "3600",
        "price_per_unit": "3600",
        "price_unit": "KG"
      },
      {
        "state": "WA",
        "price": "3600",
        "price_per_unit": "3600",
        "price_unit": "KG"
      },
      {
        "state": "SA",
        "price": "3600",
        "price_per_unit": "3600",
        "price_unit": "KG"
      },
      {
        "state": "TAS",
        "price": "3600",
        "price_per_unit": "3600",
        "price_unit": "KG"
      },
      {
        "state": "ACT",
        "price": "3600",
        "price_per_unit": "3600",
        "price_unit": "KG"
      },
      {
        "state": "NT",
        "price": "3600",
        "price_per_unit": "3600",
        "price_unit": "KG"
      }
    ]
  },
  {
    "source_url": "https://www.woolworths.com.au/shop/productdetails/130276/deli-leg-ham-shaved-from-the-deli",
    "name": "Deli Leg Ham Shaved From The Deli Per Kg",
    "image_url": "https://cdn1.woolworths.media/content/wowproductimages/large/130276.jpg",
    "source_id": "Woolworths - 130276",
    "barcode": "0278776000009",
    "shop": "Woolworths",
    "weight": "1KG",
    "prices": [
      {
        "state": "VIC",
        "price": "1950",
        "price_per_unit": "1950",
        "price_unit": "KG"
      },
      {
        "state": "QLD",
        "price": "1950",
        "price_per_unit": "1950",
        "price_unit": "KG"
      },
      {
        "state": "WA",
        "price": "1950",
        "price_per_unit": "1950",
        "price_unit": "KG"
      },
      {
        "state": "SA",
        "price": "1950",
        "price_per_unit": "1950",
        "price_unit": "KG"
      },
      {
        "state": "TAS",
        "price": "1950",
        "price_per_unit": "1950",
        "price_unit": "KG"
      },
      {
        "state": "ACT",
        "price": "1950",
        "price_per_unit": "1950",
        "price_unit": "KG"
      },
      {
        "state": "NT",
        "price": "1950",
        "price_per_unit": "1950",
        "price_unit": "KG"
      },
      {
        "state": "VIC",
        "price": "1950",
        "price_per_unit": "1950",
        "price_unit": "KG"
      },
      {
        "state": "QLD",
        "price": "1950",
        "price_per_unit": "1950",
        "price_unit": "KG"
      },
      {
        "state": "WA",
        "price": "1950",
        "price_per_unit": "1950",
        "price_unit": "KG"
      },
      {
        "state": "SA",
        "price": "1950",
        "price_per_unit": "1950",
        "price_unit": "KG"
      },
      {
        "state": "TAS",
        "price": "1950",
        "price_per_unit": "1950",
        "price_unit": "KG"
      },
      {
        "state": "ACT",
        "price": "1950",
        "price_per_unit": "1950",
        "price_unit": "KG"
      },
      {
        "state": "NT",
        "price": "1950",
        "price_per_unit": "1950",
        "price_unit": "KG"
      }
    ]
  },
  {
    "source_url": "https://www.woolworths.com.au/shop/productdetails/387331/don-middle-bacon-rindless",
    "name": "Don Middle Bacon Rindless 250g",
    "image_url": "https://cdn1.woolworths.media/content/wowproductimages/large/387331.jpg",
    "source_id": "Woolworths - 387331",
    "barcode": "9326451013316",
    "shop": "Woolworths",
    "weight": "1KG",
    "prices": [
      {
        "state": "VIC",
        "price": "660",
        "price_per_unit": "2640",
        "price_unit": "KG"
      },
      {
        "state": "QLD",
        "price": "660",
        "price_per_unit": "2640",
        "price_unit": "KG"
      },
      {
        "state": "WA",
        "price": "660",
        "price_per_unit": "2640",
        "price_unit": "KG"
      },
      {
        "state": "SA",
        "price": "660",
        "price_per_unit": "2640",
        "price_unit": "KG"
      },
      {
        "state": "TAS",
        "price": "660",
        "price_per_unit": "2640",
        "price_unit": "KG"
      },
      {
        "state": "VIC",
        "price": "660",
        "price_per_unit": "2640",
        "price_unit": "KG"
      },
      {
        "state": "QLD",
        "price": "660",
        "price_per_unit": "2640",
        "price_unit": "KG"
      },
      {
        "state": "SA",
        "price": "660",
        "price_per_unit": "2640",
        "price_unit": "KG"
      },
      {
        "state": "TAS",
        "price": "660",
        "price_per_unit": "2640",
        "price_unit": "KG"
      }
    ]
  },
  {
    "source_url": "https://www.woolworths.com.au/shop/productdetails/262682/don-strassburg-shaved",
    "name": "Don Strassburg Shaved Per Kg",
    "image_url": "https://cdn1.woolworths.media/content/wowproductimages/large/262682.jpg",
    "source_id": "Woolworths - 262682",
    "barcode": "0272987000001",
    "shop": "Woolworths",
    "weight": "1KG",
    "prices": [
      {
        "state": "VIC",
        "price": "1750",
        "price_per_unit": "1750",
        "price_unit": "KG"
      },
      {
        "state": "VIC",
        "price": "1750",
        "price_per_unit": "1750",
        "price_unit": "KG"
      }
    ]
  },
  {
    "source_url": "https://www.woolworths.com.au/shop/productdetails/3165/don-strassburg-sliced",
    "name": "Don Strassburg Sliced Per Kg",
    "image_url": "https://cdn1.woolworths.media/content/wowproductimages/large/003165.jpg",
    "source_id": "Woolworths - 3165",
    "barcode": "0271047000005",
    "shop": "Woolworths",
    "weight": "1KG",
    "prices": [
      {
        "state": "VIC",
        "price": "1750",
        "price_per_unit": "1750",
        "price_unit": "KG"
      },
      {
        "state": "VIC",
        "price": "1750",
        "price_per_unit": "1750",
        "price_unit": "KG"
      }
    ]
  },
  {
    "source_url": "https://www.woolworths.com.au/shop/productdetails/48527/hans-devon-sliced",
    "name": "Hans Devon Sliced Per Kg",
    "image_url": "https://cdn1.woolworths.media/content/wowproductimages/large/048527.jpg",
    "source_id": "Woolworths - 48527",
    "barcode": "0270001000006",
    "shop": "Woolworths",
    "weight": "1KG",
    "prices": [
      {
        "state": "VIC",
        "price": "1050",
        "price_per_unit": "1050",
        "price_unit": "KG"
      },
      {
        "state": "QLD",
        "price": "1050",
        "price_per_unit": "1050",
        "price_unit": "KG"
      },
      {
        "state": "WA",
        "price": "1050",
        "price_per_unit": "1050",
        "price_unit": "KG"
      },
      {
        "state": "TAS",
        "price": "1050",
        "price_per_unit": "1050",
        "price_unit": "KG"
      },
      {
        "state": "ACT",
        "price": "1050",
        "price_per_unit": "1050",
        "price_unit": "KG"
      },
      {
        "state": "NT",
        "price": "1050",
        "price_per_unit": "1050",
        "price_unit": "KG"
      },
      {
        "state": "VIC",
        "price": "1050",
        "price_per_unit": "1050",
        "price_unit": "KG"
      },
      {
        "state": "QLD",
        "price": "1050",
        "price_per_unit": "1050",
        "price_unit": "KG"
      },
      {
        "state": "TAS",
        "price": "1050",
        "price_per_unit": "1050",
        "price_unit": "KG"
      },
      {
        "state": "ACT",
        "price": "1050",
        "price_per_unit": "1050",
        "price_unit": "KG"
      },
      {
        "state": "NT",
        "price": "1050",
        "price_per_unit": "1050",
        "price_unit": "KG"
      }
    ]
  },
  {
    "source_url": "https://www.woolworths.com.au/shop/productdetails/30936/ingham-s-chicken-sliced-roll",
    "name": "Ingham's Chicken Sliced Roll Per Kg",
    "image_url": "https://cdn1.woolworths.media/content/wowproductimages/large/030936.jpg",
    "source_id": "Woolworths - 30936",
    "barcode": "0271573000005",
    "shop": "Woolworths",
    "weight": "1KG",
    "prices": [
      {
        "state": "VIC",
        "price": "1600",
        "price_per_unit": "1600",
        "price_unit": "KG"
      },
      {
        "state": "QLD",
        "price": "1600",
        "price_per_unit": "1600",
        "price_unit": "KG"
      },
      {
        "state": "WA",
        "price": "1600",
        "price_per_unit": "1600",
        "price_unit": "KG"
      },
      {
        "state": "SA",
        "price": "1600",
        "price_per_unit": "1600",
        "price_unit": "KG"
      },
      {
        "state": "TAS",
        "price": "1600",
        "price_per_unit": "1600",
        "price_unit": "KG"
      },
      {
        "state": "ACT",
        "price": "1600",
        "price_per_unit": "1600",
        "price_unit": "KG"
      },
      {
        "state": "VIC",
        "price": "1600",
        "price_per_unit": "1600",
        "price_unit": "KG"
      },
      {
        "state": "QLD",
        "price": "1600",
        "price_per_unit": "1600",
        "price_unit": "KG"
      },
      {
        "state": "WA",
        "price": "1600",
        "price_per_unit": "1600",
        "price_unit": "KG"
      },
      {
        "state": "SA",
        "price": "1600",
        "price_per_unit": "1600",
        "price_unit": "KG"
      },
      {
        "state": "TAS",
        "price": "1600",
        "price_per_unit": "1600",
        "price_unit": "KG"
      },
      {
        "state": "ACT",
        "price": "1600",
        "price_per_unit": "1600",
        "price_unit": "KG"
      },
      {
        "state": "NT",
        "price": "1600",
        "price_per_unit": "1600",
        "price_unit": "KG"
      }
    ]
  },
  {
    "source_url": "https://www.woolworths.com.au/shop/productdetails/27316/ingham-s-oven-roasted-turkey-breast-shaved-from-the-deli",
    "name": "Ingham's Oven Roasted Turkey Breast Shaved From The Deli Per Kg",
    "image_url": "https://cdn1.woolworths.media/content/wowproductimages/large/027316.jpg",
    "source_id": "Woolworths - 27316",
    "barcode": "0272234000006",
    "shop": "Woolworths",
    "weight": "1KG",
    "prices": [
      {
        "state": "VIC",
        "price": "2700",
        "price_per_unit": "2700",
        "price_unit": "KG"
      },
      {
        "state": "QLD",
        "price": "2700",
        "price_per_unit": "2700",
        "price_unit": "KG"
      },
      {
        "state": "WA",
        "price": "2700",
        "price_per_unit": "2700",
        "price_unit": "KG"
      },
      {
        "state": "SA",
        "price": "2700",
        "price_per_unit": "2700",
        "price_unit": "KG"
      },
      {
        "state": "TAS",
        "price": "2700",
        "price_per_unit": "2700",
        "price_unit": "KG"
      },
      {
        "state": "ACT",
        "price": "2700",
        "price_per_unit": "2700",
        "price_unit": "KG"
      },
      {
        "state": "NT",
        "price": "2900",
        "price_per_unit": "2900",
        "price_unit": "KG"
      },
      {
        "state": "VIC",
        "price": "2900",
        "price_per_unit": "2900",
        "price_unit": "KG"
      },
      {
        "state": "QLD",
        "price": "2900",
        "price_per_unit": "2900",
        "price_unit": "KG"
      },
      {
        "state": "WA",
        "price": "2900",
        "price_per_unit": "2900",
        "price_unit": "KG"
      },
      {
        "state": "SA",
        "price": "2900",
        "price_per_unit": "2900",
        "price_unit": "KG"
      },
      {
        "state": "TAS",
        "price": "2900",
        "price_per_unit": "2900",
        "price_unit": "KG"
      },
      {
        "state": "ACT",
        "price": "2900",
        "price_per_unit": "2900",
        "price_unit": "KG"
      },
      {
        "state": "NT",
        "price": "2900",
        "price_per_unit": "2900",
        "price_unit": "KG"
      }
    ]
  },
  {
    "source_url": "https://www.woolworths.com.au/shop/productdetails/59755/ingham-s-oven-roasted-turkey-breast-sliced-from-the-deli",
    "name": "Ingham's Oven Roasted Turkey Breast Sliced From The Deli Per Kg",
    "image_url": "https://cdn1.woolworths.media/content/wowproductimages/large/059755.jpg",
    "source_id": "Woolworths - 59755",
    "barcode": "0274676000002",
    "shop": "Woolworths",
    "weight": "1KG",
    "prices": [
      {
        "state": "VIC",
        "price": "2700",
        "price_per_unit": "2700",
        "price_unit": "KG"
      },
      {
        "state": "QLD",
        "price": "2700",
        "price_per_unit": "2700",
        "price_unit": "KG"
      },
      {
        "state": "WA",
        "price": "2700",
        "price_per_unit": "2700",
        "price_unit": "KG"
      },
      {
        "state": "SA",
        "price": "2700",
        "price_per_unit": "2700",
        "price_unit": "KG"
      },
      {
        "state": "TAS",
        "price": "2700",
        "price_per_unit": "2700",
        "price_unit": "KG"
      },
      {
        "state": "ACT",
        "price": "2700",
        "price_per_unit": "2700",
        "price_unit": "KG"
      },
      {
        "state": "NT",
        "price": "2900",
        "price_per_unit": "2900",
        "price_unit": "KG"
      },
      {
        "state": "VIC",
        "price": "2900",
        "price_per_unit": "2900",
        "price_unit": "KG"
      },
      {
        "state": "QLD",
        "price": "2900",
        "price_per_unit": "2900",
        "price_unit": "KG"
      },
      {
        "state": "WA",
        "price": "2900",
        "price_per_unit": "2900",
        "price_unit": "KG"
      },
      {
        "state": "SA",
        "price": "2900",
        "price_per_unit": "2900",
        "price_unit": "KG"
      },
      {
        "state": "TAS",
        "price": "2900",
        "price_per_unit": "2900",
        "price_unit": "KG"
      },
      {
        "state": "ACT",
        "price": "2900",
        "price_per_unit": "2900",
        "price_unit": "KG"
      },
      {
        "state": "NT",
        "price": "2900",
        "price_per_unit": "2900",
        "price_unit": "KG"
      }
    ]
  },
  {
    "source_url": "https://www.woolworths.com.au/shop/productdetails/11303/moira-mac-s-marinated-bbq-chicken-breast-sliced",
    "name": "Moira Mac's Marinated Bbq Chicken Breast Sliced Per Kg",
    "image_url": "https://cdn1.woolworths.media/content/wowproductimages/large/011303.jpg",
    "source_id": "Woolworths - 11303",
    "barcode": "0274687000008",
    "shop": "Woolworths",
    "weight": "1KG",
    "prices": [
      {
        "state": "VIC",
        "price": "2950",
        "price_per_unit": "2950",
        "price_unit": "KG"
      },
      {
        "state": "QLD",
        "price": "2950",
        "price_per_unit": "2950",
        "price_unit": "KG"
      },
      {
        "state": "WA",
        "price": "2950",
        "price_per_unit": "2950",
        "price_unit": "KG"
      },
      {
        "state": "SA",
        "price": "2950",
        "price_per_unit": "2950",
        "price_unit": "KG"
      },
      {
        "state": "TAS",
        "price": "2950",
        "price_per_unit": "2950",
        "price_unit": "KG"
      },
      {
        "state": "ACT",
        "price": "2950",
        "price_per_unit": "2950",
        "price_unit": "KG"
      },
      {
        "state": "NT",
        "price": "2950",
        "price_per_unit": "2950",
        "price_unit": "KG"
      },
      {
        "state": "VIC",
        "price": "2950",
        "price_per_unit": "2950",
        "price_unit": "KG"
      },
      {
        "state": "QLD",
        "price": "2950",
        "price_per_unit": "2950",
        "price_unit": "KG"
      },
      {
        "state": "SA",
        "price": "2950",
        "price_per_unit": "2950",
        "price_unit": "KG"
      },
      {
        "state": "TAS",
        "price": "2950",
        "price_per_unit": "2950",
        "price_unit": "KG"
      },
      {
        "state": "ACT",
        "price": "2950",
        "price_per_unit": "2950",
        "price_unit": "KG"
      },
      {
        "state": "NT",
        "price": "2950",
        "price_per_unit": "2950",
        "price_unit": "KG"
      }
    ]
  },
  {
    "source_url": "https://www.woolworths.com.au/shop/productdetails/785788/moira-mac-s-oven-roasted-chicken-breast-shredded-from-the-deli",
    "name": "Moira Mac's Oven Roasted Chicken Breast Shredded From The Deli Per Kg",
    "image_url": "https://cdn1.woolworths.media/content/wowproductimages/large/785788.jpg",
    "source_id": "Woolworths - 785788",
    "barcode": "0273818000009",
    "shop": "Woolworths",
    "weight": "1KG",
    "prices": [
      {
        "state": "VIC",
        "price": "2950",
        "price_per_unit": "2950",
        "price_unit": "KG"
      },
      {
        "state": "QLD",
        "price": "2950",
        "price_per_unit": "2950",
        "price_unit": "KG"
      },
      {
        "state": "WA",
        "price": "2950",
        "price_per_unit": "2950",
        "price_unit": "KG"
      },
      {
        "state": "SA",
        "price": "2950",
        "price_per_unit": "2950",
        "price_unit": "KG"
      },
      {
        "state": "TAS",
        "price": "2950",
        "price_per_unit": "2950",
        "price_unit": "KG"
      },
      {
        "state": "ACT",
        "price": "2950",
        "price_per_unit": "2950",
        "price_unit": "KG"
      },
      {
        "state": "VIC",
        "price": "2950",
        "price_per_unit": "2950",
        "price_unit": "KG"
      },
      {
        "state": "QLD",
        "price": "2950",
        "price_per_unit": "2950",
        "price_unit": "KG"
      },
      {
        "state": "WA",
        "price": "2950",
        "price_per_unit": "2950",
        "price_unit": "KG"
      },
      {
        "state": "SA",
        "price": "2950",
        "price_per_unit": "2950",
        "price_unit": "KG"
      },
      {
        "state": "TAS",
        "price": "2950",
        "price_per_unit": "2950",
        "price_unit": "KG"
      }
    ]
  },
  {
    "source_url": "https://www.woolworths.com.au/shop/productdetails/800956/noel-smoked-spanish-jamon-serrano-freshly-sliced-from-the-deli",
    "name": "Noel Smoked Spanish Jamon Serrano Freshly Sliced From The Deli Per Kg",
    "image_url": "https://cdn1.woolworths.media/content/wowproductimages/large/800956.jpg",
    "source_id": "Woolworths - 800956",
    "barcode": "0273966000005",
    "shop": "Woolworths",
    "weight": "1KG",
    "prices": [
      {
        "state": "VIC",
        "price": "5500",
        "price_per_unit": "5500",
        "price_unit": "KG"
      },
      {
        "state": "QLD",
        "price": "5500",
        "price_per_unit": "5500",
        "price_unit": "KG"
      },
      {
        "state": "WA",
        "price": "5500",
        "price_per_unit": "5500",
        "price_unit": "KG"
      },
      {
        "state": "SA",
        "price": "5500",
        "price_per_unit": "5500",
        "price_unit": "KG"
      },
      {
        "state": "TAS",
        "price": "5500",
        "price_per_unit": "5500",
        "price_unit": "KG"
      },
      {
        "state": "ACT",
        "price": "5500",
        "price_per_unit": "5500",
        "price_unit": "KG"
      },
      {
        "state": "VIC",
        "price": "5500",
        "price_per_unit": "5500",
        "price_unit": "KG"
      },
      {
        "state": "QLD",
        "price": "5500",
        "price_per_unit": "5500",
        "price_unit": "KG"
      },
      {
        "state": "SA",
        "price": "5500",
        "price_per_unit": "5500",
        "price_unit": "KG"
      },
      {
        "state": "TAS",
        "price": "5500",
        "price_per_unit": "5500",
        "price_unit": "KG"
      },
      {
        "state": "ACT",
        "price": "5500",
        "price_per_unit": "5500",
        "price_unit": "KG"
      }
    ]
  },
  {
    "source_url": "https://www.woolworths.com.au/shop/productdetails/216667/otway-shortcut-bacon",
    "name": "Otway Shortcut Bacon 200g",
    "image_url": "https://cdn1.woolworths.media/content/wowproductimages/large/216667.jpg",
    "source_id": "Woolworths - 216667",
    "barcode": "9339728000278",
    "shop": "Woolworths",
    "weight": "1KG",
    "prices": [
      {
        "state": "VIC",
        "price": "1080",
        "price_per_unit": "5400",
        "price_unit": "KG"
      },
      {
        "state": "VIC",
        "price": "970",
        "price_per_unit": "4850",
        "price_unit": "KG"
      }
    ]
  },
  {
    "source_url": "https://www.woolworths.com.au/shop/productdetails/215508/otway-streaky-bacon",
    "name": "Otway Streaky Bacon 200g",
    "image_url": "https://cdn1.woolworths.media/content/wowproductimages/large/215508.jpg",
    "source_id": "Woolworths - 215508",
    "barcode": "9339728000285",
    "shop": "Woolworths",
    "weight": "1KG",
    "prices": [
      {
        "state": "VIC",
        "price": "1080",
        "price_per_unit": "5400",
        "price_unit": "KG"
      },
      {
        "state": "VIC",
        "price": "970",
        "price_per_unit": "4850",
        "price_unit": "KG"
      }
    ]
  },
  {
    "source_url": "https://www.woolworths.com.au/shop/productdetails/54467/primo-pastrami-shaved-from-the-deli",
    "name": "Primo Pastrami Shaved From The Deli per kg",
    "image_url": "https://cdn1.woolworths.media/content/wowproductimages/large/054467.jpg",
    "source_id": "Woolworths - 54467",
    "barcode": "0275645000009",
    "shop": "Woolworths",
    "weight": "1KG",
    "prices": [
      {
        "state": "VIC",
        "price": "3290",
        "price_per_unit": "3290",
        "price_unit": "KG"
      },
      {
        "state": "QLD",
        "price": "3290",
        "price_per_unit": "3290",
        "price_unit": "KG"
      },
      {
        "state": "WA",
        "price": "3290",
        "price_per_unit": "3290",
        "price_unit": "KG"
      },
      {
        "state": "SA",
        "price": "3290",
        "price_per_unit": "3290",
        "price_unit": "KG"
      },
      {
        "state": "TAS",
        "price": "3290",
        "price_per_unit": "3290",
        "price_unit": "KG"
      },
      {
        "state": "ACT",
        "price": "3290",
        "price_per_unit": "3290",
        "price_unit": "KG"
      },
      {
        "state": "NT",
        "price": "3290",
        "price_per_unit": "3290",
        "price_unit": "KG"
      },
      {
        "state": "VIC",
        "price": "3290",
        "price_per_unit": "3290",
        "price_unit": "KG"
      },
      {
        "state": "QLD",
        "price": "3290",
        "price_per_unit": "3290",
        "price_unit": "KG"
      },
      {
        "state": "WA",
        "price": "3290",
        "price_per_unit": "3290",
        "price_unit": "KG"
      },
      {
        "state": "SA",
        "price": "3290",
        "price_per_unit": "3290",
        "price_unit": "KG"
      },
      {
        "state": "TAS",
        "price": "3290",
        "price_per_unit": "3290",
        "price_unit": "KG"
      },
      {
        "state": "ACT",
        "price": "3290",
        "price_per_unit": "3290",
        "price_unit": "KG"
      },
      {
        "state": "NT",
        "price": "3290",
        "price_per_unit": "3290",
        "price_unit": "KG"
      }
    ]
  },
  {
    "source_url": "https://www.woolworths.com.au/shop/productdetails/32481/primo-pastrami-sliced-from-the-deli",
    "name": "Primo Pastrami Sliced From The Deli per kg",
    "image_url": "https://cdn1.woolworths.media/content/wowproductimages/large/032481.jpg",
    "source_id": "Woolworths - 32481",
    "barcode": "0270894000008",
    "shop": "Woolworths",
    "weight": "1KG",
    "prices": [
      {
        "state": "VIC",
        "price": "3290",
        "price_per_unit": "3290",
        "price_unit": "KG"
      },
      {
        "state": "QLD",
        "price": "3290",
        "price_per_unit": "3290",
        "price_unit": "KG"
      },
      {
        "state": "WA",
        "price": "3290",
        "price_per_unit": "3290",
        "price_unit": "KG"
      },
      {
        "state": "SA",
        "price": "3290",
        "price_per_unit": "3290",
        "price_unit": "KG"
      },
      {
        "state": "TAS",
        "price": "3290",
        "price_per_unit": "3290",
        "price_unit": "KG"
      },
      {
        "state": "ACT",
        "price": "3290",
        "price_per_unit": "3290",
        "price_unit": "KG"
      },
      {
        "state": "VIC",
        "price": "3290",
        "price_per_unit": "3290",
        "price_unit": "KG"
      },
      {
        "state": "QLD",
        "price": "3290",
        "price_per_unit": "3290",
        "price_unit": "KG"
      },
      {
        "state": "WA",
        "price": "3290",
        "price_per_unit": "3290",
        "price_unit": "KG"
      },
      {
        "state": "SA",
        "price": "3290",
        "price_per_unit": "3290",
        "price_unit": "KG"
      },
      {
        "state": "TAS",
        "price": "3290",
        "price_per_unit": "3290",
        "price_unit": "KG"
      },
      {
        "state": "ACT",
        "price": "3290",
        "price_per_unit": "3290",
        "price_unit": "KG"
      }
    ]
  },
  {
    "source_url": "https://www.woolworths.com.au/shop/productdetails/867292/primo-roast-pork-sliced-from-the-deli",
    "name": "Primo Roast Pork Sliced From The Deli Per kg",
    "image_url": "https://cdn1.woolworths.media/content/wowproductimages/large/867292.jpg",
    "source_id": "Woolworths - 867292",
    "barcode": "0275042000008",
    "shop": "Woolworths",
    "weight": "1KG",
    "prices": [
      {
        "state": "VIC",
        "price": "2850",
        "price_per_unit": "2850",
        "price_unit": "KG"
      },
      {
        "state": "QLD",
        "price": "2850",
        "price_per_unit": "2850",
        "price_unit": "KG"
      },
      {
        "state": "WA",
        "price": "2850",
        "price_per_unit": "2850",
        "price_unit": "KG"
      },
      {
        "state": "SA",
        "price": "2850",
        "price_per_unit": "2850",
        "price_unit": "KG"
      },
      {
        "state": "TAS",
        "price": "2000",
        "price_per_unit": "2000",
        "price_unit": "KG"
      },
      {
        "state": "ACT",
        "price": "2500",
        "price_per_unit": "2500",
        "price_unit": "KG"
      },
      {
        "state": "NT",
        "price": "2500",
        "price_per_unit": "2500",
        "price_unit": "KG"
      },
      {
        "state": "VIC",
        "price": "2500",
        "price_per_unit": "2500",
        "price_unit": "KG"
      },
      {
        "state": "QLD",
        "price": "2500",
        "price_per_unit": "2500",
        "price_unit": "KG"
      },
      {
        "state": "WA",
        "price": "2500",
        "price_per_unit": "2500",
        "price_unit": "KG"
      },
      {
        "state": "SA",
        "price": "2500",
        "price_per_unit": "2500",
        "price_unit": "KG"
      },
      {
        "state": "TAS",
        "price": "2500",
        "price_per_unit": "2500",
        "price_unit": "KG"
      },
      {
        "state": "ACT",
        "price": "2500",
        "price_per_unit": "2500",
        "price_unit": "KG"
      },
      {
        "state": "NT",
        "price": "2500",
        "price_per_unit": "2500",
        "price_unit": "KG"
      }
    ]
  },
  {
    "source_url": "https://www.woolworths.com.au/shop/productdetails/218133/woolworths-hickory-half-leg-ham",
    "name": "Woolworths Hickory Half Leg Ham 400g - 1.2kg",
    "image_url": "https://cdn1.woolworths.media/content/wowproductimages/large/218133.jpg",
    "source_id": "Woolworths - 218133",
    "barcode": "0230510000003",
    "shop": "Woolworths",
    "weight": "1KG",
    "prices": [
      {
        "state": "VIC",
        "price": "2820",
        "price_per_unit": "2350",
        "price_unit": "KG"
      },
      {
        "state": "QLD",
        "price": "2820",
        "price_per_unit": "2350",
        "price_unit": "KG"
      },
      {
        "state": "WA",
        "price": "2820",
        "price_per_unit": "2350",
        "price_unit": "KG"
      },
      {
        "state": "SA",
        "price": "2820",
        "price_per_unit": "2350",
        "price_unit": "KG"
      },
      {
        "state": "TAS",
        "price": "2820",
        "price_per_unit": "2350",
        "price_unit": "KG"
      },
      {
        "state": "ACT",
        "price": "2820",
        "price_per_unit": "2350",
        "price_unit": "KG"
      },
      {
        "state": "NT",
        "price": "2820",
        "price_per_unit": "2350",
        "price_unit": "KG"
      },
      {
        "state": "VIC",
        "price": "2820",
        "price_per_unit": "2350",
        "price_unit": "KG"
      },
      {
        "state": "QLD",
        "price": "2820",
        "price_per_unit": "2350",
        "price_unit": "KG"
      },
      {
        "state": "WA",
        "price": "2820",
        "price_per_unit": "2350",
        "price_unit": "KG"
      },
      {
        "state": "SA",
        "price": "2820",
        "price_per_unit": "2350",
        "price_unit": "KG"
      },
      {
        "state": "TAS",
        "price": "2820",
        "price_per_unit": "2350",
        "price_unit": "KG"
      },
      {
        "state": "ACT",
        "price": "2820",
        "price_per_unit": "2350",
        "price_unit": "KG"
      },
      {
        "state": "NT",
        "price": "2820",
        "price_per_unit": "2350",
        "price_unit": "KG"
      }
    ]
  },
  {
    "source_url": "https://www.woolworths.com.au/shop/productdetails/6000671/bertocchi-gold-streaky-premium-bacon",
    "name": "Bertocchi Gold Streaky Premium Bacon 300g",
    "image_url": "https://cdn1.woolworths.media/content/wowproductimages/large/6000671.jpg",
    "source_id": "Woolworths - 6000671",
    "barcode": "9310591506135",
    "shop": "Woolworths",
    "weight": "1KG",
    "prices": [
      {
        "state": "VIC",
        "price": "1200",
        "price_per_unit": "4000",
        "price_unit": "KG"
      },
      {
        "state": "QLD",
        "price": "1200",
        "price_per_unit": "4000",
        "price_unit": "KG"
      },
      {
        "state": "WA",
        "price": "1200",
        "price_per_unit": "4000",
        "price_unit": "KG"
      },
      {
        "state": "SA",
        "price": "1200",
        "price_per_unit": "4000",
        "price_unit": "KG"
      },
      {
        "state": "TAS",
        "price": "1200",
        "price_per_unit": "4000",
        "price_unit": "KG"
      },
      {
        "state": "ACT",
        "price": "1200",
        "price_per_unit": "4000",
        "price_unit": "KG"
      },
      {
        "state": "NT",
        "price": "1200",
        "price_per_unit": "4000",
        "price_unit": "KG"
      },
      {
        "state": "QLD",
        "price": "1200",
        "price_per_unit": "4000",
        "price_unit": "KG"
      },
      {
        "state": "WA",
        "price": "1200",
        "price_per_unit": "4000",
        "price_unit": "KG"
      },
      {
        "state": "SA",
        "price": "1200",
        "price_per_unit": "4000",
        "price_unit": "KG"
      },
      {
        "state": "TAS",
        "price": "1200",
        "price_per_unit": "4000",
        "price_unit": "KG"
      },
      {
        "state": "ACT",
        "price": "1200",
        "price_per_unit": "4000",
        "price_unit": "KG"
      },
      {
        "state": "NT",
        "price": "1200",
        "price_per_unit": "4000",
        "price_unit": "KG"
      }
    ]
  },
  {
    "source_url": "https://www.woolworths.com.au/shop/productdetails/204617/bertocchi-mortadella-green-olives-sliced-from-the-deli",
    "name": "Bertocchi Mortadella Green Olives Sliced From The Deli Per Kg",
    "image_url": "https://cdn1.woolworths.media/content/wowproductimages/large/204617.jpg",
    "source_id": "Woolworths - 204617",
    "barcode": "0270389000001",
    "shop": "Woolworths",
    "weight": "1KG",
    "prices": [
      {
        "state": "VIC",
        "price": "1650",
        "price_per_unit": "1650",
        "price_unit": "KG"
      },
      {
        "state": "WA",
        "price": "1650",
        "price_per_unit": "1650",
        "price_unit": "KG"
      }
    ]
  },
  {
    "source_url": "https://www.woolworths.com.au/shop/productdetails/227743/bertocchi-mortadella-plain-shaved-from-the-deli",
    "name": "Bertocchi Mortadella Plain Shaved From The Deli Per Kg",
    "image_url": "https://cdn1.woolworths.media/content/wowproductimages/large/227743.jpg",
    "source_id": "Woolworths - 227743",
    "barcode": "0271359000007",
    "shop": "Woolworths",
    "weight": "1KG",
    "prices": [
      {
        "state": "VIC",
        "price": "1650",
        "price_per_unit": "1650",
        "price_unit": "KG"
      },
      {
        "state": "WA",
        "price": "1650",
        "price_per_unit": "1650",
        "price_unit": "KG"
      },
      {
        "state": "TAS",
        "price": "1650",
        "price_per_unit": "1650",
        "price_unit": "KG"
      },
      {
        "state": "NT",
        "price": "1650",
        "price_per_unit": "1650",
        "price_unit": "KG"
      },
      {
        "state": "TAS",
        "price": "1650",
        "price_per_unit": "1650",
        "price_unit": "KG"
      },
      {
        "state": "NT",
        "price": "1650",
        "price_per_unit": "1650",
        "price_unit": "KG"
      }
    ]
  },
  {
    "source_url": "https://www.woolworths.com.au/shop/productdetails/14812/bertocchi-mortadella-plain-sliced-from-the-deli",
    "name": "Bertocchi Mortadella Plain Sliced From The Deli Per Kg",
    "image_url": "https://cdn1.woolworths.media/content/wowproductimages/large/014812.jpg",
    "source_id": "Woolworths - 14812",
    "barcode": "0273105000002",
    "shop": "Woolworths",
    "weight": "1KG",
    "prices": [
      {
        "state": "VIC",
        "price": "1650",
        "price_per_unit": "1650",
        "price_unit": "KG"
      },
      {
        "state": "WA",
        "price": "1650",
        "price_per_unit": "1650",
        "price_unit": "KG"
      },
      {
        "state": "TAS",
        "price": "1650",
        "price_per_unit": "1650",
        "price_unit": "KG"
      },
      {
        "state": "NT",
        "price": "1650",
        "price_per_unit": "1650",
        "price_unit": "KG"
      },
      {
        "state": "TAS",
        "price": "1650",
        "price_per_unit": "1650",
        "price_unit": "KG"
      },
      {
        "state": "NT",
        "price": "1650",
        "price_per_unit": "1650",
        "price_unit": "KG"
      }
    ]
  },
  {
    "source_url": "https://www.woolworths.com.au/shop/productdetails/746376/d-orsogna-plain-streaky-bacon-from-the-deli",
    "name": "D'Orsogna Plain Streaky Bacon From The Deli Per Kg",
    "image_url": "https://cdn1.woolworths.media/content/wowproductimages/large/746376.jpg",
    "source_id": "Woolworths - 746376",
    "barcode": "0276620000007",
    "shop": "Woolworths",
    "weight": "1KG",
    "prices": [
      {
        "state": "VIC",
        "price": "2300",
        "price_per_unit": "2300",
        "price_unit": "KG"
      },
      {
        "state": "WA",
        "price": "2300",
        "price_per_unit": "2300",
        "price_unit": "KG"
      },
      {
        "state": "SA",
        "price": "2300",
        "price_per_unit": "2300",
        "price_unit": "KG"
      },
      {
        "state": "TAS",
        "price": "2300",
        "price_per_unit": "2300",
        "price_unit": "KG"
      },
      {
        "state": "ACT",
        "price": "2300",
        "price_per_unit": "2300",
        "price_unit": "KG"
      },
      {
        "state": "SA",
        "price": "2300",
        "price_per_unit": "2300",
        "price_unit": "KG"
      },
      {
        "state": "TAS",
        "price": "2300",
        "price_per_unit": "2300",
        "price_unit": "KG"
      },
      {
        "state": "ACT",
        "price": "2300",
        "price_per_unit": "2300",
        "price_unit": "KG"
      }
    ]
  },
  {
    "source_url": "https://www.woolworths.com.au/shop/productdetails/71841/d-orsogna-shortcut-bacon",
    "name": "D'Orsogna Shortcut Bacon Per Kg",
    "image_url": "https://cdn1.woolworths.media/content/wowproductimages/large/071841.jpg",
    "source_id": "Woolworths - 71841",
    "barcode": "0277540000009",
    "shop": "Woolworths",
    "weight": "1KG",
    "prices": [
      {
        "state": "VIC",
        "price": "2300",
        "price_per_unit": "2300",
        "price_unit": "KG"
      },
      {
        "state": "QLD",
        "price": "2300",
        "price_per_unit": "2300",
        "price_unit": "KG"
      },
      {
        "state": "WA",
        "price": "2300",
        "price_per_unit": "2300",
        "price_unit": "KG"
      },
      {
        "state": "QLD",
        "price": "1900",
        "price_per_unit": "1900",
        "price_unit": "KG"
      },
      {
        "state": "WA",
        "price": "1900",
        "price_per_unit": "1900",
        "price_unit": "KG"
      }
    ]
  },
  {
    "source_url": "https://www.woolworths.com.au/shop/productdetails/387020/don-rindless-bacon-pan-size",
    "name": "Don Rindless Bacon Pan Size 2 Pack",
    "image_url": "https://cdn1.woolworths.media/content/wowproductimages/large/387020.jpg",
    "source_id": "Woolworths - 387020",
    "barcode": "9326451023513",
    "shop": "Woolworths",
    "weight": "1KG",
    "prices": [
      {
        "state": "VIC",
        "price": "1400",
        "price_per_unit": "2800",
        "price_unit": "KG"
      },
      {
        "state": "QLD",
        "price": "1400",
        "price_per_unit": "2800",
        "price_unit": "KG"
      },
      {
        "state": "WA",
        "price": "1400",
        "price_per_unit": "2800",
        "price_unit": "KG"
      },
      {
        "state": "SA",
        "price": "1400",
        "price_per_unit": "2800",
        "price_unit": "KG"
      },
      {
        "state": "TAS",
        "price": "1400",
        "price_per_unit": "2800",
        "price_unit": "KG"
      },
      {
        "state": "QLD",
        "price": "1200",
        "price_per_unit": "2400",
        "price_unit": "KG"
      },
      {
        "state": "SA",
        "price": "1200",
        "price_per_unit": "2400",
        "price_unit": "KG"
      },
      {
        "state": "TAS",
        "price": "1200",
        "price_per_unit": "2400",
        "price_unit": "KG"
      }
    ]
  },
  {
    "source_url": "https://www.woolworths.com.au/shop/productdetails/216733/don-short-cut-rindless-bacon-twin-pack",
    "name": "Don Short Cut Rindless Bacon Twin Pack 500g",
    "image_url": "https://cdn1.woolworths.media/content/wowproductimages/large/216733.jpg",
    "source_id": "Woolworths - 216733",
    "barcode": "9326451005991",
    "shop": "Woolworths",
    "weight": "1KG",
    "prices": [
      {
        "state": "VIC",
        "price": "1400",
        "price_per_unit": "2800",
        "price_unit": "KG"
      },
      {
        "state": "QLD",
        "price": "1400",
        "price_per_unit": "2800",
        "price_unit": "KG"
      },
      {
        "state": "WA",
        "price": "1400",
        "price_per_unit": "2800",
        "price_unit": "KG"
      },
      {
        "state": "SA",
        "price": "1400",
        "price_per_unit": "2800",
        "price_unit": "KG"
      },
      {
        "state": "TAS",
        "price": "1400",
        "price_per_unit": "2800",
        "price_unit": "KG"
      },
      {
        "state": "ACT",
        "price": "1400",
        "price_per_unit": "2800",
        "price_unit": "KG"
      },
      {
        "state": "QLD",
        "price": "1200",
        "price_per_unit": "2400",
        "price_unit": "KG"
      },
      {
        "state": "WA",
        "price": "1200",
        "price_per_unit": "2400",
        "price_unit": "KG"
      },
      {
        "state": "SA",
        "price": "1200",
        "price_per_unit": "2400",
        "price_unit": "KG"
      },
      {
        "state": "TAS",
        "price": "1200",
        "price_per_unit": "2400",
        "price_unit": "KG"
      },
      {
        "state": "ACT",
        "price": "1200",
        "price_per_unit": "2400",
        "price_unit": "KG"
      }
    ]
  },
  {
    "source_url": "https://www.woolworths.com.au/shop/productdetails/801197/from-the-deli-beretta-italian-prosciutto-di-parma-freshly-sliced",
    "name": "From the Deli Beretta Italian Prosciutto Di Parma Freshly Sliced Per Kg",
    "image_url": "https://cdn1.woolworths.media/content/wowproductimages/large/801197.jpg",
    "source_id": "Woolworths - 801197",
    "barcode": "0273970000008",
    "shop": "Woolworths",
    "weight": "1KG",
    "prices": [
      {
        "state": "VIC",
        "price": "7000",
        "price_per_unit": "7000",
        "price_unit": "KG"
      },
      {
        "state": "WA",
        "price": "7000",
        "price_per_unit": "7000",
        "price_unit": "KG"
      },
      {
        "state": "ACT",
        "price": "6500",
        "price_per_unit": "6500",
        "price_unit": "KG"
      },
      {
        "state": "ACT",
        "price": "6500",
        "price_per_unit": "6500",
        "price_unit": "KG"
      }
    ]
  },
  {
    "source_url": "https://www.woolworths.com.au/shop/productdetails/714680/from-the-deli-middle-bacon-rashers-from-the-deli",
    "name": "From the Deli Middle Bacon Rashers From The Deli Per Kg",
    "image_url": "https://cdn1.woolworths.media/content/wowproductimages/large/714680.jpg",
    "source_id": "Woolworths - 714680",
    "barcode": "0272476000000",
    "shop": "Woolworths",
    "weight": "1KG",
    "prices": [
      {
        "state": "VIC",
        "price": "1600",
        "price_per_unit": "1600",
        "price_unit": "KG"
      },
      {
        "state": "QLD",
        "price": "1600",
        "price_per_unit": "1600",
        "price_unit": "KG"
      },
      {
        "state": "WA",
        "price": "1600",
        "price_per_unit": "1600",
        "price_unit": "KG"
      },
      {
        "state": "TAS",
        "price": "1900",
        "price_per_unit": "1900",
        "price_unit": "KG"
      },
      {
        "state": "QLD",
        "price": "1900",
        "price_per_unit": "1900",
        "price_unit": "KG"
      },
      {
        "state": "TAS",
        "price": "1900",
        "price_per_unit": "1900",
        "price_unit": "KG"
      }
    ]
  },
  {
    "source_url": "https://www.woolworths.com.au/shop/productdetails/77500/primo-berliner-sliced",
    "name": "Primo Berliner Sliced Per Kg",
    "image_url": "https://cdn1.woolworths.media/content/wowproductimages/large/077500.jpg",
    "source_id": "Woolworths - 77500",
    "barcode": "0270073000003",
    "shop": "Woolworths",
    "weight": "1KG",
    "prices": [
      {
        "state": "VIC",
        "price": "2200",
        "price_per_unit": "2200",
        "price_unit": "KG"
      },
      {
        "state": "WA",
        "price": "2200",
        "price_per_unit": "2200",
        "price_unit": "KG"
      }
    ]
  },
  {
    "source_url": "https://www.woolworths.com.au/shop/productdetails/694706/primo-middle-rindless-bacon-twin-pack",
    "name": "Primo Middle Rindless Bacon Twin Pack 500g",
    "image_url": "https://cdn1.woolworths.media/content/wowproductimages/large/694706.jpg",
    "source_id": "Woolworths - 694706",
    "barcode": "9311594022370",
    "shop": "Woolworths",
    "weight": "1KG",
    "prices": [
      {
        "state": "VIC",
        "price": "1300",
        "price_per_unit": "2600",
        "price_unit": "KG"
      },
      {
        "state": "QLD",
        "price": "1300",
        "price_per_unit": "2600",
        "price_unit": "KG"
      },
      {
        "state": "WA",
        "price": "1300",
        "price_per_unit": "2600",
        "price_unit": "KG"
      },
      {
        "state": "SA",
        "price": "1300",
        "price_per_unit": "2600",
        "price_unit": "KG"
      },
      {
        "state": "TAS",
        "price": "1300",
        "price_per_unit": "2600",
        "price_unit": "KG"
      },
      {
        "state": "ACT",
        "price": "1300",
        "price_per_unit": "2600",
        "price_unit": "KG"
      },
      {
        "state": "QLD",
        "price": "1300",
        "price_per_unit": "2600",
        "price_unit": "KG"
      },
      {
        "state": "SA",
        "price": "1300",
        "price_per_unit": "2600",
        "price_unit": "KG"
      },
      {
        "state": "TAS",
        "price": "1300",
        "price_per_unit": "2600",
        "price_unit": "KG"
      },
      {
        "state": "ACT",
        "price": "1300",
        "price_per_unit": "2600",
        "price_unit": "KG"
      }
    ]
  },
  {
    "source_url": "https://www.woolworths.com.au/shop/productdetails/273259/woolworths-cooking-bacon",
    "name": "Woolworths Cooking Bacon 1kg",
    "image_url": "https://cdn1.woolworths.media/content/wowproductimages/large/273259.jpg",
    "source_id": "Woolworths - 273259",
    "barcode": "9339687330034",
    "shop": "Woolworths",
    "weight": "1KG",
    "prices": [
      {
        "state": "VIC",
        "price": "1100",
        "price_per_unit": "1100",
        "price_unit": "KG"
      },
      {
        "state": "WA",
        "price": "1100",
        "price_per_unit": "1100",
        "price_unit": "KG"
      }
    ]
  },
  {
    "source_url": "https://www.woolworths.com.au/shop/productdetails/185020/bertocchi-easy-cut-leg-ham-half",
    "name": "Bertocchi Easy Cut Leg Ham Half 3.2kg - 3.8kg",
    "image_url": "https://cdn1.woolworths.media/content/wowproductimages/large/185020.jpg",
    "source_id": "Woolworths - 185020",
    "barcode": "0230480000003",
    "shop": "Woolworths",
    "weight": "1KG",
    "prices": [
      null
    ]
  },
  {
    "source_url": "https://www.woolworths.com.au/shop/productdetails/549578/bertocchi-premium-leg-ham-pure-gold",
    "name": "Bertocchi Premium Leg Ham Pure Gold 2.2kg - 2.8kg",
    "image_url": "https://cdn1.woolworths.media/content/wowproductimages/large/549578.jpg",
    "source_id": "Woolworths - 549578",
    "barcode": "2222970000004",
    "shop": "Woolworths",
    "weight": "1KG",
    "prices": [
      null
    ]
  },
  {
    "source_url": "https://www.woolworths.com.au/shop/productdetails/546299/bertocchi-real-leg-ham-applewood-smoked-nugget",
    "name": "Bertocchi Real Leg Ham Applewood Smoked Nugget 3.1kg - 3.3kg",
    "image_url": "https://cdn1.woolworths.media/content/wowproductimages/large/546299.jpg",
    "source_id": "Woolworths - 546299",
    "barcode": "2222960000007",
    "shop": "Woolworths",
    "weight": "1KG",
    "prices": [
      null
    ]
  },
  {
    "source_url": "https://www.woolworths.com.au/shop/productdetails/937558/primo-diced-bacon-from-the-deli",
    "name": "Primo Diced Bacon From The Deli Per Kg",
    "image_url": "https://cdn1.woolworths.media/content/wowproductimages/large/937558.jpg",
    "source_id": "Woolworths - 937558",
    "barcode": "0277352000006",
    "shop": "Woolworths",
    "weight": "1KG",
    "prices": [
      {
        "state": "QLD",
        "price": "1950",
        "price_per_unit": "1950",
        "price_unit": "KG"
      },
      {
        "state": "QLD",
        "price": "1950",
        "price_per_unit": "1950",
        "price_unit": "KG"
      }
    ]
  },
  {
    "source_url": "https://www.woolworths.com.au/shop/productdetails/399714/adelaide-hills-mild-presswurst-sliced-from-the-deli",
    "name": "Adelaide Hills Mild Presswurst Sliced From The Deli Per Kg",
    "image_url": "https://cdn1.woolworths.media/content/wowproductimages/large/399714.jpg",
    "source_id": "Woolworths - 399714",
    "barcode": "0272613000009",
    "shop": "Woolworths",
    "weight": "1KG",
    "prices": [
      {
        "state": "SA",
        "price": "2600",
        "price_per_unit": "2600",
        "price_unit": "KG"
      },
      {
        "state": "SA",
        "price": "2600",
        "price_per_unit": "2600",
        "price_unit": "KG"
      }
    ]
  },
  {
    "source_url": "https://www.woolworths.com.au/shop/productdetails/810867/barossa-fine-foods-fine-foods-schulz-bacon",
    "name": "Barossa Fine Foods Schulz Bacon 200g",
    "image_url": "https://cdn1.woolworths.media/content/wowproductimages/large/810867.jpg",
    "source_id": "Woolworths - 810867",
    "barcode": "9333278000153",
    "shop": "Woolworths",
    "weight": "1KG",
    "prices": [
      {
        "state": "SA",
        "price": "725",
        "price_per_unit": "3625",
        "price_unit": "KG"
      },
      {
        "state": "SA",
        "price": "725",
        "price_per_unit": "3625",
        "price_unit": "KG"
      }
    ]
  },
  {
    "source_url": "https://www.woolworths.com.au/shop/productdetails/145398/bertocchi-easy-carve-leg-ham",
    "name": "Bertocchi Easy Carve Leg Ham 1.2kg - 1.63kg",
    "image_url": "https://cdn1.woolworths.media/content/wowproductimages/large/145398.jpg",
    "source_id": "Woolworths - 145398",
    "barcode": "0230380000004",
    "shop": "Woolworths",
    "weight": "1KG",
    "prices": [
      null
    ]
  },
  {
    "source_url": "https://www.woolworths.com.au/shop/productdetails/69624/borrowdale-free-range-1-4-ham",
    "name": "Borrowdale Free Range 1/4 Ham Per Kg",
    "image_url": "https://cdn1.woolworths.media/content/wowproductimages/large/069624.jpg",
    "source_id": "Woolworths - 69624",
    "barcode": "2888760000007",
    "shop": "Woolworths",
    "weight": "1KG",
    "prices": [
      null
    ]
  },
  {
    "source_url": "https://www.woolworths.com.au/shop/productdetails/12605/chapmans-bung-fritz-from-the-deli",
    "name": "Chapmans Chapmans Bung Fritz From The Deli Per Kg",
    "image_url": "https://cdn1.woolworths.media/content/wowproductimages/large/012605.jpg",
    "source_id": "Woolworths - 12605",
    "barcode": "0271054000005",
    "shop": "Woolworths",
    "weight": "1KG",
    "prices": [
      {
        "state": "SA",
        "price": "1220",
        "price_per_unit": "1220",
        "price_unit": "KG"
      },
      {
        "state": "SA",
        "price": "1220",
        "price_per_unit": "1220",
        "price_unit": "KG"
      }
    ]
  },
  {
    "source_url": "https://www.woolworths.com.au/shop/productdetails/69132/d-orsogna-honey-ginger-leg-ham",
    "name": "D'Orsogna Honey Ginger Leg Ham 1.2kg",
    "image_url": "https://cdn1.woolworths.media/content/wowproductimages/large/069132.jpg",
    "source_id": "Woolworths - 69132",
    "barcode": "9300767081320",
    "shop": "Woolworths",
    "weight": "1KG",
    "prices": [
      null
    ]
  },
  {
    "source_url": "https://www.woolworths.com.au/shop/productdetails/69133/d-orsogna-pineapple-glazed-leg-ham",
    "name": "D'Orsogna Pineapple Glazed Leg Ham 1.2kg",
    "image_url": "https://cdn1.woolworths.media/content/wowproductimages/large/069133.jpg",
    "source_id": "Woolworths - 69133",
    "barcode": "9300767081337",
    "shop": "Woolworths",
    "weight": "1KG",
    "prices": [
      null
    ]
  },
  {
    "source_url": "https://www.woolworths.com.au/shop/productdetails/30845/k-r-castlemaine-fritz-smiley-loaf-sliced-smiley-loaf",
    "name": "K R Castlemaine Fritz Smiley Loaf Per kg",
    "image_url": "https://cdn1.woolworths.media/content/wowproductimages/large/030845.jpg",
    "source_id": "Woolworths - 30845",
    "barcode": "0274865000004",
    "shop": "Woolworths",
    "weight": "1KG",
    "prices": [
      {
        "state": "SA",
        "price": "1500",
        "price_per_unit": "1500",
        "price_unit": "KG"
      },
      {
        "state": "SA",
        "price": "1500",
        "price_per_unit": "1500",
        "price_unit": "KG"
      }
    ]
  },
  {
    "source_url": "https://www.woolworths.com.au/shop/productdetails/812313/miguel-maestre-free-range-ham",
    "name": "Miguel Maestre Free Range Ham 2.4kg - 4.5kg",
    "image_url": "https://cdn1.woolworths.media/content/wowproductimages/large/812313.jpg",
    "source_id": "Woolworths - 812313",
    "barcode": "2243180000004",
    "shop": "Woolworths",
    "weight": "1KG",
    "prices": [
      null
    ]
  },
  {
    "source_url": "https://www.woolworths.com.au/shop/productdetails/69188/miguel-maestre-leg-ham-with-crispy-crackling",
    "name": "Miguel Maestre Leg Ham With Crispy Crackling 1.8kg - 2.3kg",
    "image_url": "https://cdn1.woolworths.media/content/wowproductimages/large/069188.jpg",
    "source_id": "Woolworths - 69188",
    "barcode": "2254370000001",
    "shop": "Woolworths",
    "weight": "1KG",
    "prices": [
      null
    ]
  },
  {
    "source_url": "https://www.woolworths.com.au/shop/productdetails/109237/pioneer-poultry-chicken-breast-fillet-smoked",
    "name": "Pioneer Poultry Chicken Breast Fillet Smoked 290g - 450g",
    "image_url": "https://cdn1.woolworths.media/content/wowproductimages/large/109237.jpg",
    "source_id": "Woolworths - 109237",
    "barcode": "2955520000000",
    "shop": "Woolworths",
    "weight": "1KG",
    "prices": [
      null
    ]
  },
  {
    "source_url": "https://www.woolworths.com.au/shop/productdetails/178931/primo-manuka-boneless-ham",
    "name": "Primo Manuka Boneless Ham 700g",
    "image_url": "https://cdn1.woolworths.media/content/wowproductimages/large/178931.jpg",
    "source_id": "Woolworths - 178931",
    "barcode": "9311594011084",
    "shop": "Woolworths",
    "weight": "1KG",
    "prices": [
      null
    ]
  },
  {
    "source_url": "https://www.woolworths.com.au/shop/productdetails/73671/three-aussie-farmers-spiral-ham",
    "name": "Three Aussie Farmers Spiral Ham Per Kg",
    "image_url": "https://cdn1.woolworths.media/content/wowproductimages/large/073671.jpg",
    "source_id": "Woolworths - 73671",
    "barcode": "0275576000000",
    "shop": "Woolworths",
    "weight": "1KG",
    "prices": [
      null
    ]
  },
  {
    "source_url": "https://www.woolworths.com.au/shop/productdetails/54634/woolworths-crackle-shoulder-ham",
    "name": "Woolworths Crackle Shoulder Ham 800g - 1.4kg",
    "image_url": "https://cdn1.woolworths.media/content/wowproductimages/large/054634.jpg",
    "source_id": "Woolworths - 54634",
    "barcode": "2620930000000",
    "shop": "Woolworths",
    "weight": "1KG",
    "prices": [
      null
    ]
  },
  {
    "source_url": "https://www.woolworths.com.au/shop/productdetails/162445/woolworths-gold-glaze-bake-leg-ham-with-davidson-plum-honey-glaze",
    "name": "Woolworths Gold Glaze & Bake Leg Ham With Davidson Plum & Honey Glaze 830g",
    "image_url": "https://cdn1.woolworths.media/content/wowproductimages/large/162445.jpg",
    "source_id": "Woolworths - 162445",
    "barcode": "9339687264810",
    "shop": "Woolworths",
    "weight": "1KG",
    "prices": [
      null
    ]
  },
  {
    "source_url": "https://www.woolworths.com.au/shop/productdetails/58422/woolworths-gold-ham-roast-kit",
    "name": "Woolworths Gold Ham Roast Kit 1Kg",
    "image_url": "https://cdn1.woolworths.media/content/wowproductimages/large/058422.jpg",
    "source_id": "Woolworths - 58422",
    "barcode": "2621240000001",
    "shop": "Woolworths",
    "weight": "1KG",
    "prices": [
      null
    ]
  },
  {
    "source_url": "https://www.woolworths.com.au/shop/productdetails/203277/woolworths-on-the-bone-smoked-turkey-breast",
    "name": "Woolworths On The Bone Smoked Turkey Breast 2.2kg - 3.2kg",
    "image_url": "https://cdn1.woolworths.media/content/wowproductimages/large/203277.jpg",
    "source_id": "Woolworths - 203277",
    "barcode": "2605970000005",
    "shop": "Woolworths",
    "weight": "1KG",
    "prices": [
      null
    ]
  },
  {
    "source_url": "https://www.woolworths.com.au/shop/productdetails/164265/woolworths-oven-roasted-porchetta",
    "name": "Woolworths Oven Roasted Porchetta 1.4kg - 2kg",
    "image_url": "https://cdn1.woolworths.media/content/wowproductimages/large/164265.jpg",
    "source_id": "Woolworths - 164265",
    "barcode": "2625660000009",
    "shop": "Woolworths",
    "weight": "1KG",
    "prices": [
      null
    ]
  },
  {
    "source_url": "https://www.woolworths.com.au/shop/productdetails/201565/woolworths-smoked-chicken-breast-fillet",
    "name": "Woolworths Smoked Chicken Breast Fillet 300g - 450g",
    "image_url": "https://cdn1.woolworths.media/content/wowproductimages/large/201565.jpg",
    "source_id": "Woolworths - 201565",
    "barcode": "2605850000002",
    "shop": "Woolworths",
    "weight": "1KG",
    "prices": [
      {
        "state": "SA",
        "price": "1238",
        "price_per_unit": "2750",
        "price_unit": "KG"
      },
      {
        "state": "NT",
        "price": "1238",
        "price_per_unit": "2750",
        "price_unit": "KG"
      },
      {
        "state": "WA",
        "price": "1238",
        "price_per_unit": "2750",
        "price_unit": "KG"
      },
      {
        "state": "SA",
        "price": "1238",
        "price_per_unit": "2750",
        "price_unit": "KG"
      },
      {
        "state": "NT",
        "price": "1238",
        "price_per_unit": "2750",
        "price_unit": "KG"
      }
    ]
  },
  {
    "source_url": "https://www.woolworths.com.au/shop/productdetails/201303/woolworths-ham-leg-easy-carve-traditional-leg-easy-carve",
    "name": "Woolworths Ham Leg Easy Carve Traditional 4.5kg - 5.5kg",
    "image_url": "https://cdn1.woolworths.media/content/wowproductimages/large/201303.jpg",
    "source_id": "Woolworths - 201303",
    "barcode": "0275013000006",
    "shop": "Woolworths",
    "weight": "1KG",
    "prices": [
      null
    ]
  },
  {
    "source_url": "https://www.woolworths.com.au/shop/productdetails/395904/barossa-fine-foods-free-range-pancetta",
    "name": "Barossa Fine Foods Free Range Pancetta 100g",
    "image_url": "https://cdn1.woolworths.media/content/wowproductimages/large/395904.jpg",
    "source_id": "Woolworths - 395904",
    "barcode": "9333278006551",
    "shop": "Woolworths",
    "weight": "1KG",
    "prices": [
      {
        "state": "VIC",
        "price": "800",
        "price_per_unit": "8000",
        "price_unit": "KG"
      },
      {
        "state": "SA",
        "price": "800",
        "price_per_unit": "8000",
        "price_unit": "KG"
      },
      {
        "state": "ACT",
        "price": "800",
        "price_per_unit": "8000",
        "price_unit": "KG"
      },
      {
        "state": "NT",
        "price": "800",
        "price_per_unit": "8000",
        "price_unit": "KG"
      }
    ]
  },
  {
    "source_url": "https://www.woolworths.com.au/shop/productdetails/394733/barossa-fine-foods-free-range-porchetta",
    "name": "Barossa Fine Foods Free Range Porchetta 100g",
    "image_url": "https://cdn1.woolworths.media/content/wowproductimages/large/394733.jpg",
    "source_id": "Woolworths - 394733",
    "barcode": "9333278006537",
    "shop": "Woolworths",
    "weight": "1KG",
    "prices": [
      {
        "state": "NSW",
        "price": "800",
        "price_per_unit": "8000",
        "price_unit": "KG"
      },
      {
        "state": "SA",
        "price": "800",
        "price_per_unit": "8000",
        "price_unit": "KG"
      },
      {
        "state": "ACT",
        "price": "800",
        "price_per_unit": "8000",
        "price_unit": "KG"
      },
      {
        "state": "NT",
        "price": "800",
        "price_per_unit": "8000",
        "price_unit": "KG"
      }
    ]
  },
  {
    "source_url": "https://www.woolworths.com.au/shop/productdetails/395932/barossa-fine-foods-native-pepper-leaf-fennel-salami",
    "name": "Barossa Fine Foods Native Pepper Leaf & Fennel Salami 100g",
    "image_url": "https://cdn1.woolworths.media/content/wowproductimages/large/395932.jpg",
    "source_id": "Woolworths - 395932",
    "barcode": "9333278006568",
    "shop": "Woolworths",
    "weight": "1KG",
    "prices": [
      {
        "state": "NSW",
        "price": "800",
        "price_per_unit": "8000",
        "price_unit": "KG"
      },
      {
        "state": "SA",
        "price": "800",
        "price_per_unit": "8000",
        "price_unit": "KG"
      },
      {
        "state": "ACT",
        "price": "800",
        "price_per_unit": "8000",
        "price_unit": "KG"
      }
    ]
  },
  {
    "source_url": "https://www.woolworths.com.au/shop/productdetails/394295/barossa-fine-foods-saltbush-lemon-roasted-chicken",
    "name": "Barossa Fine Foods Saltbush & Lemon Roasted Chicken 100g",
    "image_url": "https://cdn1.woolworths.media/content/wowproductimages/large/394295.jpg",
    "source_id": "Woolworths - 394295",
    "barcode": "9333278006520",
    "shop": "Woolworths",
    "weight": "1KG",
    "prices": [
      {
        "state": "NSW",
        "price": "800",
        "price_per_unit": "8000",
        "price_unit": "KG"
      },
      {
        "state": "VIC",
        "price": "800",
        "price_per_unit": "8000",
        "price_unit": "KG"
      },
      {
        "state": "SA",
        "price": "800",
        "price_per_unit": "8000",
        "price_unit": "KG"
      },
      {
        "state": "ACT",
        "price": "800",
        "price_per_unit": "8000",
        "price_unit": "KG"
      },
      {
        "state": "NT",
        "price": "800",
        "price_per_unit": "8000",
        "price_unit": "KG"
      }
    ]
  },
  {
    "source_url": "https://www.woolworths.com.au/shop/productdetails/394703/barossa-fine-foods-triple-smoked-bavarian-ham",
    "name": "Barossa Fine Foods Triple Smoked Bavarian Ham 100g",
    "image_url": "https://cdn1.woolworths.media/content/wowproductimages/large/394703.jpg",
    "source_id": "Woolworths - 394703",
    "barcode": "9333278006544",
    "shop": "Woolworths",
    "weight": "1KG",
    "prices": [
      {
        "state": "NSW",
        "price": "800",
        "price_per_unit": "8000",
        "price_unit": "KG"
      },
      {
        "state": "VIC",
        "price": "800",
        "price_per_unit": "8000",
        "price_unit": "KG"
      },
      {
        "state": "SA",
        "price": "800",
        "price_per_unit": "8000",
        "price_unit": "KG"
      },
      {
        "state": "ACT",
        "price": "800",
        "price_per_unit": "8000",
        "price_unit": "KG"
      },
      {
        "state": "NT",
        "price": "800",
        "price_per_unit": "8000",
        "price_unit": "KG"
      }
    ]
  },
  {
    "source_url": "https://www.woolworths.com.au/shop/productdetails/69134/beretta-di-carpegna-prosciutto",
    "name": "Beretta Di Carpegna Prosciutto 80G",
    "image_url": "https://cdn1.woolworths.media/content/wowproductimages/large/069134.jpg",
    "source_id": "Woolworths - 69134",
    "barcode": "9310591503158",
    "shop": "Woolworths",
    "weight": "1KG",
    "prices": [
      {
        "state": "NSW",
        "price": "750",
        "price_per_unit": "9375",
        "price_unit": "KG"
      }
    ]
  },
  {
    "source_url": "https://www.woolworths.com.au/shop/productdetails/652343/beretta-prosciutto-di-parma",
    "name": "Beretta Prosciutto Di Parma 85g",
    "image_url": "https://cdn1.woolworths.media/content/wowproductimages/large/652343.jpg",
    "source_id": "Woolworths - 652343",
    "barcode": "9310591502106",
    "shop": "Woolworths",
    "weight": "1KG",
    "prices": [
      {
        "state": "NSW",
        "price": "625",
        "price_per_unit": "7353",
        "price_unit": "KG"
      },
      {
        "state": "VIC",
        "price": "625",
        "price_per_unit": "7353",
        "price_unit": "KG"
      },
      {
        "state": "QLD",
        "price": "625",
        "price_per_unit": "7353",
        "price_unit": "KG"
      },
      {
        "state": "SA",
        "price": "625",
        "price_per_unit": "7353",
        "price_unit": "KG"
      },
      {
        "state": "TAS",
        "price": "625",
        "price_per_unit": "7353",
        "price_unit": "KG"
      },
      {
        "state": "ACT",
        "price": "625",
        "price_per_unit": "7353",
        "price_unit": "KG"
      },
      {
        "state": "NT",
        "price": "625",
        "price_per_unit": "7353",
        "price_unit": "KG"
      }
    ]
  },
  {
    "source_url": "https://www.woolworths.com.au/shop/productdetails/55284/chicken-breast-supreme-thinly-sliced",
    "name": "Chicken Breast Supreme Thinly Sliced 250g",
    "image_url": "https://cdn1.woolworths.media/content/wowproductimages/large/055284.jpg",
    "source_id": "Woolworths - 55284",
    "barcode": "9340281002845",
    "shop": "Woolworths",
    "weight": "1KG",
    "prices": [
      {
        "state": "NSW",
        "price": "525",
        "price_per_unit": "2100",
        "price_unit": "KG"
      }
    ]
  },
  {
    "source_url": "https://www.woolworths.com.au/shop/productdetails/390942/d-orsogna-champagne-leg-ham",
    "name": "D'orsogna Champagne Leg Ham 4 Pack",
    "image_url": "https://cdn1.woolworths.media/content/wowproductimages/large/390942.jpg",
    "source_id": "Woolworths - 390942",
    "barcode": "9300767182515",
    "shop": "Woolworths",
    "weight": "1KG",
    "prices": [
      {
        "state": "NSW",
        "price": "880",
        "price_per_unit": "2750",
        "price_unit": "KG"
      },
      {
        "state": "VIC",
        "price": "880",
        "price_per_unit": "2750",
        "price_unit": "KG"
      },
      {
        "state": "QLD",
        "price": "880",
        "price_per_unit": "2750",
        "price_unit": "KG"
      },
      {
        "state": "WA",
        "price": "880",
        "price_per_unit": "2750",
        "price_unit": "KG"
      },
      {
        "state": "SA",
        "price": "880",
        "price_per_unit": "2750",
        "price_unit": "KG"
      },
      {
        "state": "TAS",
        "price": "880",
        "price_per_unit": "2750",
        "price_unit": "KG"
      },
      {
        "state": "ACT",
        "price": "880",
        "price_per_unit": "2750",
        "price_unit": "KG"
      },
      {
        "state": "NT",
        "price": "880",
        "price_per_unit": "2750",
        "price_unit": "KG"
      }
    ]
  },
  {
    "source_url": "https://www.woolworths.com.au/shop/productdetails/912636/d-orsogna-chorizo",
    "name": "D'Orsogna Chorizo 250g",
    "image_url": "https://cdn1.woolworths.media/content/wowproductimages/large/912636.jpg",
    "source_id": "Woolworths - 912636",
    "barcode": "9300767082839",
    "shop": "Woolworths",
    "weight": "1KG",
    "prices": [
      {
        "state": "NSW",
        "price": "780",
        "price_per_unit": "3120",
        "price_unit": "KG"
      },
      {
        "state": "QLD",
        "price": "780",
        "price_per_unit": "3120",
        "price_unit": "KG"
      },
      {
        "state": "WA",
        "price": "780",
        "price_per_unit": "3120",
        "price_unit": "KG"
      },
      {
        "state": "SA",
        "price": "780",
        "price_per_unit": "3120",
        "price_unit": "KG"
      },
      {
        "state": "TAS",
        "price": "780",
        "price_per_unit": "3120",
        "price_unit": "KG"
      },
      {
        "state": "ACT",
        "price": "780",
        "price_per_unit": "3120",
        "price_unit": "KG"
      },
      {
        "state": "NT",
        "price": "780",
        "price_per_unit": "3120",
        "price_unit": "KG"
      }
    ]
  },
  {
    "source_url": "https://www.woolworths.com.au/shop/productdetails/758079/d-orsogna-deli-fresh-ham-champagne-leg",
    "name": "D'Orsogna Deli Fresh Ham Champagne Leg 100g",
    "image_url": "https://cdn1.woolworths.media/content/wowproductimages/large/758079.jpg",
    "source_id": "Woolworths - 758079",
    "barcode": "9300767092814",
    "shop": "Woolworths",
    "weight": "1KG",
    "prices": [
      {
        "state": "NSW",
        "price": "440",
        "price_per_unit": "4400",
        "price_unit": "KG"
      },
      {
        "state": "VIC",
        "price": "440",
        "price_per_unit": "4400",
        "price_unit": "KG"
      },
      {
        "state": "QLD",
        "price": "440",
        "price_per_unit": "4400",
        "price_unit": "KG"
      },
      {
        "state": "WA",
        "price": "440",
        "price_per_unit": "4400",
        "price_unit": "KG"
      },
      {
        "state": "SA",
        "price": "440",
        "price_per_unit": "4400",
        "price_unit": "KG"
      },
      {
        "state": "TAS",
        "price": "440",
        "price_per_unit": "4400",
        "price_unit": "KG"
      },
      {
        "state": "ACT",
        "price": "440",
        "price_per_unit": "4400",
        "price_unit": "KG"
      },
      {
        "state": "NT",
        "price": "440",
        "price_per_unit": "4400",
        "price_unit": "KG"
      }
    ]
  },
  {
    "source_url": "https://www.woolworths.com.au/shop/productdetails/758089/d-orsogna-deli-fresh-ham-double-smoked",
    "name": "D'Orsogna Deli Fresh Ham Double Smoked 100g",
    "image_url": "https://cdn1.woolworths.media/content/wowproductimages/large/758089.jpg",
    "source_id": "Woolworths - 758089",
    "barcode": "9300767092838",
    "shop": "Woolworths",
    "weight": "1KG",
    "prices": [
      {
        "state": "NSW",
        "price": "440",
        "price_per_unit": "4400",
        "price_unit": "KG"
      },
      {
        "state": "VIC",
        "price": "440",
        "price_per_unit": "4400",
        "price_unit": "KG"
      },
      {
        "state": "QLD",
        "price": "440",
        "price_per_unit": "4400",
        "price_unit": "KG"
      },
      {
        "state": "WA",
        "price": "440",
        "price_per_unit": "4400",
        "price_unit": "KG"
      },
      {
        "state": "SA",
        "price": "440",
        "price_per_unit": "4400",
        "price_unit": "KG"
      },
      {
        "state": "TAS",
        "price": "440",
        "price_per_unit": "4400",
        "price_unit": "KG"
      },
      {
        "state": "ACT",
        "price": "440",
        "price_per_unit": "4400",
        "price_unit": "KG"
      },
      {
        "state": "NT",
        "price": "440",
        "price_per_unit": "4400",
        "price_unit": "KG"
      }
    ]
  },
  {
    "source_url": "https://www.woolworths.com.au/shop/productdetails/758131/d-orsogna-deli-fresh-ham-honey",
    "name": "D'Orsogna Deli Fresh Ham Honey 100g",
    "image_url": "https://cdn1.woolworths.media/content/wowproductimages/large/758131.jpg",
    "source_id": "Woolworths - 758131",
    "barcode": "9300767092845",
    "shop": "Woolworths",
    "weight": "1KG",
    "prices": [
      {
        "state": "NSW",
        "price": "440",
        "price_per_unit": "4400",
        "price_unit": "KG"
      },
      {
        "state": "VIC",
        "price": "440",
        "price_per_unit": "4400",
        "price_unit": "KG"
      },
      {
        "state": "QLD",
        "price": "440",
        "price_per_unit": "4400",
        "price_unit": "KG"
      },
      {
        "state": "WA",
        "price": "440",
        "price_per_unit": "4400",
        "price_unit": "KG"
      },
      {
        "state": "SA",
        "price": "440",
        "price_per_unit": "4400",
        "price_unit": "KG"
      },
      {
        "state": "TAS",
        "price": "440",
        "price_per_unit": "4400",
        "price_unit": "KG"
      },
      {
        "state": "ACT",
        "price": "440",
        "price_per_unit": "4400",
        "price_unit": "KG"
      },
      {
        "state": "NT",
        "price": "440",
        "price_per_unit": "4400",
        "price_unit": "KG"
      }
    ]
  },
  {
    "source_url": "https://www.woolworths.com.au/shop/productdetails/758125/d-orsogna-deli-fresh-ham-premium-leg",
    "name": "D'Orsogna Deli Fresh Ham Premium Leg 100g",
    "image_url": "https://cdn1.woolworths.media/content/wowproductimages/large/758125.jpg",
    "source_id": "Woolworths - 758125",
    "barcode": "9300767092821",
    "shop": "Woolworths",
    "weight": "1KG",
    "prices": [
      {
        "state": "NSW",
        "price": "440",
        "price_per_unit": "4400",
        "price_unit": "KG"
      },
      {
        "state": "VIC",
        "price": "440",
        "price_per_unit": "4400",
        "price_unit": "KG"
      },
      {
        "state": "QLD",
        "price": "440",
        "price_per_unit": "4400",
        "price_unit": "KG"
      },
      {
        "state": "WA",
        "price": "440",
        "price_per_unit": "4400",
        "price_unit": "KG"
      },
      {
        "state": "SA",
        "price": "440",
        "price_per_unit": "4400",
        "price_unit": "KG"
      },
      {
        "state": "TAS",
        "price": "440",
        "price_per_unit": "4400",
        "price_unit": "KG"
      },
      {
        "state": "ACT",
        "price": "440",
        "price_per_unit": "4400",
        "price_unit": "KG"
      },
      {
        "state": "NT",
        "price": "440",
        "price_per_unit": "4400",
        "price_unit": "KG"
      }
    ]
  },
  {
    "source_url": "https://www.woolworths.com.au/shop/productdetails/101397/d-orsogna-deli-fresh-lightly-smoked-turkey",
    "name": "D'Orsogna Deli Fresh Lightly Smoked Turkey 80g",
    "image_url": "https://cdn1.woolworths.media/content/wowproductimages/large/101397.jpg",
    "source_id": "Woolworths - 101397",
    "barcode": "9300767081566",
    "shop": "Woolworths",
    "weight": "1KG",
    "prices": [
      {
        "state": "NSW",
        "price": "440",
        "price_per_unit": "5500",
        "price_unit": "KG"
      },
      {
        "state": "VIC",
        "price": "440",
        "price_per_unit": "5500",
        "price_unit": "KG"
      },
      {
        "state": "QLD",
        "price": "440",
        "price_per_unit": "5500",
        "price_unit": "KG"
      },
      {
        "state": "WA",
        "price": "440",
        "price_per_unit": "5500",
        "price_unit": "KG"
      },
      {
        "state": "SA",
        "price": "440",
        "price_per_unit": "5500",
        "price_unit": "KG"
      },
      {
        "state": "ACT",
        "price": "440",
        "price_per_unit": "5500",
        "price_unit": "KG"
      },
      {
        "state": "NT",
        "price": "440",
        "price_per_unit": "5500",
        "price_unit": "KG"
      }
    ]
  },
  {
    "source_url": "https://www.woolworths.com.au/shop/productdetails/744023/d-orsogna-deli-fresh-mild-salami",
    "name": "D'Orsogna Deli Fresh Mild Salami 80g",
    "image_url": "https://cdn1.woolworths.media/content/wowproductimages/large/744023.jpg",
    "source_id": "Woolworths - 744023",
    "barcode": "9300767092784",
    "shop": "Woolworths",
    "weight": "1KG",
    "prices": [
      {
        "state": "NSW",
        "price": "440",
        "price_per_unit": "5500",
        "price_unit": "KG"
      },
      {
        "state": "VIC",
        "price": "440",
        "price_per_unit": "5500",
        "price_unit": "KG"
      },
      {
        "state": "QLD",
        "price": "440",
        "price_per_unit": "5500",
        "price_unit": "KG"
      },
      {
        "state": "WA",
        "price": "440",
        "price_per_unit": "5500",
        "price_unit": "KG"
      },
      {
        "state": "SA",
        "price": "440",
        "price_per_unit": "5500",
        "price_unit": "KG"
      },
      {
        "state": "TAS",
        "price": "440",
        "price_per_unit": "5500",
        "price_unit": "KG"
      },
      {
        "state": "ACT",
        "price": "440",
        "price_per_unit": "5500",
        "price_unit": "KG"
      },
      {
        "state": "NT",
        "price": "440",
        "price_per_unit": "5500",
        "price_unit": "KG"
      }
    ]
  },
  {
    "source_url": "https://www.woolworths.com.au/shop/productdetails/744022/d-orsogna-deli-fresh-spicy-chorizo-salami",
    "name": "D'Orsogna Deli Fresh Spicy Chorizo Salami 80g",
    "image_url": "https://cdn1.woolworths.media/content/wowproductimages/large/744022.jpg",
    "source_id": "Woolworths - 744022",
    "barcode": "9300767092777",
    "shop": "Woolworths",
    "weight": "1KG",
    "prices": [
      {
        "state": "NSW",
        "price": "440",
        "price_per_unit": "5500",
        "price_unit": "KG"
      },
      {
        "state": "VIC",
        "price": "440",
        "price_per_unit": "5500",
        "price_unit": "KG"
      },
      {
        "state": "QLD",
        "price": "440",
        "price_per_unit": "5500",
        "price_unit": "KG"
      },
      {
        "state": "WA",
        "price": "440",
        "price_per_unit": "5500",
        "price_unit": "KG"
      },
      {
        "state": "SA",
        "price": "440",
        "price_per_unit": "5500",
        "price_unit": "KG"
      },
      {
        "state": "TAS",
        "price": "440",
        "price_per_unit": "5500",
        "price_unit": "KG"
      },
      {
        "state": "ACT",
        "price": "440",
        "price_per_unit": "5500",
        "price_unit": "KG"
      },
      {
        "state": "NT",
        "price": "440",
        "price_per_unit": "5500",
        "price_unit": "KG"
      }
    ]
  },
  {
    "source_url": "https://www.woolworths.com.au/shop/productdetails/390439/d-orsogna-double-smoked-leg-ham",
    "name": "D'orsogna Double Smoked Leg Ham 4 Pack",
    "image_url": "https://cdn1.woolworths.media/content/wowproductimages/large/390439.jpg",
    "source_id": "Woolworths - 390439",
    "barcode": "9300767082495",
    "shop": "Woolworths",
    "weight": "1KG",
    "prices": [
      {
        "state": "NSW",
        "price": "880",
        "price_per_unit": "2750",
        "price_unit": "KG"
      },
      {
        "state": "VIC",
        "price": "880",
        "price_per_unit": "2750",
        "price_unit": "KG"
      },
      {
        "state": "QLD",
        "price": "880",
        "price_per_unit": "2750",
        "price_unit": "KG"
      },
      {
        "state": "WA",
        "price": "880",
        "price_per_unit": "2750",
        "price_unit": "KG"
      },
      {
        "state": "SA",
        "price": "880",
        "price_per_unit": "2750",
        "price_unit": "KG"
      },
      {
        "state": "TAS",
        "price": "880",
        "price_per_unit": "2750",
        "price_unit": "KG"
      },
      {
        "state": "ACT",
        "price": "880",
        "price_per_unit": "2750",
        "price_unit": "KG"
      },
      {
        "state": "NT",
        "price": "880",
        "price_per_unit": "2750",
        "price_unit": "KG"
      }
    ]
  },
  {
    "source_url": "https://www.woolworths.com.au/shop/productdetails/99441/d-orsogna-hungarian-salami",
    "name": "D'Orsogna Hungarian Salami 4 Pack",
    "image_url": "https://cdn1.woolworths.media/content/wowproductimages/large/099441.jpg",
    "source_id": "Woolworths - 99441",
    "barcode": "9300767081436",
    "shop": "Woolworths",
    "weight": "1KG",
    "prices": [
      {
        "state": "NSW",
        "price": "880",
        "price_per_unit": "3667",
        "price_unit": "KG"
      },
      {
        "state": "VIC",
        "price": "880",
        "price_per_unit": "3667",
        "price_unit": "KG"
      },
      {
        "state": "QLD",
        "price": "880",
        "price_per_unit": "3667",
        "price_unit": "KG"
      },
      {
        "state": "WA",
        "price": "880",
        "price_per_unit": "3667",
        "price_unit": "KG"
      },
      {
        "state": "SA",
        "price": "880",
        "price_per_unit": "3667",
        "price_unit": "KG"
      },
      {
        "state": "TAS",
        "price": "880",
        "price_per_unit": "3667",
        "price_unit": "KG"
      },
      {
        "state": "ACT",
        "price": "880",
        "price_per_unit": "3667",
        "price_unit": "KG"
      },
      {
        "state": "NT",
        "price": "880",
        "price_per_unit": "3667",
        "price_unit": "KG"
      }
    ]
  },
  {
    "source_url": "https://www.woolworths.com.au/shop/productdetails/390450/d-orsogna-leg-ham-shaved",
    "name": "D'orsogna Leg Ham Shaved 4 Pack",
    "image_url": "https://cdn1.woolworths.media/content/wowproductimages/large/390450.jpg",
    "source_id": "Woolworths - 390450",
    "barcode": "9300767182508",
    "shop": "Woolworths",
    "weight": "1KG",
    "prices": [
      {
        "state": "NSW",
        "price": "880",
        "price_per_unit": "2750",
        "price_unit": "KG"
      },
      {
        "state": "VIC",
        "price": "880",
        "price_per_unit": "2750",
        "price_unit": "KG"
      },
      {
        "state": "QLD",
        "price": "880",
        "price_per_unit": "2750",
        "price_unit": "KG"
      },
      {
        "state": "WA",
        "price": "880",
        "price_per_unit": "2750",
        "price_unit": "KG"
      },
      {
        "state": "SA",
        "price": "880",
        "price_per_unit": "2750",
        "price_unit": "KG"
      },
      {
        "state": "TAS",
        "price": "880",
        "price_per_unit": "2750",
        "price_unit": "KG"
      },
      {
        "state": "ACT",
        "price": "880",
        "price_per_unit": "2750",
        "price_unit": "KG"
      },
      {
        "state": "NT",
        "price": "880",
        "price_per_unit": "2750",
        "price_unit": "KG"
      }
    ]
  },
  {
    "source_url": "https://www.woolworths.com.au/shop/productdetails/211994/d-orsogna-natural-premium-ham-gluten-free-97-fat-free",
    "name": "D'Orsogna Natural Premium Ham Gluten Free 97% Fat Free 100g",
    "image_url": "https://cdn1.woolworths.media/content/wowproductimages/large/211994.jpg",
    "source_id": "Woolworths - 211994",
    "barcode": "9300767082211",
    "shop": "Woolworths",
    "weight": "1KG",
    "prices": [
      {
        "state": "NSW",
        "price": "400",
        "price_per_unit": "4000",
        "price_unit": "KG"
      },
      {
        "state": "VIC",
        "price": "400",
        "price_per_unit": "4000",
        "price_unit": "KG"
      },
      {
        "state": "QLD",
        "price": "400",
        "price_per_unit": "4000",
        "price_unit": "KG"
      },
      {
        "state": "TAS",
        "price": "400",
        "price_per_unit": "4000",
        "price_unit": "KG"
      },
      {
        "state": "ACT",
        "price": "400",
        "price_per_unit": "4000",
        "price_unit": "KG"
      }
    ]
  },
  {
    "source_url": "https://www.woolworths.com.au/shop/productdetails/546295/d-orsogna-prosciutto",
    "name": "D'Orsogna Prosciutto 100g",
    "image_url": "https://cdn1.woolworths.media/content/wowproductimages/large/546295.jpg",
    "source_id": "Woolworths - 546295",
    "barcode": "9300767093347",
    "shop": "Woolworths",
    "weight": "1KG",
    "prices": [
      {
        "state": "NSW",
        "price": "600",
        "price_per_unit": "6000",
        "price_unit": "KG"
      },
      {
        "state": "QLD",
        "price": "600",
        "price_per_unit": "6000",
        "price_unit": "KG"
      },
      {
        "state": "WA",
        "price": "600",
        "price_per_unit": "6000",
        "price_unit": "KG"
      },
      {
        "state": "SA",
        "price": "600",
        "price_per_unit": "6000",
        "price_unit": "KG"
      },
      {
        "state": "NT",
        "price": "600",
        "price_per_unit": "6000",
        "price_unit": "KG"
      }
    ]
  },
  {
    "source_url": "https://www.woolworths.com.au/shop/productdetails/763141/d-orsogna-tasty-sticks-mild",
    "name": "D'Orsogna Tasty Sticks Mild 200g",
    "image_url": "https://cdn1.woolworths.media/content/wowproductimages/large/763141.jpg",
    "source_id": "Woolworths - 763141",
    "barcode": "9300767093378",
    "shop": "Woolworths",
    "weight": "1KG",
    "prices": [
      {
        "state": "NSW",
        "price": "620",
        "price_per_unit": "3100",
        "price_unit": "KG"
      },
      {
        "state": "VIC",
        "price": "620",
        "price_per_unit": "3100",
        "price_unit": "KG"
      },
      {
        "state": "QLD",
        "price": "620",
        "price_per_unit": "3100",
        "price_unit": "KG"
      },
      {
        "state": "WA",
        "price": "620",
        "price_per_unit": "3100",
        "price_unit": "KG"
      },
      {
        "state": "SA",
        "price": "620",
        "price_per_unit": "3100",
        "price_unit": "KG"
      },
      {
        "state": "TAS",
        "price": "620",
        "price_per_unit": "3100",
        "price_unit": "KG"
      },
      {
        "state": "ACT",
        "price": "620",
        "price_per_unit": "3100",
        "price_unit": "KG"
      },
      {
        "state": "NT",
        "price": "620",
        "price_per_unit": "3100",
        "price_unit": "KG"
      }
    ]
  },
  {
    "source_url": "https://www.woolworths.com.au/shop/productdetails/388147/don-calabrese-salami-hot-italian",
    "name": "Don Calabrese Salami Hot Italian 200g",
    "image_url": "https://cdn1.woolworths.media/content/wowproductimages/large/388147.jpg",
    "source_id": "Woolworths - 388147",
    "barcode": "9326451013538",
    "shop": "Woolworths",
    "weight": "1KG",
    "prices": [
      {
        "state": "NSW",
        "price": "890",
        "price_per_unit": "4450",
        "price_unit": "KG"
      },
      {
        "state": "TAS",
        "price": "890",
        "price_per_unit": "4450",
        "price_unit": "KG"
      },
      {
        "state": "ACT",
        "price": "890",
        "price_per_unit": "4450",
        "price_unit": "KG"
      },
      {
        "state": "NT",
        "price": "890",
        "price_per_unit": "4450",
        "price_unit": "KG"
      }
    ]
  },
  {
    "source_url": "https://www.woolworths.com.au/shop/productdetails/290345/don-champagne-leg-ham",
    "name": "Don Champagne Leg Ham 200g",
    "image_url": "https://cdn1.woolworths.media/content/wowproductimages/large/290345.jpg",
    "source_id": "Woolworths - 290345",
    "barcode": "9326451016324",
    "shop": "Woolworths",
    "weight": "1KG",
    "prices": [
      {
        "state": "NSW",
        "price": "500",
        "price_per_unit": "2500",
        "price_unit": "KG"
      },
      {
        "state": "VIC",
        "price": "500",
        "price_per_unit": "2500",
        "price_unit": "KG"
      },
      {
        "state": "QLD",
        "price": "500",
        "price_per_unit": "2500",
        "price_unit": "KG"
      },
      {
        "state": "WA",
        "price": "500",
        "price_per_unit": "2500",
        "price_unit": "KG"
      },
      {
        "state": "SA",
        "price": "500",
        "price_per_unit": "2500",
        "price_unit": "KG"
      },
      {
        "state": "TAS",
        "price": "500",
        "price_per_unit": "2500",
        "price_unit": "KG"
      },
      {
        "state": "ACT",
        "price": "500",
        "price_per_unit": "2500",
        "price_unit": "KG"
      },
      {
        "state": "NT",
        "price": "500",
        "price_per_unit": "2500",
        "price_unit": "KG"
      }
    ]
  },
  {
    "source_url": "https://www.woolworths.com.au/shop/productdetails/289247/don-double-smoked-leg-ham",
    "name": "Don Double Smoked Leg Ham 200g",
    "image_url": "https://cdn1.woolworths.media/content/wowproductimages/large/289247.jpg",
    "source_id": "Woolworths - 289247",
    "barcode": "9326451016294",
    "shop": "Woolworths",
    "weight": "1KG",
    "prices": [
      {
        "state": "NSW",
        "price": "500",
        "price_per_unit": "2500",
        "price_unit": "KG"
      },
      {
        "state": "VIC",
        "price": "500",
        "price_per_unit": "2500",
        "price_unit": "KG"
      },
      {
        "state": "QLD",
        "price": "500",
        "price_per_unit": "2500",
        "price_unit": "KG"
      },
      {
        "state": "WA",
        "price": "500",
        "price_per_unit": "2500",
        "price_unit": "KG"
      },
      {
        "state": "SA",
        "price": "500",
        "price_per_unit": "2500",
        "price_unit": "KG"
      },
      {
        "state": "TAS",
        "price": "500",
        "price_per_unit": "2500",
        "price_unit": "KG"
      },
      {
        "state": "ACT",
        "price": "500",
        "price_per_unit": "2500",
        "price_unit": "KG"
      },
      {
        "state": "NT",
        "price": "500",
        "price_per_unit": "2500",
        "price_unit": "KG"
      }
    ]
  },
  {
    "source_url": "https://www.woolworths.com.au/shop/productdetails/290321/don-italian-style-salami",
    "name": "Don Italian Style Salami 160g",
    "image_url": "https://cdn1.woolworths.media/content/wowproductimages/large/290321.jpg",
    "source_id": "Woolworths - 290321",
    "barcode": "9326451011855",
    "shop": "Woolworths",
    "weight": "1KG",
    "prices": [
      {
        "state": "NSW",
        "price": "500",
        "price_per_unit": "3125",
        "price_unit": "KG"
      },
      {
        "state": "VIC",
        "price": "500",
        "price_per_unit": "3125",
        "price_unit": "KG"
      },
      {
        "state": "QLD",
        "price": "500",
        "price_per_unit": "3125",
        "price_unit": "KG"
      },
      {
        "state": "WA",
        "price": "500",
        "price_per_unit": "3125",
        "price_unit": "KG"
      },
      {
        "state": "SA",
        "price": "500",
        "price_per_unit": "3125",
        "price_unit": "KG"
      },
      {
        "state": "TAS",
        "price": "500",
        "price_per_unit": "3125",
        "price_unit": "KG"
      },
      {
        "state": "ACT",
        "price": "500",
        "price_per_unit": "3125",
        "price_unit": "KG"
      }
    ]
  },
  {
    "source_url": "https://www.woolworths.com.au/shop/productdetails/290324/don-leg-ham-shaved",
    "name": "Don Leg Ham Shaved 200g",
    "image_url": "https://cdn1.woolworths.media/content/wowproductimages/large/290324.jpg",
    "source_id": "Woolworths - 290324",
    "barcode": "9326451016300",
    "shop": "Woolworths",
    "weight": "1KG",
    "prices": [
      {
        "state": "VIC",
        "price": "500",
        "price_per_unit": "2500",
        "price_unit": "KG"
      },
      {
        "state": "QLD",
        "price": "500",
        "price_per_unit": "2500",
        "price_unit": "KG"
      },
      {
        "state": "WA",
        "price": "500",
        "price_per_unit": "2500",
        "price_unit": "KG"
      },
      {
        "state": "SA",
        "price": "500",
        "price_per_unit": "2500",
        "price_unit": "KG"
      },
      {
        "state": "TAS",
        "price": "500",
        "price_per_unit": "2500",
        "price_unit": "KG"
      },
      {
        "state": "ACT",
        "price": "500",
        "price_per_unit": "2500",
        "price_unit": "KG"
      },
      {
        "state": "NT",
        "price": "500",
        "price_per_unit": "2500",
        "price_unit": "KG"
      }
    ]
  },
  {
    "source_url": "https://www.woolworths.com.au/shop/productdetails/290256/don-mini-kabana",
    "name": "Don Mini Kabana 140g",
    "image_url": "https://cdn1.woolworths.media/content/wowproductimages/large/290256.jpg",
    "source_id": "Woolworths - 290256",
    "barcode": "9326451013491",
    "shop": "Woolworths",
    "weight": "1KG",
    "prices": [
      {
        "state": "NSW",
        "price": "500",
        "price_per_unit": "3571",
        "price_unit": "KG"
      },
      {
        "state": "VIC",
        "price": "500",
        "price_per_unit": "3571",
        "price_unit": "KG"
      },
      {
        "state": "QLD",
        "price": "500",
        "price_per_unit": "3571",
        "price_unit": "KG"
      },
      {
        "state": "WA",
        "price": "500",
        "price_per_unit": "3571",
        "price_unit": "KG"
      },
      {
        "state": "SA",
        "price": "500",
        "price_per_unit": "3571",
        "price_unit": "KG"
      },
      {
        "state": "TAS",
        "price": "500",
        "price_per_unit": "3571",
        "price_unit": "KG"
      },
      {
        "state": "ACT",
        "price": "500",
        "price_per_unit": "3571",
        "price_unit": "KG"
      }
    ]
  },
  {
    "source_url": "https://www.woolworths.com.au/shop/productdetails/128269/don-premium-real-diced-bacon",
    "name": "Don Premium Real Diced Bacon 200g",
    "image_url": "https://cdn1.woolworths.media/content/wowproductimages/large/128269.jpg",
    "source_id": "Woolworths - 128269",
    "barcode": "9326451890993",
    "shop": "Woolworths",
    "weight": "1KG",
    "prices": [
      {
        "state": "NSW",
        "price": "540",
        "price_per_unit": "2700",
        "price_unit": "KG"
      },
      {
        "state": "QLD",
        "price": "540",
        "price_per_unit": "2700",
        "price_unit": "KG"
      },
      {
        "state": "WA",
        "price": "540",
        "price_per_unit": "2700",
        "price_unit": "KG"
      },
      {
        "state": "SA",
        "price": "540",
        "price_per_unit": "2700",
        "price_unit": "KG"
      },
      {
        "state": "TAS",
        "price": "540",
        "price_per_unit": "2700",
        "price_unit": "KG"
      },
      {
        "state": "ACT",
        "price": "540",
        "price_per_unit": "2700",
        "price_unit": "KG"
      },
      {
        "state": "NT",
        "price": "540",
        "price_per_unit": "2700",
        "price_unit": "KG"
      }
    ]
  },
  {
    "source_url": "https://www.woolworths.com.au/shop/productdetails/64119/don-salami-danish",
    "name": "Don Salami Danish 200g",
    "image_url": "https://cdn1.woolworths.media/content/wowproductimages/large/064119.jpg",
    "source_id": "Woolworths - 64119",
    "barcode": "93389341",
    "shop": "Woolworths",
    "weight": "1KG",
    "prices": [
      {
        "state": "NSW",
        "price": "890",
        "price_per_unit": "4450",
        "price_unit": "KG"
      },
      {
        "state": "NSW",
        "price": "890",
        "price_per_unit": "4450",
        "price_unit": "KG"
      },
      {
        "state": "VIC",
        "price": "890",
        "price_per_unit": "4450",
        "price_unit": "KG"
      },
      {
        "state": "VIC",
        "price": "890",
        "price_per_unit": "4450",
        "price_unit": "KG"
      },
      {
        "state": "QLD",
        "price": "890",
        "price_per_unit": "4450",
        "price_unit": "KG"
      },
      {
        "state": "QLD",
        "price": "890",
        "price_per_unit": "4450",
        "price_unit": "KG"
      },
      {
        "state": "WA",
        "price": "890",
        "price_per_unit": "4450",
        "price_unit": "KG"
      },
      {
        "state": "WA",
        "price": "890",
        "price_per_unit": "4450",
        "price_unit": "KG"
      },
      {
        "state": "SA",
        "price": "890",
        "price_per_unit": "4450",
        "price_unit": "KG"
      },
      {
        "state": "SA",
        "price": "890",
        "price_per_unit": "4450",
        "price_unit": "KG"
      },
      {
        "state": "TAS",
        "price": "890",
        "price_per_unit": "4450",
        "price_unit": "KG"
      },
      {
        "state": "TAS",
        "price": "890",
        "price_per_unit": "4450",
        "price_unit": "KG"
      },
      {
        "state": "ACT",
        "price": "890",
        "price_per_unit": "4450",
        "price_unit": "KG"
      },
      {
        "state": "ACT",
        "price": "890",
        "price_per_unit": "4450",
        "price_unit": "KG"
      },
      {
        "state": "NT",
        "price": "890",
        "price_per_unit": "4450",
        "price_unit": "KG"
      },
      {
        "state": "NT",
        "price": "890",
        "price_per_unit": "4450",
        "price_unit": "KG"
      }
    ]
  },
  {
    "source_url": "https://www.woolworths.com.au/shop/productdetails/64118/don-salami-hungarian-hot",
    "name": "Don Salami Hungarian Hot 200g",
    "image_url": "https://cdn1.woolworths.media/content/wowproductimages/large/064118.jpg",
    "source_id": "Woolworths - 64118",
    "barcode": "93389358",
    "shop": "Woolworths",
    "weight": "1KG",
    "prices": [
      {
        "state": "NSW",
        "price": "890",
        "price_per_unit": "4450",
        "price_unit": "KG"
      },
      {
        "state": "NSW",
        "price": "890",
        "price_per_unit": "4450",
        "price_unit": "KG"
      },
      {
        "state": "VIC",
        "price": "890",
        "price_per_unit": "4450",
        "price_unit": "KG"
      },
      {
        "state": "VIC",
        "price": "890",
        "price_per_unit": "4450",
        "price_unit": "KG"
      },
      {
        "state": "QLD",
        "price": "890",
        "price_per_unit": "4450",
        "price_unit": "KG"
      },
      {
        "state": "QLD",
        "price": "890",
        "price_per_unit": "4450",
        "price_unit": "KG"
      },
      {
        "state": "WA",
        "price": "890",
        "price_per_unit": "4450",
        "price_unit": "KG"
      },
      {
        "state": "WA",
        "price": "890",
        "price_per_unit": "4450",
        "price_unit": "KG"
      },
      {
        "state": "SA",
        "price": "890",
        "price_per_unit": "4450",
        "price_unit": "KG"
      },
      {
        "state": "SA",
        "price": "890",
        "price_per_unit": "4450",
        "price_unit": "KG"
      },
      {
        "state": "TAS",
        "price": "890",
        "price_per_unit": "4450",
        "price_unit": "KG"
      },
      {
        "state": "TAS",
        "price": "890",
        "price_per_unit": "4450",
        "price_unit": "KG"
      },
      {
        "state": "ACT",
        "price": "890",
        "price_per_unit": "4450",
        "price_unit": "KG"
      },
      {
        "state": "ACT",
        "price": "890",
        "price_per_unit": "4450",
        "price_unit": "KG"
      },
      {
        "state": "NT",
        "price": "890",
        "price_per_unit": "4450",
        "price_unit": "KG"
      },
      {
        "state": "NT",
        "price": "890",
        "price_per_unit": "4450",
        "price_unit": "KG"
      }
    ]
  },
  {
    "source_url": "https://www.woolworths.com.au/shop/productdetails/64116/don-salami-hungarian-plain",
    "name": "Don Salami Hungarian Plain 200g",
    "image_url": "https://cdn1.woolworths.media/content/wowproductimages/large/064116.jpg",
    "source_id": "Woolworths - 64116",
    "barcode": "93389365",
    "shop": "Woolworths",
    "weight": "1KG",
    "prices": [
      {
        "state": "NSW",
        "price": "890",
        "price_per_unit": "4450",
        "price_unit": "KG"
      },
      {
        "state": "NSW",
        "price": "890",
        "price_per_unit": "4450",
        "price_unit": "KG"
      },
      {
        "state": "VIC",
        "price": "890",
        "price_per_unit": "4450",
        "price_unit": "KG"
      },
      {
        "state": "VIC",
        "price": "890",
        "price_per_unit": "4450",
        "price_unit": "KG"
      },
      {
        "state": "QLD",
        "price": "890",
        "price_per_unit": "4450",
        "price_unit": "KG"
      },
      {
        "state": "QLD",
        "price": "890",
        "price_per_unit": "4450",
        "price_unit": "KG"
      },
      {
        "state": "WA",
        "price": "890",
        "price_per_unit": "4450",
        "price_unit": "KG"
      },
      {
        "state": "WA",
        "price": "890",
        "price_per_unit": "4450",
        "price_unit": "KG"
      },
      {
        "state": "SA",
        "price": "890",
        "price_per_unit": "4450",
        "price_unit": "KG"
      },
      {
        "state": "SA",
        "price": "890",
        "price_per_unit": "4450",
        "price_unit": "KG"
      },
      {
        "state": "TAS",
        "price": "890",
        "price_per_unit": "4450",
        "price_unit": "KG"
      },
      {
        "state": "TAS",
        "price": "890",
        "price_per_unit": "4450",
        "price_unit": "KG"
      },
      {
        "state": "ACT",
        "price": "890",
        "price_per_unit": "4450",
        "price_unit": "KG"
      },
      {
        "state": "ACT",
        "price": "890",
        "price_per_unit": "4450",
        "price_unit": "KG"
      },
      {
        "state": "NT",
        "price": "890",
        "price_per_unit": "4450",
        "price_unit": "KG"
      },
      {
        "state": "NT",
        "price": "890",
        "price_per_unit": "4450",
        "price_unit": "KG"
      }
    ]
  },
  {
    "source_url": "https://www.woolworths.com.au/shop/productdetails/64117/don-salami-pepperoni",
    "name": "Don Salami Pepperoni 200g",
    "image_url": "https://cdn1.woolworths.media/content/wowproductimages/large/064117.jpg",
    "source_id": "Woolworths - 64117",
    "barcode": "93389389",
    "shop": "Woolworths",
    "weight": "1KG",
    "prices": [
      {
        "state": "NSW",
        "price": "890",
        "price_per_unit": "4450",
        "price_unit": "KG"
      },
      {
        "state": "NSW",
        "price": "890",
        "price_per_unit": "4450",
        "price_unit": "KG"
      },
      {
        "state": "VIC",
        "price": "890",
        "price_per_unit": "4450",
        "price_unit": "KG"
      },
      {
        "state": "VIC",
        "price": "890",
        "price_per_unit": "4450",
        "price_unit": "KG"
      },
      {
        "state": "QLD",
        "price": "890",
        "price_per_unit": "4450",
        "price_unit": "KG"
      },
      {
        "state": "QLD",
        "price": "890",
        "price_per_unit": "4450",
        "price_unit": "KG"
      },
      {
        "state": "WA",
        "price": "890",
        "price_per_unit": "4450",
        "price_unit": "KG"
      },
      {
        "state": "WA",
        "price": "890",
        "price_per_unit": "4450",
        "price_unit": "KG"
      },
      {
        "state": "SA",
        "price": "890",
        "price_per_unit": "4450",
        "price_unit": "KG"
      },
      {
        "state": "SA",
        "price": "890",
        "price_per_unit": "4450",
        "price_unit": "KG"
      },
      {
        "state": "TAS",
        "price": "890",
        "price_per_unit": "4450",
        "price_unit": "KG"
      },
      {
        "state": "TAS",
        "price": "890",
        "price_per_unit": "4450",
        "price_unit": "KG"
      },
      {
        "state": "ACT",
        "price": "890",
        "price_per_unit": "4450",
        "price_unit": "KG"
      },
      {
        "state": "ACT",
        "price": "890",
        "price_per_unit": "4450",
        "price_unit": "KG"
      },
      {
        "state": "NT",
        "price": "890",
        "price_per_unit": "4450",
        "price_unit": "KG"
      },
      {
        "state": "NT",
        "price": "890",
        "price_per_unit": "4450",
        "price_unit": "KG"
      }
    ]
  },
  {
    "source_url": "https://www.woolworths.com.au/shop/productdetails/730850/don-salami-sliced-pepperoni",
    "name": "Don Salami Sliced Pepperoni 100g",
    "image_url": "https://cdn1.woolworths.media/content/wowproductimages/large/730850.jpg",
    "source_id": "Woolworths - 730850",
    "barcode": "9326451737120",
    "shop": "Woolworths",
    "weight": "1KG",
    "prices": [
      {
        "state": "NSW",
        "price": "525",
        "price_per_unit": "5250",
        "price_unit": "KG"
      },
      {
        "state": "VIC",
        "price": "525",
        "price_per_unit": "5250",
        "price_unit": "KG"
      },
      {
        "state": "QLD",
        "price": "525",
        "price_per_unit": "5250",
        "price_unit": "KG"
      },
      {
        "state": "WA",
        "price": "525",
        "price_per_unit": "5250",
        "price_unit": "KG"
      },
      {
        "state": "SA",
        "price": "525",
        "price_per_unit": "5250",
        "price_unit": "KG"
      },
      {
        "state": "TAS",
        "price": "525",
        "price_per_unit": "5250",
        "price_unit": "KG"
      },
      {
        "state": "ACT",
        "price": "525",
        "price_per_unit": "5250",
        "price_unit": "KG"
      },
      {
        "state": "NT",
        "price": "525",
        "price_per_unit": "5250",
        "price_unit": "KG"
      }
    ]
  },
  {
    "source_url": "https://www.woolworths.com.au/shop/productdetails/290982/don-shaved-turkey",
    "name": "Don Shaved Turkey 160g",
    "image_url": "https://cdn1.woolworths.media/content/wowproductimages/large/290982.jpg",
    "source_id": "Woolworths - 290982",
    "barcode": "9326451016355",
    "shop": "Woolworths",
    "weight": "1KG",
    "prices": [
      {
        "state": "NSW",
        "price": "500",
        "price_per_unit": "3125",
        "price_unit": "KG"
      },
      {
        "state": "VIC",
        "price": "500",
        "price_per_unit": "3125",
        "price_unit": "KG"
      },
      {
        "state": "QLD",
        "price": "500",
        "price_per_unit": "3125",
        "price_unit": "KG"
      },
      {
        "state": "WA",
        "price": "500",
        "price_per_unit": "3125",
        "price_unit": "KG"
      },
      {
        "state": "SA",
        "price": "500",
        "price_per_unit": "3125",
        "price_unit": "KG"
      },
      {
        "state": "TAS",
        "price": "500",
        "price_per_unit": "3125",
        "price_unit": "KG"
      },
      {
        "state": "ACT",
        "price": "500",
        "price_per_unit": "3125",
        "price_unit": "KG"
      },
      {
        "state": "NT",
        "price": "500",
        "price_per_unit": "3125",
        "price_unit": "KG"
      }
    ]
  },
  {
    "source_url": "https://www.woolworths.com.au/shop/productdetails/290255/don-thinly-sliced-english-ham",
    "name": "Don Thinly Sliced English Ham 200g",
    "image_url": "https://cdn1.woolworths.media/content/wowproductimages/large/290255.jpg",
    "source_id": "Woolworths - 290255",
    "barcode": "9326451016317",
    "shop": "Woolworths",
    "weight": "1KG",
    "prices": [
      {
        "state": "NSW",
        "price": "500",
        "price_per_unit": "2500",
        "price_unit": "KG"
      },
      {
        "state": "VIC",
        "price": "500",
        "price_per_unit": "2500",
        "price_unit": "KG"
      },
      {
        "state": "QLD",
        "price": "500",
        "price_per_unit": "2500",
        "price_unit": "KG"
      },
      {
        "state": "WA",
        "price": "500",
        "price_per_unit": "2500",
        "price_unit": "KG"
      },
      {
        "state": "SA",
        "price": "500",
        "price_per_unit": "2500",
        "price_unit": "KG"
      },
      {
        "state": "TAS",
        "price": "500",
        "price_per_unit": "2500",
        "price_unit": "KG"
      },
      {
        "state": "ACT",
        "price": "500",
        "price_per_unit": "2500",
        "price_unit": "KG"
      },
      {
        "state": "NT",
        "price": "500",
        "price_per_unit": "2500",
        "price_unit": "KG"
      }
    ]
  },
  {
    "source_url": "https://www.woolworths.com.au/shop/productdetails/288084/don-thinly-sliced-honey-leg-ham",
    "name": "Don Thinly Sliced Honey Leg Ham 200g",
    "image_url": "https://cdn1.woolworths.media/content/wowproductimages/large/288084.jpg",
    "source_id": "Woolworths - 288084",
    "barcode": "9326451016331",
    "shop": "Woolworths",
    "weight": "1KG",
    "prices": [
      {
        "state": "NSW",
        "price": "500",
        "price_per_unit": "2500",
        "price_unit": "KG"
      },
      {
        "state": "VIC",
        "price": "500",
        "price_per_unit": "2500",
        "price_unit": "KG"
      },
      {
        "state": "QLD",
        "price": "500",
        "price_per_unit": "2500",
        "price_unit": "KG"
      },
      {
        "state": "WA",
        "price": "500",
        "price_per_unit": "2500",
        "price_unit": "KG"
      },
      {
        "state": "SA",
        "price": "500",
        "price_per_unit": "2500",
        "price_unit": "KG"
      },
      {
        "state": "TAS",
        "price": "500",
        "price_per_unit": "2500",
        "price_unit": "KG"
      },
      {
        "state": "ACT",
        "price": "500",
        "price_per_unit": "2500",
        "price_unit": "KG"
      },
      {
        "state": "NT",
        "price": "500",
        "price_per_unit": "2500",
        "price_unit": "KG"
      }
    ]
  },
  {
    "source_url": "https://www.woolworths.com.au/shop/productdetails/546878/hans-polish",
    "name": "Hans Polish 375g",
    "image_url": "https://cdn1.woolworths.media/content/wowproductimages/large/546878.jpg",
    "source_id": "Woolworths - 546878",
    "barcode": "9310568121521",
    "shop": "Woolworths",
    "weight": "1KG",
    "prices": [
      {
        "state": "NSW",
        "price": "520",
        "price_per_unit": "1387",
        "price_unit": "KG"
      },
      {
        "state": "QLD",
        "price": "520",
        "price_per_unit": "1387",
        "price_unit": "KG"
      },
      {
        "state": "SA",
        "price": "520",
        "price_per_unit": "1387",
        "price_unit": "KG"
      },
      {
        "state": "ACT",
        "price": "520",
        "price_per_unit": "1387",
        "price_unit": "KG"
      },
      {
        "state": "NT",
        "price": "520",
        "price_per_unit": "1387",
        "price_unit": "KG"
      }
    ]
  },
  {
    "source_url": "https://www.woolworths.com.au/shop/productdetails/33857/ingham-s-roll-chicken",
    "name": "Ingham's Roll Chicken 250g",
    "image_url": "https://cdn1.woolworths.media/content/wowproductimages/large/033857.jpg",
    "source_id": "Woolworths - 33857",
    "barcode": "9310037054954",
    "shop": "Woolworths",
    "weight": "1KG",
    "prices": [
      {
        "state": "NSW",
        "price": "390",
        "price_per_unit": "1560",
        "price_unit": "KG"
      },
      {
        "state": "VIC",
        "price": "390",
        "price_per_unit": "1560",
        "price_unit": "KG"
      },
      {
        "state": "QLD",
        "price": "390",
        "price_per_unit": "1560",
        "price_unit": "KG"
      },
      {
        "state": "WA",
        "price": "390",
        "price_per_unit": "1560",
        "price_unit": "KG"
      },
      {
        "state": "SA",
        "price": "390",
        "price_per_unit": "1560",
        "price_unit": "KG"
      },
      {
        "state": "TAS",
        "price": "390",
        "price_per_unit": "1560",
        "price_unit": "KG"
      },
      {
        "state": "ACT",
        "price": "390",
        "price_per_unit": "1560",
        "price_unit": "KG"
      },
      {
        "state": "NT",
        "price": "390",
        "price_per_unit": "1560",
        "price_unit": "KG"
      }
    ]
  },
  {
    "source_url": "https://www.woolworths.com.au/shop/productdetails/807898/mayfair-devon-slices",
    "name": "Mayfair Devon Slices 100g",
    "image_url": "https://cdn1.woolworths.media/content/wowproductimages/large/807898.jpg",
    "source_id": "Woolworths - 807898",
    "barcode": "9311594018649",
    "shop": "Woolworths",
    "weight": "1KG",
    "prices": [
      {
        "state": "NSW",
        "price": "100",
        "price_per_unit": "1000",
        "price_unit": "KG"
      },
      {
        "state": "VIC",
        "price": "100",
        "price_per_unit": "1000",
        "price_unit": "KG"
      },
      {
        "state": "QLD",
        "price": "100",
        "price_per_unit": "1000",
        "price_unit": "KG"
      },
      {
        "state": "SA",
        "price": "100",
        "price_per_unit": "1000",
        "price_unit": "KG"
      },
      {
        "state": "ACT",
        "price": "100",
        "price_per_unit": "1000",
        "price_unit": "KG"
      },
      {
        "state": "NT",
        "price": "100",
        "price_per_unit": "1000",
        "price_unit": "KG"
      }
    ]
  },
  {
    "source_url": "https://www.woolworths.com.au/shop/productdetails/125475/mayfair-knob-ham-chicken",
    "name": "Mayfair Knob Ham & Chicken 1kg",
    "image_url": "https://cdn1.woolworths.media/content/wowproductimages/large/125475.jpg",
    "source_id": "Woolworths - 125475",
    "barcode": "9311594069214",
    "shop": "Woolworths",
    "weight": "1KG",
    "prices": [
      {
        "state": "NSW",
        "price": "500",
        "price_per_unit": "500",
        "price_unit": "KG"
      },
      {
        "state": "VIC",
        "price": "500",
        "price_per_unit": "500",
        "price_unit": "KG"
      },
      {
        "state": "QLD",
        "price": "500",
        "price_per_unit": "500",
        "price_unit": "KG"
      },
      {
        "state": "SA",
        "price": "500",
        "price_per_unit": "500",
        "price_unit": "KG"
      },
      {
        "state": "TAS",
        "price": "500",
        "price_per_unit": "500",
        "price_unit": "KG"
      },
      {
        "state": "ACT",
        "price": "500",
        "price_per_unit": "500",
        "price_unit": "KG"
      },
      {
        "state": "NT",
        "price": "500",
        "price_per_unit": "500",
        "price_unit": "KG"
      }
    ]
  },
  {
    "source_url": "https://www.woolworths.com.au/shop/productdetails/884443/woolworths-deli-express-middle-bacon",
    "name": "Middle Bacon 500g",
    "image_url": "https://cdn1.woolworths.media/content/wowproductimages/large/884443.jpg",
    "source_id": "Woolworths - 884443",
    "barcode": "9300767082662",
    "shop": "Woolworths",
    "weight": "1KG",
    "prices": [
      {
        "state": "NSW",
        "price": "950",
        "price_per_unit": "1900",
        "price_unit": "KG"
      }
    ]
  },
  {
    "source_url": "https://www.woolworths.com.au/shop/productdetails/214386/miguel-maestre-australian-free-range-ham",
    "name": "Miguel Maestre Australian Free Range Ham 100g",
    "image_url": "https://cdn1.woolworths.media/content/wowproductimages/large/214386.jpg",
    "source_id": "Woolworths - 214386",
    "barcode": "9350566001135",
    "shop": "Woolworths",
    "weight": "1KG",
    "prices": [
      {
        "state": "NSW",
        "price": "1000",
        "price_per_unit": "10000",
        "price_unit": "KG"
      },
      {
        "state": "ACT",
        "price": "1000",
        "price_per_unit": "10000",
        "price_unit": "KG"
      },
      {
        "state": "NT",
        "price": "1000",
        "price_per_unit": "10000",
        "price_unit": "KG"
      }
    ]
  },
  {
    "source_url": "https://www.woolworths.com.au/shop/productdetails/399412/miguel-maestre-free-range-australian-jamon",
    "name": "Miguel Maestre Free Range Australian Jamon 80g",
    "image_url": "https://cdn1.woolworths.media/content/wowproductimages/large/399412.jpg",
    "source_id": "Woolworths - 399412",
    "barcode": "9350566001371",
    "shop": "Woolworths",
    "weight": "1KG",
    "prices": [
      {
        "state": "NSW",
        "price": "1000",
        "price_per_unit": "12500",
        "price_unit": "KG"
      },
      {
        "state": "ACT",
        "price": "1000",
        "price_per_unit": "12500",
        "price_unit": "KG"
      }
    ]
  },
  {
    "source_url": "https://www.woolworths.com.au/shop/productdetails/214672/miguel-maestre-free-range-chorizo-pepperoni",
    "name": "Miguel Maestre Free Range Chorizo Pepperoni 80g",
    "image_url": "https://cdn1.woolworths.media/content/wowproductimages/large/214672.jpg",
    "source_id": "Woolworths - 214672",
    "barcode": "9350566001128",
    "shop": "Woolworths",
    "weight": "1KG",
    "prices": [
      {
        "state": "NSW",
        "price": "1000",
        "price_per_unit": "12500",
        "price_unit": "KG"
      },
      {
        "state": "VIC",
        "price": "1000",
        "price_per_unit": "12500",
        "price_unit": "KG"
      },
      {
        "state": "SA",
        "price": "1000",
        "price_per_unit": "12500",
        "price_unit": "KG"
      },
      {
        "state": "ACT",
        "price": "1000",
        "price_per_unit": "12500",
        "price_unit": "KG"
      },
      {
        "state": "NT",
        "price": "1000",
        "price_per_unit": "12500",
        "price_unit": "KG"
      }
    ]
  },
  {
    "source_url": "https://www.woolworths.com.au/shop/productdetails/398123/miguel-maestre-free-range-jamon-chorizo-tapas-selection",
    "name": "Miguel Maestre Free Range Jamon & Chorizo Tapas Selection 150g",
    "image_url": "https://cdn1.woolworths.media/content/wowproductimages/large/398123.jpg",
    "source_id": "Woolworths - 398123",
    "barcode": "9350566001395",
    "shop": "Woolworths",
    "weight": "1KG",
    "prices": [
      null,
      {
        "state": "ACT",
        "price": "1500",
        "price_per_unit": "10000",
        "price_unit": "KG"
      },
      {
        "state": "NT",
        "price": "1500",
        "price_per_unit": "10000",
        "price_unit": "KG"
      }
    ]
  },
  {
    "source_url": "https://www.woolworths.com.au/shop/productdetails/396289/miguel-maestre-free-range-mild-chorizo-sliced-salami",
    "name": "Miguel Maestre Free Range Mild Chorizo Sliced Salami 100g",
    "image_url": "https://cdn1.woolworths.media/content/wowproductimages/large/396289.jpg",
    "source_id": "Woolworths - 396289",
    "barcode": "9350566001388",
    "shop": "Woolworths",
    "weight": "1KG",
    "prices": [
      {
        "state": "NSW",
        "price": "1000",
        "price_per_unit": "10000",
        "price_unit": "KG"
      },
      {
        "state": "VIC",
        "price": "1000",
        "price_per_unit": "10000",
        "price_unit": "KG"
      },
      {
        "state": "QLD",
        "price": "1000",
        "price_per_unit": "10000",
        "price_unit": "KG"
      },
      {
        "state": "SA",
        "price": "1000",
        "price_per_unit": "10000",
        "price_unit": "KG"
      },
      {
        "state": "ACT",
        "price": "1000",
        "price_per_unit": "10000",
        "price_unit": "KG"
      },
      {
        "state": "NT",
        "price": "1000",
        "price_per_unit": "10000",
        "price_unit": "KG"
      }
    ]
  },
  {
    "source_url": "https://www.woolworths.com.au/shop/productdetails/100930/miguel-maestre-free-range-salchichon-salami",
    "name": "Miguel Maestre Free Range Salchichon Salami 100g",
    "image_url": "https://cdn1.woolworths.media/content/wowproductimages/large/100930.jpg",
    "source_id": "Woolworths - 100930",
    "barcode": "9350566000602",
    "shop": "Woolworths",
    "weight": "1KG",
    "prices": [
      {
        "state": "ACT",
        "price": "1000",
        "price_per_unit": "10000",
        "price_unit": "KG"
      },
      {
        "state": "NT",
        "price": "1000",
        "price_per_unit": "10000",
        "price_unit": "KG"
      }
    ]
  },
  {
    "source_url": "https://www.woolworths.com.au/shop/productdetails/915505/miguel-maestre-free-range-spanish-style-fennel-salami",
    "name": "Miguel Maestre Free Range Spanish Style Fennel Salami 100g",
    "image_url": "https://cdn1.woolworths.media/content/wowproductimages/large/915505.jpg",
    "source_id": "Woolworths - 915505",
    "barcode": "9350566001449",
    "shop": "Woolworths",
    "weight": "1KG",
    "prices": [
      {
        "state": "NSW",
        "price": "1000",
        "price_per_unit": "10000",
        "price_unit": "KG"
      },
      {
        "state": "ACT",
        "price": "1000",
        "price_per_unit": "10000",
        "price_unit": "KG"
      }
    ]
  },
  {
    "source_url": "https://www.woolworths.com.au/shop/productdetails/214669/miguel-maestre-free-range-spicy-pork-salami",
    "name": "Miguel Maestre Free Range Spicy Pork Salami 80g",
    "image_url": "https://cdn1.woolworths.media/content/wowproductimages/large/214669.jpg",
    "source_id": "Woolworths - 214669",
    "barcode": "9350566001180",
    "shop": "Woolworths",
    "weight": "1KG",
    "prices": [
      {
        "state": "NSW",
        "price": "1000",
        "price_per_unit": "12500",
        "price_unit": "KG"
      },
      {
        "state": "ACT",
        "price": "1000",
        "price_per_unit": "12500",
        "price_unit": "KG"
      }
    ]
  },
  {
    "source_url": "https://www.woolworths.com.au/shop/productdetails/652335/miguel-maestre-sliced-chorizo",
    "name": "Miguel Maestre Sliced Chorizo 100g",
    "image_url": "https://cdn1.woolworths.media/content/wowproductimages/large/652335.jpg",
    "source_id": "Woolworths - 652335",
    "barcode": "9350566000244",
    "shop": "Woolworths",
    "weight": "1KG",
    "prices": [
      {
        "state": "NSW",
        "price": "1000",
        "price_per_unit": "10000",
        "price_unit": "KG"
      },
      {
        "state": "SA",
        "price": "1000",
        "price_per_unit": "10000",
        "price_unit": "KG"
      },
      {
        "state": "ACT",
        "price": "1000",
        "price_per_unit": "10000",
        "price_unit": "KG"
      },
      {
        "state": "NT",
        "price": "1000",
        "price_per_unit": "10000",
        "price_unit": "KG"
      }
    ]
  },
  {
    "source_url": "https://www.woolworths.com.au/shop/productdetails/141832/miguel-maestre-spanish-jamon-serrano-reserva",
    "name": "Miguel Maestre Spanish Jamon Serrano Reserva 80g",
    "image_url": "https://cdn1.woolworths.media/content/wowproductimages/large/default.png",
    "source_id": "Woolworths - 141832",
    "barcode": "9350566001005",
    "shop": "Woolworths",
    "weight": "1KG",
    "prices": [
      {
        "state": "NSW",
        "price": "1000",
        "price_per_unit": "12500",
        "price_unit": "KG"
      },
      {
        "state": "VIC",
        "price": "1000",
        "price_per_unit": "12500",
        "price_unit": "KG"
      },
      {
        "state": "SA",
        "price": "1000",
        "price_per_unit": "12500",
        "price_unit": "KG"
      },
      {
        "state": "ACT",
        "price": "1000",
        "price_per_unit": "12500",
        "price_unit": "KG"
      },
      {
        "state": "NT",
        "price": "1000",
        "price_per_unit": "12500",
        "price_unit": "KG"
      }
    ]
  },
  {
    "source_url": "https://www.woolworths.com.au/shop/productdetails/392173/moira-mac-s-bbq-chicken-breast-slices",
    "name": "Moira Mac's Bbq Chicken Breast Slices 150g",
    "image_url": "https://cdn1.woolworths.media/content/wowproductimages/large/392173.jpg",
    "source_id": "Woolworths - 392173",
    "barcode": "9340281002517",
    "shop": "Woolworths",
    "weight": "1KG",
    "prices": [
      {
        "state": "NSW",
        "price": "600",
        "price_per_unit": "4000",
        "price_unit": "KG"
      },
      {
        "state": "VIC",
        "price": "600",
        "price_per_unit": "4000",
        "price_unit": "KG"
      },
      {
        "state": "QLD",
        "price": "600",
        "price_per_unit": "4000",
        "price_unit": "KG"
      },
      {
        "state": "WA",
        "price": "600",
        "price_per_unit": "4000",
        "price_unit": "KG"
      },
      {
        "state": "SA",
        "price": "600",
        "price_per_unit": "4000",
        "price_unit": "KG"
      },
      {
        "state": "ACT",
        "price": "600",
        "price_per_unit": "4000",
        "price_unit": "KG"
      },
      {
        "state": "NT",
        "price": "600",
        "price_per_unit": "4000",
        "price_unit": "KG"
      }
    ]
  },
  {
    "source_url": "https://www.woolworths.com.au/shop/productdetails/391746/moira-mac-s-portugese-chicken-breast-slices",
    "name": "Moira Mac's Portugese Chicken Breast Slices 150g",
    "image_url": "https://cdn1.woolworths.media/content/wowproductimages/large/391746.jpg",
    "source_id": "Woolworths - 391746",
    "barcode": "9340281002579",
    "shop": "Woolworths",
    "weight": "1KG",
    "prices": [
      {
        "state": "NSW",
        "price": "600",
        "price_per_unit": "4000",
        "price_unit": "KG"
      },
      {
        "state": "VIC",
        "price": "600",
        "price_per_unit": "4000",
        "price_unit": "KG"
      },
      {
        "state": "QLD",
        "price": "600",
        "price_per_unit": "4000",
        "price_unit": "KG"
      },
      {
        "state": "WA",
        "price": "600",
        "price_per_unit": "4000",
        "price_unit": "KG"
      },
      {
        "state": "SA",
        "price": "600",
        "price_per_unit": "4000",
        "price_unit": "KG"
      },
      {
        "state": "ACT",
        "price": "600",
        "price_per_unit": "4000",
        "price_unit": "KG"
      },
      {
        "state": "NT",
        "price": "600",
        "price_per_unit": "4000",
        "price_unit": "KG"
      }
    ]
  },
  {
    "source_url": "https://www.woolworths.com.au/shop/productdetails/392149/moira-mac-s-pulled-chicken-breast",
    "name": "Moira Mac's Pulled Chicken Breast 150g",
    "image_url": "https://cdn1.woolworths.media/content/wowproductimages/large/392149.jpg",
    "source_id": "Woolworths - 392149",
    "barcode": "9340281002524",
    "shop": "Woolworths",
    "weight": "1KG",
    "prices": [
      {
        "state": "NSW",
        "price": "600",
        "price_per_unit": "4000",
        "price_unit": "KG"
      },
      {
        "state": "VIC",
        "price": "600",
        "price_per_unit": "4000",
        "price_unit": "KG"
      },
      {
        "state": "QLD",
        "price": "600",
        "price_per_unit": "4000",
        "price_unit": "KG"
      },
      {
        "state": "WA",
        "price": "600",
        "price_per_unit": "4000",
        "price_unit": "KG"
      },
      {
        "state": "SA",
        "price": "600",
        "price_per_unit": "4000",
        "price_unit": "KG"
      },
      {
        "state": "TAS",
        "price": "600",
        "price_per_unit": "4000",
        "price_unit": "KG"
      },
      {
        "state": "ACT",
        "price": "600",
        "price_per_unit": "4000",
        "price_unit": "KG"
      },
      {
        "state": "NT",
        "price": "600",
        "price_per_unit": "4000",
        "price_unit": "KG"
      }
    ]
  },
  {
    "source_url": "https://www.woolworths.com.au/shop/productdetails/391606/moira-mac-s-roast-chicken-breast-slices",
    "name": "Moira Mac's Roast Chicken Breast Slices 150g",
    "image_url": "https://cdn1.woolworths.media/content/wowproductimages/large/391606.jpg",
    "source_id": "Woolworths - 391606",
    "barcode": "9340281002500",
    "shop": "Woolworths",
    "weight": "1KG",
    "prices": [
      {
        "state": "NSW",
        "price": "600",
        "price_per_unit": "4000",
        "price_unit": "KG"
      },
      {
        "state": "VIC",
        "price": "600",
        "price_per_unit": "4000",
        "price_unit": "KG"
      },
      {
        "state": "QLD",
        "price": "600",
        "price_per_unit": "4000",
        "price_unit": "KG"
      },
      {
        "state": "WA",
        "price": "600",
        "price_per_unit": "4000",
        "price_unit": "KG"
      },
      {
        "state": "SA",
        "price": "600",
        "price_per_unit": "4000",
        "price_unit": "KG"
      },
      {
        "state": "TAS",
        "price": "600",
        "price_per_unit": "4000",
        "price_unit": "KG"
      },
      {
        "state": "ACT",
        "price": "600",
        "price_per_unit": "4000",
        "price_unit": "KG"
      },
      {
        "state": "NT",
        "price": "600",
        "price_per_unit": "4000",
        "price_unit": "KG"
      }
    ]
  },
  {
    "source_url": "https://www.woolworths.com.au/shop/productdetails/915857/montecatini-australian-fennel-garlic-salami",
    "name": "Montecatini Australian Fennel & Garlic Salami 80g",
    "image_url": "https://cdn1.woolworths.media/content/wowproductimages/large/915857.jpg",
    "source_id": "Woolworths - 915857",
    "barcode": "9329053013579",
    "shop": "Woolworths",
    "weight": "1KG",
    "prices": [
      {
        "state": "NSW",
        "price": "750",
        "price_per_unit": "9375",
        "price_unit": "KG"
      }
    ]
  },
  {
    "source_url": "https://www.woolworths.com.au/shop/productdetails/915718/montecatini-australian-olive-sopressa-salami",
    "name": "Montecatini Australian Olive Sopressa Salami 80g",
    "image_url": "https://cdn1.woolworths.media/content/wowproductimages/large/915718.jpg",
    "source_id": "Woolworths - 915718",
    "barcode": "9329053013562",
    "shop": "Woolworths",
    "weight": "1KG",
    "prices": [
      {
        "state": "NSW",
        "price": "750",
        "price_per_unit": "9375",
        "price_unit": "KG"
      }
    ]
  },
  {
    "source_url": "https://www.woolworths.com.au/shop/productdetails/916522/montecatini-australian-truffle-salami",
    "name": "Montecatini Australian Truffle Salami 80g",
    "image_url": "https://cdn1.woolworths.media/content/wowproductimages/large/916522.jpg",
    "source_id": "Woolworths - 916522",
    "barcode": "9329053013555",
    "shop": "Woolworths",
    "weight": "1KG",
    "prices": [
      {
        "state": "NSW",
        "price": "750",
        "price_per_unit": "9375",
        "price_unit": "KG"
      }
    ]
  },
  {
    "source_url": "https://www.woolworths.com.au/shop/productdetails/904924/mt-barker-free-range-peri-peri-diced-chicken-breast",
    "name": "Mt Barker Free Range Peri Peri Diced Chicken Breast 220g",
    "image_url": "https://cdn1.woolworths.media/content/wowproductimages/large/904924.jpg",
    "source_id": "Woolworths - 904924",
    "barcode": "9334864006627",
    "shop": "Woolworths",
    "weight": "1KG",
    "prices": [
      {
        "state": "NSW",
        "price": "850",
        "price_per_unit": "3864",
        "price_unit": "KG"
      },
      {
        "state": "VIC",
        "price": "850",
        "price_per_unit": "3864",
        "price_unit": "KG"
      },
      {
        "state": "QLD",
        "price": "850",
        "price_per_unit": "3864",
        "price_unit": "KG"
      },
      {
        "state": "WA",
        "price": "800",
        "price_per_unit": "3636",
        "price_unit": "KG"
      },
      {
        "state": "SA",
        "price": "850",
        "price_per_unit": "3864",
        "price_unit": "KG"
      },
      {
        "state": "TAS",
        "price": "850",
        "price_per_unit": "3864",
        "price_unit": "KG"
      },
      {
        "state": "NT",
        "price": "850",
        "price_per_unit": "3864",
        "price_unit": "KG"
      }
    ]
  },
  {
    "source_url": "https://www.woolworths.com.au/shop/productdetails/906432/mt-barker-free-range-roasted-carved-chicken-breast",
    "name": "Mt Barker Free Range Roasted Carved Chicken Breast 220g",
    "image_url": "https://cdn1.woolworths.media/content/wowproductimages/large/906432.jpg",
    "source_id": "Woolworths - 906432",
    "barcode": "9334864006610",
    "shop": "Woolworths",
    "weight": "1KG",
    "prices": [
      {
        "state": "NSW",
        "price": "850",
        "price_per_unit": "3864",
        "price_unit": "KG"
      },
      {
        "state": "QLD",
        "price": "850",
        "price_per_unit": "3864",
        "price_unit": "KG"
      },
      {
        "state": "WA",
        "price": "800",
        "price_per_unit": "3636",
        "price_unit": "KG"
      },
      {
        "state": "SA",
        "price": "850",
        "price_per_unit": "3864",
        "price_unit": "KG"
      },
      {
        "state": "TAS",
        "price": "850",
        "price_per_unit": "3864",
        "price_unit": "KG"
      },
      {
        "state": "NT",
        "price": "850",
        "price_per_unit": "3864",
        "price_unit": "KG"
      }
    ]
  },
  {
    "source_url": "https://www.woolworths.com.au/shop/productdetails/904897/mt-barker-free-range-roasted-shredded-chicken",
    "name": "Mt Barker Free Range Roasted Shredded Chicken 200g",
    "image_url": "https://cdn1.woolworths.media/content/wowproductimages/large/904897.jpg",
    "source_id": "Woolworths - 904897",
    "barcode": "9334864006603",
    "shop": "Woolworths",
    "weight": "1KG",
    "prices": [
      {
        "state": "NSW",
        "price": "850",
        "price_per_unit": "4250",
        "price_unit": "KG"
      },
      {
        "state": "QLD",
        "price": "850",
        "price_per_unit": "4250",
        "price_unit": "KG"
      },
      {
        "state": "SA",
        "price": "850",
        "price_per_unit": "4250",
        "price_unit": "KG"
      },
      {
        "state": "TAS",
        "price": "850",
        "price_per_unit": "4250",
        "price_unit": "KG"
      },
      {
        "state": "NT",
        "price": "850",
        "price_per_unit": "4250",
        "price_unit": "KG"
      }
    ]
  },
  {
    "source_url": "https://www.woolworths.com.au/shop/productdetails/545880/primo-cabanossi",
    "name": "Primo Cabanossi 300g",
    "image_url": "https://cdn1.woolworths.media/content/wowproductimages/large/545880.jpg",
    "source_id": "Woolworths - 545880",
    "barcode": "9311594043238",
    "shop": "Woolworths",
    "weight": "1KG",
    "prices": [
      {
        "state": "NSW",
        "price": "550",
        "price_per_unit": "1833",
        "price_unit": "KG"
      },
      {
        "state": "QLD",
        "price": "550",
        "price_per_unit": "1833",
        "price_unit": "KG"
      },
      {
        "state": "ACT",
        "price": "550",
        "price_per_unit": "1833",
        "price_unit": "KG"
      }
    ]
  },
  {
    "source_url": "https://www.woolworths.com.au/shop/productdetails/544761/primo-champagne-ham-sliced-thinly-sliced",
    "name": "Primo Champagne Ham Sliced 100g",
    "image_url": "https://cdn1.woolworths.media/content/wowproductimages/large/544761.jpg",
    "source_id": "Woolworths - 544761",
    "barcode": "9311594016966",
    "shop": "Woolworths",
    "weight": "1KG",
    "prices": [
      {
        "state": "NSW",
        "price": "395",
        "price_per_unit": "3950",
        "price_unit": "KG"
      },
      {
        "state": "VIC",
        "price": "395",
        "price_per_unit": "3950",
        "price_unit": "KG"
      },
      {
        "state": "QLD",
        "price": "395",
        "price_per_unit": "3950",
        "price_unit": "KG"
      },
      {
        "state": "WA",
        "price": "395",
        "price_per_unit": "3950",
        "price_unit": "KG"
      },
      {
        "state": "SA",
        "price": "395",
        "price_per_unit": "3950",
        "price_unit": "KG"
      },
      {
        "state": "TAS",
        "price": "395",
        "price_per_unit": "3950",
        "price_unit": "KG"
      },
      {
        "state": "ACT",
        "price": "395",
        "price_per_unit": "3950",
        "price_unit": "KG"
      },
      {
        "state": "NT",
        "price": "395",
        "price_per_unit": "3950",
        "price_unit": "KG"
      }
    ]
  },
  {
    "source_url": "https://www.woolworths.com.au/shop/productdetails/544762/primo-chicken-breast-sliced-thinly-sliced",
    "name": "Primo Chicken Breast Sliced 80g",
    "image_url": "https://cdn1.woolworths.media/content/wowproductimages/large/544762.jpg",
    "source_id": "Woolworths - 544762",
    "barcode": "9311594016546",
    "shop": "Woolworths",
    "weight": "1KG",
    "prices": [
      {
        "state": "NSW",
        "price": "395",
        "price_per_unit": "4938",
        "price_unit": "KG"
      },
      {
        "state": "VIC",
        "price": "395",
        "price_per_unit": "4938",
        "price_unit": "KG"
      },
      {
        "state": "QLD",
        "price": "395",
        "price_per_unit": "4938",
        "price_unit": "KG"
      },
      {
        "state": "WA",
        "price": "395",
        "price_per_unit": "4938",
        "price_unit": "KG"
      },
      {
        "state": "SA",
        "price": "395",
        "price_per_unit": "4938",
        "price_unit": "KG"
      },
      {
        "state": "TAS",
        "price": "395",
        "price_per_unit": "4938",
        "price_unit": "KG"
      },
      {
        "state": "ACT",
        "price": "395",
        "price_per_unit": "4938",
        "price_unit": "KG"
      },
      {
        "state": "NT",
        "price": "395",
        "price_per_unit": "4938",
        "price_unit": "KG"
      }
    ]
  },
  {
    "source_url": "https://www.woolworths.com.au/shop/productdetails/328005/primo-chorizo-2-pack",
    "name": "Primo Chorizo 2 Pack",
    "image_url": "https://cdn1.woolworths.media/content/wowproductimages/large/328005.jpg",
    "source_id": "Woolworths - 328005",
    "barcode": "9311594046062",
    "shop": "Woolworths",
    "weight": "1KG",
    "prices": [
      {
        "state": "NSW",
        "price": "670",
        "price_per_unit": "2680",
        "price_unit": "KG"
      },
      {
        "state": "VIC",
        "price": "670",
        "price_per_unit": "2680",
        "price_unit": "KG"
      },
      {
        "state": "QLD",
        "price": "670",
        "price_per_unit": "2680",
        "price_unit": "KG"
      },
      {
        "state": "WA",
        "price": "670",
        "price_per_unit": "2680",
        "price_unit": "KG"
      },
      {
        "state": "SA",
        "price": "670",
        "price_per_unit": "2680",
        "price_unit": "KG"
      },
      {
        "state": "ACT",
        "price": "670",
        "price_per_unit": "2680",
        "price_unit": "KG"
      },
      {
        "state": "NT",
        "price": "670",
        "price_per_unit": "2680",
        "price_unit": "KG"
      }
    ]
  },
  {
    "source_url": "https://www.woolworths.com.au/shop/productdetails/544699/primo-danish-salami-sliced",
    "name": "Primo Danish  Salami Sliced 80g",
    "image_url": "https://cdn1.woolworths.media/content/wowproductimages/large/544699.jpg",
    "source_id": "Woolworths - 544699",
    "barcode": "9311594018601",
    "shop": "Woolworths",
    "weight": "1KG",
    "prices": [
      {
        "state": "NSW",
        "price": "395",
        "price_per_unit": "4938",
        "price_unit": "KG"
      },
      {
        "state": "VIC",
        "price": "395",
        "price_per_unit": "4938",
        "price_unit": "KG"
      },
      {
        "state": "QLD",
        "price": "395",
        "price_per_unit": "4938",
        "price_unit": "KG"
      },
      {
        "state": "WA",
        "price": "395",
        "price_per_unit": "4938",
        "price_unit": "KG"
      },
      {
        "state": "SA",
        "price": "395",
        "price_per_unit": "4938",
        "price_unit": "KG"
      },
      {
        "state": "TAS",
        "price": "395",
        "price_per_unit": "4938",
        "price_unit": "KG"
      },
      {
        "state": "ACT",
        "price": "395",
        "price_per_unit": "4938",
        "price_unit": "KG"
      },
      {
        "state": "NT",
        "price": "395",
        "price_per_unit": "4938",
        "price_unit": "KG"
      }
    ]
  },
  {
    "source_url": "https://www.woolworths.com.au/shop/productdetails/250708/primo-diced-bacon-pieces-cook-create-twin-pack",
    "name": "Primo Diced Bacon Pieces Cook & Create Twin Pack 300g",
    "image_url": "https://cdn1.woolworths.media/content/wowproductimages/large/250708.jpg",
    "source_id": "Woolworths - 250708",
    "barcode": "9311594022110",
    "shop": "Woolworths",
    "weight": "1KG",
    "prices": [
      {
        "state": "NSW",
        "price": "470",
        "price_per_unit": "1567",
        "price_unit": "KG"
      },
      {
        "state": "VIC",
        "price": "470",
        "price_per_unit": "1567",
        "price_unit": "KG"
      },
      {
        "state": "QLD",
        "price": "470",
        "price_per_unit": "1567",
        "price_unit": "KG"
      },
      {
        "state": "WA",
        "price": "470",
        "price_per_unit": "1567",
        "price_unit": "KG"
      },
      {
        "state": "SA",
        "price": "470",
        "price_per_unit": "1567",
        "price_unit": "KG"
      },
      {
        "state": "TAS",
        "price": "470",
        "price_per_unit": "1567",
        "price_unit": "KG"
      },
      {
        "state": "ACT",
        "price": "470",
        "price_per_unit": "1567",
        "price_unit": "KG"
      },
      {
        "state": "NT",
        "price": "470",
        "price_per_unit": "1567",
        "price_unit": "KG"
      }
    ]
  },
  {
    "source_url": "https://www.woolworths.com.au/shop/productdetails/544760/primo-double-smoked-sliced-leg-ham-double-smoked",
    "name": "Primo Double Smoked Sliced Leg Ham 100g",
    "image_url": "https://cdn1.woolworths.media/content/wowproductimages/large/544760.jpg",
    "source_id": "Woolworths - 544760",
    "barcode": "9311594016942",
    "shop": "Woolworths",
    "weight": "1KG",
    "prices": [
      {
        "state": "NSW",
        "price": "395",
        "price_per_unit": "3950",
        "price_unit": "KG"
      },
      {
        "state": "VIC",
        "price": "395",
        "price_per_unit": "3950",
        "price_unit": "KG"
      },
      {
        "state": "QLD",
        "price": "395",
        "price_per_unit": "3950",
        "price_unit": "KG"
      },
      {
        "state": "WA",
        "price": "395",
        "price_per_unit": "3950",
        "price_unit": "KG"
      },
      {
        "state": "SA",
        "price": "395",
        "price_per_unit": "3950",
        "price_unit": "KG"
      },
      {
        "state": "TAS",
        "price": "395",
        "price_per_unit": "3950",
        "price_unit": "KG"
      },
      {
        "state": "ACT",
        "price": "395",
        "price_per_unit": "3950",
        "price_unit": "KG"
      },
      {
        "state": "NT",
        "price": "395",
        "price_per_unit": "3950",
        "price_unit": "KG"
      }
    ]
  },
  {
    "source_url": "https://www.woolworths.com.au/shop/productdetails/544696/primo-english-style-sliced-leg-ham",
    "name": "Primo English Style Sliced Leg Ham 100g",
    "image_url": "https://cdn1.woolworths.media/content/wowproductimages/large/544696.jpg",
    "source_id": "Woolworths - 544696",
    "barcode": "9311594017161",
    "shop": "Woolworths",
    "weight": "1KG",
    "prices": [
      {
        "state": "NSW",
        "price": "395",
        "price_per_unit": "3950",
        "price_unit": "KG"
      },
      {
        "state": "VIC",
        "price": "395",
        "price_per_unit": "3950",
        "price_unit": "KG"
      },
      {
        "state": "QLD",
        "price": "395",
        "price_per_unit": "3950",
        "price_unit": "KG"
      },
      {
        "state": "WA",
        "price": "395",
        "price_per_unit": "3950",
        "price_unit": "KG"
      },
      {
        "state": "SA",
        "price": "395",
        "price_per_unit": "3950",
        "price_unit": "KG"
      },
      {
        "state": "TAS",
        "price": "395",
        "price_per_unit": "3950",
        "price_unit": "KG"
      },
      {
        "state": "ACT",
        "price": "395",
        "price_per_unit": "3950",
        "price_unit": "KG"
      },
      {
        "state": "NT",
        "price": "395",
        "price_per_unit": "3950",
        "price_unit": "KG"
      }
    ]
  },
  {
    "source_url": "https://www.woolworths.com.au/shop/productdetails/334804/primo-gourmet-prosciutto",
    "name": "Primo Gourmet Prosciutto 100g",
    "image_url": "https://cdn1.woolworths.media/content/wowproductimages/large/334804.jpg",
    "source_id": "Woolworths - 334804",
    "barcode": "9311594017017",
    "shop": "Woolworths",
    "weight": "1KG",
    "prices": [
      {
        "state": "NSW",
        "price": "600",
        "price_per_unit": "6000",
        "price_unit": "KG"
      },
      {
        "state": "NSW",
        "price": "600",
        "price_per_unit": "6000",
        "price_unit": "KG"
      },
      {
        "state": "VIC",
        "price": "600",
        "price_per_unit": "6000",
        "price_unit": "KG"
      },
      {
        "state": "VIC",
        "price": "600",
        "price_per_unit": "6000",
        "price_unit": "KG"
      },
      {
        "state": "QLD",
        "price": "600",
        "price_per_unit": "6000",
        "price_unit": "KG"
      },
      {
        "state": "QLD",
        "price": "600",
        "price_per_unit": "6000",
        "price_unit": "KG"
      },
      {
        "state": "WA",
        "price": "600",
        "price_per_unit": "6000",
        "price_unit": "KG"
      },
      {
        "state": "WA",
        "price": "600",
        "price_per_unit": "6000",
        "price_unit": "KG"
      },
      {
        "state": "SA",
        "price": "600",
        "price_per_unit": "6000",
        "price_unit": "KG"
      },
      {
        "state": "SA",
        "price": "600",
        "price_per_unit": "6000",
        "price_unit": "KG"
      },
      {
        "state": "TAS",
        "price": "600",
        "price_per_unit": "6000",
        "price_unit": "KG"
      },
      {
        "state": "TAS",
        "price": "600",
        "price_per_unit": "6000",
        "price_unit": "KG"
      },
      {
        "state": "ACT",
        "price": "600",
        "price_per_unit": "6000",
        "price_unit": "KG"
      },
      {
        "state": "ACT",
        "price": "600",
        "price_per_unit": "6000",
        "price_unit": "KG"
      },
      {
        "state": "NT",
        "price": "600",
        "price_per_unit": "6000",
        "price_unit": "KG"
      },
      {
        "state": "NT",
        "price": "600",
        "price_per_unit": "6000",
        "price_unit": "KG"
      }
    ]
  },
  {
    "source_url": "https://www.woolworths.com.au/shop/productdetails/68488/primo-hot-hungarian-sliced-salami",
    "name": "Primo Hot Hungarian Sliced Salami 80g",
    "image_url": "https://cdn1.woolworths.media/content/wowproductimages/large/068488.jpg",
    "source_id": "Woolworths - 68488",
    "barcode": "9311594018878",
    "shop": "Woolworths",
    "weight": "1KG",
    "prices": [
      {
        "state": "NSW",
        "price": "395",
        "price_per_unit": "4938",
        "price_unit": "KG"
      },
      {
        "state": "VIC",
        "price": "395",
        "price_per_unit": "4938",
        "price_unit": "KG"
      },
      {
        "state": "QLD",
        "price": "395",
        "price_per_unit": "4938",
        "price_unit": "KG"
      },
      {
        "state": "WA",
        "price": "395",
        "price_per_unit": "4938",
        "price_unit": "KG"
      },
      {
        "state": "SA",
        "price": "395",
        "price_per_unit": "4938",
        "price_unit": "KG"
      },
      {
        "state": "TAS",
        "price": "395",
        "price_per_unit": "4938",
        "price_unit": "KG"
      },
      {
        "state": "ACT",
        "price": "395",
        "price_per_unit": "4938",
        "price_unit": "KG"
      },
      {
        "state": "NT",
        "price": "395",
        "price_per_unit": "4938",
        "price_unit": "KG"
      }
    ]
  },
  {
    "source_url": "https://www.woolworths.com.au/shop/productdetails/248391/primo-leg-ham-sliced-salt-reduced-less-salt",
    "name": "Primo Leg Ham Sliced Salt Reduced 100g",
    "image_url": "https://cdn1.woolworths.media/content/wowproductimages/large/248391.jpg",
    "source_id": "Woolworths - 248391",
    "barcode": "9311594016799",
    "shop": "Woolworths",
    "weight": "1KG",
    "prices": [
      {
        "state": "NSW",
        "price": "395",
        "price_per_unit": "3950",
        "price_unit": "KG"
      },
      {
        "state": "VIC",
        "price": "395",
        "price_per_unit": "3950",
        "price_unit": "KG"
      },
      {
        "state": "QLD",
        "price": "395",
        "price_per_unit": "3950",
        "price_unit": "KG"
      },
      {
        "state": "WA",
        "price": "395",
        "price_per_unit": "3950",
        "price_unit": "KG"
      },
      {
        "state": "SA",
        "price": "395",
        "price_per_unit": "3950",
        "price_unit": "KG"
      },
      {
        "state": "TAS",
        "price": "395",
        "price_per_unit": "3950",
        "price_unit": "KG"
      },
      {
        "state": "ACT",
        "price": "395",
        "price_per_unit": "3950",
        "price_unit": "KG"
      },
      {
        "state": "NT",
        "price": "395",
        "price_per_unit": "3950",
        "price_unit": "KG"
      }
    ]
  },
  {
    "source_url": "https://www.woolworths.com.au/shop/productdetails/194494/primo-manuka-honey-sliced-leg-ham-honey-shaved",
    "name": "Primo Manuka Honey Sliced Leg Ham 100g",
    "image_url": "https://cdn1.woolworths.media/content/wowproductimages/large/194494.jpg",
    "source_id": "Woolworths - 194494",
    "barcode": "9311594223654",
    "shop": "Woolworths",
    "weight": "1KG",
    "prices": [
      {
        "state": "NSW",
        "price": "395",
        "price_per_unit": "3950",
        "price_unit": "KG"
      },
      {
        "state": "VIC",
        "price": "395",
        "price_per_unit": "3950",
        "price_unit": "KG"
      },
      {
        "state": "QLD",
        "price": "395",
        "price_per_unit": "3950",
        "price_unit": "KG"
      },
      {
        "state": "WA",
        "price": "395",
        "price_per_unit": "3950",
        "price_unit": "KG"
      },
      {
        "state": "SA",
        "price": "395",
        "price_per_unit": "3950",
        "price_unit": "KG"
      },
      {
        "state": "TAS",
        "price": "395",
        "price_per_unit": "3950",
        "price_unit": "KG"
      },
      {
        "state": "ACT",
        "price": "395",
        "price_per_unit": "3950",
        "price_unit": "KG"
      },
      {
        "state": "NT",
        "price": "395",
        "price_per_unit": "3950",
        "price_unit": "KG"
      }
    ]
  },
  {
    "source_url": "https://www.woolworths.com.au/shop/productdetails/544764/primo-mild-hungarian-sliced-salami-mild",
    "name": "Primo Mild Hungarian Sliced Salami 80g",
    "image_url": "https://cdn1.woolworths.media/content/wowproductimages/large/544764.jpg",
    "source_id": "Woolworths - 544764",
    "barcode": "9311594018625",
    "shop": "Woolworths",
    "weight": "1KG",
    "prices": [
      {
        "state": "NSW",
        "price": "395",
        "price_per_unit": "4938",
        "price_unit": "KG"
      },
      {
        "state": "VIC",
        "price": "395",
        "price_per_unit": "4938",
        "price_unit": "KG"
      },
      {
        "state": "QLD",
        "price": "395",
        "price_per_unit": "4938",
        "price_unit": "KG"
      },
      {
        "state": "WA",
        "price": "395",
        "price_per_unit": "4938",
        "price_unit": "KG"
      },
      {
        "state": "SA",
        "price": "395",
        "price_per_unit": "4938",
        "price_unit": "KG"
      },
      {
        "state": "TAS",
        "price": "395",
        "price_per_unit": "4938",
        "price_unit": "KG"
      },
      {
        "state": "ACT",
        "price": "395",
        "price_per_unit": "4938",
        "price_unit": "KG"
      },
      {
        "state": "NT",
        "price": "395",
        "price_per_unit": "4938",
        "price_unit": "KG"
      }
    ]
  },
  {
    "source_url": "https://www.woolworths.com.au/shop/productdetails/68490/primo-mortadella",
    "name": "Primo Mortadella 100g",
    "image_url": "https://cdn1.woolworths.media/content/wowproductimages/large/068490.jpg",
    "source_id": "Woolworths - 68490",
    "barcode": "9311594016058",
    "shop": "Woolworths",
    "weight": "1KG",
    "prices": [
      {
        "state": "NSW",
        "price": "395",
        "price_per_unit": "3950",
        "price_unit": "KG"
      },
      {
        "state": "QLD",
        "price": "395",
        "price_per_unit": "3950",
        "price_unit": "KG"
      },
      {
        "state": "WA",
        "price": "395",
        "price_per_unit": "3950",
        "price_unit": "KG"
      },
      {
        "state": "SA",
        "price": "395",
        "price_per_unit": "3950",
        "price_unit": "KG"
      },
      {
        "state": "TAS",
        "price": "395",
        "price_per_unit": "3950",
        "price_unit": "KG"
      },
      {
        "state": "ACT",
        "price": "395",
        "price_per_unit": "3950",
        "price_unit": "KG"
      }
    ]
  },
  {
    "source_url": "https://www.woolworths.com.au/shop/productdetails/544763/primo-pastrami-sliced",
    "name": "Primo Pastrami Sliced 80g",
    "image_url": "https://cdn1.woolworths.media/content/wowproductimages/large/544763.jpg",
    "source_id": "Woolworths - 544763",
    "barcode": "9311594016928",
    "shop": "Woolworths",
    "weight": "1KG",
    "prices": [
      {
        "state": "NSW",
        "price": "395",
        "price_per_unit": "4938",
        "price_unit": "KG"
      },
      {
        "state": "VIC",
        "price": "395",
        "price_per_unit": "4938",
        "price_unit": "KG"
      },
      {
        "state": "QLD",
        "price": "395",
        "price_per_unit": "4938",
        "price_unit": "KG"
      },
      {
        "state": "WA",
        "price": "395",
        "price_per_unit": "4938",
        "price_unit": "KG"
      },
      {
        "state": "SA",
        "price": "395",
        "price_per_unit": "4938",
        "price_unit": "KG"
      },
      {
        "state": "TAS",
        "price": "395",
        "price_per_unit": "4938",
        "price_unit": "KG"
      },
      {
        "state": "ACT",
        "price": "395",
        "price_per_unit": "4938",
        "price_unit": "KG"
      },
      {
        "state": "NT",
        "price": "395",
        "price_per_unit": "4938",
        "price_unit": "KG"
      }
    ]
  },
  {
    "source_url": "https://www.woolworths.com.au/shop/productdetails/544765/primo-pepperoni-thinly-sliced-hot",
    "name": "Primo Pepperoni Thinly Sliced 80g",
    "image_url": "https://cdn1.woolworths.media/content/wowproductimages/large/544765.jpg",
    "source_id": "Woolworths - 544765",
    "barcode": "9311594018632",
    "shop": "Woolworths",
    "weight": "1KG",
    "prices": [
      {
        "state": "NSW",
        "price": "395",
        "price_per_unit": "4938",
        "price_unit": "KG"
      },
      {
        "state": "VIC",
        "price": "395",
        "price_per_unit": "4938",
        "price_unit": "KG"
      },
      {
        "state": "QLD",
        "price": "395",
        "price_per_unit": "4938",
        "price_unit": "KG"
      },
      {
        "state": "WA",
        "price": "395",
        "price_per_unit": "4938",
        "price_unit": "KG"
      },
      {
        "state": "SA",
        "price": "395",
        "price_per_unit": "4938",
        "price_unit": "KG"
      },
      {
        "state": "TAS",
        "price": "395",
        "price_per_unit": "4938",
        "price_unit": "KG"
      },
      {
        "state": "ACT",
        "price": "395",
        "price_per_unit": "4938",
        "price_unit": "KG"
      },
      {
        "state": "NT",
        "price": "395",
        "price_per_unit": "4938",
        "price_unit": "KG"
      }
    ]
  },
  {
    "source_url": "https://www.woolworths.com.au/shop/productdetails/913842/primo-reserve-chicken-schnitzel",
    "name": "Primo Reserve Chicken Schnitzel 130g",
    "image_url": "https://cdn1.woolworths.media/content/wowproductimages/large/913842.jpg",
    "source_id": "Woolworths - 913842",
    "barcode": "9311594016072",
    "shop": "Woolworths",
    "weight": "1KG",
    "prices": [
      {
        "state": "NSW",
        "price": "600",
        "price_per_unit": "4615",
        "price_unit": "KG"
      },
      {
        "state": "VIC",
        "price": "600",
        "price_per_unit": "4615",
        "price_unit": "KG"
      },
      {
        "state": "QLD",
        "price": "600",
        "price_per_unit": "4615",
        "price_unit": "KG"
      },
      {
        "state": "WA",
        "price": "600",
        "price_per_unit": "4615",
        "price_unit": "KG"
      },
      {
        "state": "SA",
        "price": "600",
        "price_per_unit": "4615",
        "price_unit": "KG"
      },
      {
        "state": "TAS",
        "price": "600",
        "price_per_unit": "4615",
        "price_unit": "KG"
      },
      {
        "state": "ACT",
        "price": "600",
        "price_per_unit": "4615",
        "price_unit": "KG"
      },
      {
        "state": "NT",
        "price": "600",
        "price_per_unit": "4615",
        "price_unit": "KG"
      }
    ]
  },
  {
    "source_url": "https://www.woolworths.com.au/shop/productdetails/913843/primo-reserve-pulled-chicken",
    "name": "Primo Reserve Pulled Chicken 130g",
    "image_url": "https://cdn1.woolworths.media/content/wowproductimages/large/913843.jpg",
    "source_id": "Woolworths - 913843",
    "barcode": "9311594128270",
    "shop": "Woolworths",
    "weight": "1KG",
    "prices": [
      {
        "state": "NSW",
        "price": "600",
        "price_per_unit": "4615",
        "price_unit": "KG"
      },
      {
        "state": "VIC",
        "price": "600",
        "price_per_unit": "4615",
        "price_unit": "KG"
      },
      {
        "state": "QLD",
        "price": "600",
        "price_per_unit": "4615",
        "price_unit": "KG"
      },
      {
        "state": "WA",
        "price": "600",
        "price_per_unit": "4615",
        "price_unit": "KG"
      },
      {
        "state": "SA",
        "price": "600",
        "price_per_unit": "4615",
        "price_unit": "KG"
      },
      {
        "state": "TAS",
        "price": "600",
        "price_per_unit": "4615",
        "price_unit": "KG"
      },
      {
        "state": "ACT",
        "price": "600",
        "price_per_unit": "4615",
        "price_unit": "KG"
      },
      {
        "state": "NT",
        "price": "600",
        "price_per_unit": "4615",
        "price_unit": "KG"
      }
    ]
  },
  {
    "source_url": "https://www.woolworths.com.au/shop/productdetails/913510/primo-reserve-pulled-pork",
    "name": "Primo Reserve Pulled Pork 130g",
    "image_url": "https://cdn1.woolworths.media/content/wowproductimages/large/913510.jpg",
    "source_id": "Woolworths - 913510",
    "barcode": "9311594128263",
    "shop": "Woolworths",
    "weight": "1KG",
    "prices": [
      {
        "state": "VIC",
        "price": "600",
        "price_per_unit": "4615",
        "price_unit": "KG"
      },
      {
        "state": "QLD",
        "price": "600",
        "price_per_unit": "4615",
        "price_unit": "KG"
      },
      {
        "state": "SA",
        "price": "600",
        "price_per_unit": "4615",
        "price_unit": "KG"
      },
      {
        "state": "TAS",
        "price": "600",
        "price_per_unit": "4615",
        "price_unit": "KG"
      },
      {
        "state": "ACT",
        "price": "600",
        "price_per_unit": "4615",
        "price_unit": "KG"
      }
    ]
  },
  {
    "source_url": "https://www.woolworths.com.au/shop/productdetails/913774/primo-reserve-roast-bbq-pork",
    "name": "Primo Reserve Roast BBQ Pork 130g",
    "image_url": "https://cdn1.woolworths.media/content/wowproductimages/large/913774.jpg",
    "source_id": "Woolworths - 913774",
    "barcode": "9311594128287",
    "shop": "Woolworths",
    "weight": "1KG",
    "prices": [
      {
        "state": "NSW",
        "price": "600",
        "price_per_unit": "4615",
        "price_unit": "KG"
      },
      {
        "state": "QLD",
        "price": "600",
        "price_per_unit": "4615",
        "price_unit": "KG"
      },
      {
        "state": "SA",
        "price": "600",
        "price_per_unit": "4615",
        "price_unit": "KG"
      },
      {
        "state": "TAS",
        "price": "600",
        "price_per_unit": "4615",
        "price_unit": "KG"
      },
      {
        "state": "ACT",
        "price": "600",
        "price_per_unit": "4615",
        "price_unit": "KG"
      }
    ]
  },
  {
    "source_url": "https://www.woolworths.com.au/shop/productdetails/324316/primo-shredded-ham-cook-create-twin-pack",
    "name": "Primo Shredded Ham Cook & Create Twin Pack 300g",
    "image_url": "https://cdn1.woolworths.media/content/wowproductimages/large/324316.jpg",
    "source_id": "Woolworths - 324316",
    "barcode": "9311594012227",
    "shop": "Woolworths",
    "weight": "1KG",
    "prices": [
      {
        "state": "NSW",
        "price": "470",
        "price_per_unit": "1567",
        "price_unit": "KG"
      },
      {
        "state": "VIC",
        "price": "470",
        "price_per_unit": "1567",
        "price_unit": "KG"
      },
      {
        "state": "QLD",
        "price": "470",
        "price_per_unit": "1567",
        "price_unit": "KG"
      },
      {
        "state": "WA",
        "price": "470",
        "price_per_unit": "1567",
        "price_unit": "KG"
      },
      {
        "state": "SA",
        "price": "470",
        "price_per_unit": "1567",
        "price_unit": "KG"
      },
      {
        "state": "TAS",
        "price": "470",
        "price_per_unit": "1567",
        "price_unit": "KG"
      },
      {
        "state": "ACT",
        "price": "470",
        "price_per_unit": "1567",
        "price_unit": "KG"
      },
      {
        "state": "NT",
        "price": "470",
        "price_per_unit": "1567",
        "price_unit": "KG"
      }
    ]
  },
  {
    "source_url": "https://www.woolworths.com.au/shop/productdetails/90848/primo-silverside-beef",
    "name": "Primo Silverside Beef 80g",
    "image_url": "https://cdn1.woolworths.media/content/wowproductimages/large/090848.jpg",
    "source_id": "Woolworths - 90848",
    "barcode": "9311594016850",
    "shop": "Woolworths",
    "weight": "1KG",
    "prices": [
      {
        "state": "NSW",
        "price": "395",
        "price_per_unit": "4938",
        "price_unit": "KG"
      },
      {
        "state": "VIC",
        "price": "395",
        "price_per_unit": "4938",
        "price_unit": "KG"
      },
      {
        "state": "QLD",
        "price": "395",
        "price_per_unit": "4938",
        "price_unit": "KG"
      },
      {
        "state": "WA",
        "price": "395",
        "price_per_unit": "4938",
        "price_unit": "KG"
      },
      {
        "state": "SA",
        "price": "395",
        "price_per_unit": "4938",
        "price_unit": "KG"
      },
      {
        "state": "ACT",
        "price": "395",
        "price_per_unit": "4938",
        "price_unit": "KG"
      },
      {
        "state": "NT",
        "price": "395",
        "price_per_unit": "4938",
        "price_unit": "KG"
      }
    ]
  },
  {
    "source_url": "https://www.woolworths.com.au/shop/productdetails/544697/primo-turkey-breast-sliced",
    "name": "Primo Turkey Breast Sliced 80g",
    "image_url": "https://cdn1.woolworths.media/content/wowproductimages/large/544697.jpg",
    "source_id": "Woolworths - 544697",
    "barcode": "9311594016584",
    "shop": "Woolworths",
    "weight": "1KG",
    "prices": [
      {
        "state": "NSW",
        "price": "395",
        "price_per_unit": "4938",
        "price_unit": "KG"
      },
      {
        "state": "VIC",
        "price": "395",
        "price_per_unit": "4938",
        "price_unit": "KG"
      },
      {
        "state": "QLD",
        "price": "395",
        "price_per_unit": "4938",
        "price_unit": "KG"
      },
      {
        "state": "WA",
        "price": "395",
        "price_per_unit": "4938",
        "price_unit": "KG"
      },
      {
        "state": "SA",
        "price": "395",
        "price_per_unit": "4938",
        "price_unit": "KG"
      },
      {
        "state": "TAS",
        "price": "395",
        "price_per_unit": "4938",
        "price_unit": "KG"
      },
      {
        "state": "ACT",
        "price": "395",
        "price_per_unit": "4938",
        "price_unit": "KG"
      },
      {
        "state": "NT",
        "price": "395",
        "price_per_unit": "4938",
        "price_unit": "KG"
      }
    ]
  },
  {
    "source_url": "https://www.woolworths.com.au/shop/productdetails/640254/prosciutto-di-san-daniele-sliced",
    "name": "Prosciutto Di San Daniele Sliced 85g",
    "image_url": "https://cdn1.woolworths.media/content/wowproductimages/large/640254.jpg",
    "source_id": "Woolworths - 640254",
    "barcode": "9352222000056",
    "shop": "Woolworths",
    "weight": "1KG",
    "prices": [
      {
        "state": "NSW",
        "price": "1000",
        "price_per_unit": "11765",
        "price_unit": "KG"
      },
      {
        "state": "VIC",
        "price": "1000",
        "price_per_unit": "11765",
        "price_unit": "KG"
      },
      {
        "state": "QLD",
        "price": "1000",
        "price_per_unit": "11765",
        "price_unit": "KG"
      },
      {
        "state": "WA",
        "price": "1000",
        "price_per_unit": "11765",
        "price_unit": "KG"
      },
      {
        "state": "SA",
        "price": "1000",
        "price_per_unit": "11765",
        "price_unit": "KG"
      },
      {
        "state": "TAS",
        "price": "1000",
        "price_per_unit": "11765",
        "price_unit": "KG"
      },
      {
        "state": "ACT",
        "price": "1000",
        "price_per_unit": "11765",
        "price_unit": "KG"
      },
      {
        "state": "NT",
        "price": "1000",
        "price_per_unit": "11765",
        "price_unit": "KG"
      }
    ]
  },
  {
    "source_url": "https://www.woolworths.com.au/shop/productdetails/613441/riverland-fermented-salami-sliced",
    "name": "Riverland Fermented Salami Sliced 320g",
    "image_url": "https://cdn1.woolworths.media/content/wowproductimages/large/613441.jpg",
    "source_id": "Woolworths - 613441",
    "barcode": "9300767082716",
    "shop": "Woolworths",
    "weight": "1KG",
    "prices": [
      {
        "state": "NSW",
        "price": "950",
        "price_per_unit": "2969",
        "price_unit": "KG"
      },
      {
        "state": "VIC",
        "price": "950",
        "price_per_unit": "2969",
        "price_unit": "KG"
      },
      {
        "state": "QLD",
        "price": "950",
        "price_per_unit": "2969",
        "price_unit": "KG"
      },
      {
        "state": "WA",
        "price": "950",
        "price_per_unit": "2969",
        "price_unit": "KG"
      },
      {
        "state": "SA",
        "price": "950",
        "price_per_unit": "2969",
        "price_unit": "KG"
      },
      {
        "state": "TAS",
        "price": "950",
        "price_per_unit": "2969",
        "price_unit": "KG"
      },
      {
        "state": "ACT",
        "price": "950",
        "price_per_unit": "2969",
        "price_unit": "KG"
      },
      {
        "state": "NT",
        "price": "950",
        "price_per_unit": "2969",
        "price_unit": "KG"
      }
    ]
  },
  {
    "source_url": "https://www.woolworths.com.au/shop/productdetails/390863/riverland-ham-sliced-quad-pack",
    "name": "Riverland Ham Sliced Quad Pack 500g",
    "image_url": "https://cdn1.woolworths.media/content/wowproductimages/large/390863.jpg",
    "source_id": "Woolworths - 390863",
    "barcode": "9300767082433",
    "shop": "Woolworths",
    "weight": "1KG",
    "prices": [
      {
        "state": "NSW",
        "price": "755",
        "price_per_unit": "1510",
        "price_unit": "KG"
      },
      {
        "state": "VIC",
        "price": "755",
        "price_per_unit": "1510",
        "price_unit": "KG"
      },
      {
        "state": "QLD",
        "price": "755",
        "price_per_unit": "1510",
        "price_unit": "KG"
      },
      {
        "state": "WA",
        "price": "755",
        "price_per_unit": "1510",
        "price_unit": "KG"
      },
      {
        "state": "SA",
        "price": "755",
        "price_per_unit": "1510",
        "price_unit": "KG"
      },
      {
        "state": "TAS",
        "price": "755",
        "price_per_unit": "1510",
        "price_unit": "KG"
      },
      {
        "state": "ACT",
        "price": "755",
        "price_per_unit": "1510",
        "price_unit": "KG"
      },
      {
        "state": "NT",
        "price": "755",
        "price_per_unit": "1510",
        "price_unit": "KG"
      }
    ]
  },
  {
    "source_url": "https://www.woolworths.com.au/shop/productdetails/393700/san-marino-antipasto-selection",
    "name": "San Marino Antipasto Selection 220g",
    "image_url": "https://cdn1.woolworths.media/content/wowproductimages/large/393700.jpg",
    "source_id": "Woolworths - 393700",
    "barcode": "9310591505855",
    "shop": "Woolworths",
    "weight": "1KG",
    "prices": [
      {
        "state": "NSW",
        "price": "1500",
        "price_per_unit": "6818",
        "price_unit": "KG"
      },
      {
        "state": "NSW",
        "price": "1500",
        "price_per_unit": "6818",
        "price_unit": "KG"
      },
      {
        "state": "VIC",
        "price": "1500",
        "price_per_unit": "6818",
        "price_unit": "KG"
      },
      {
        "state": "VIC",
        "price": "1500",
        "price_per_unit": "6818",
        "price_unit": "KG"
      },
      {
        "state": "QLD",
        "price": "1500",
        "price_per_unit": "6818",
        "price_unit": "KG"
      },
      {
        "state": "QLD",
        "price": "1500",
        "price_per_unit": "6818",
        "price_unit": "KG"
      },
      {
        "state": "WA",
        "price": "1500",
        "price_per_unit": "6818",
        "price_unit": "KG"
      },
      {
        "state": "WA",
        "price": "1500",
        "price_per_unit": "6818",
        "price_unit": "KG"
      },
      {
        "state": "SA",
        "price": "1500",
        "price_per_unit": "6818",
        "price_unit": "KG"
      },
      {
        "state": "SA",
        "price": "1500",
        "price_per_unit": "6818",
        "price_unit": "KG"
      },
      {
        "state": "TAS",
        "price": "1500",
        "price_per_unit": "6818",
        "price_unit": "KG"
      },
      {
        "state": "TAS",
        "price": "1500",
        "price_per_unit": "6818",
        "price_unit": "KG"
      },
      {
        "state": "ACT",
        "price": "1500",
        "price_per_unit": "6818",
        "price_unit": "KG"
      },
      {
        "state": "ACT",
        "price": "1500",
        "price_per_unit": "6818",
        "price_unit": "KG"
      },
      {
        "state": "NT",
        "price": "1500",
        "price_per_unit": "6818",
        "price_unit": "KG"
      },
      {
        "state": "NT",
        "price": "1500",
        "price_per_unit": "6818",
        "price_unit": "KG"
      }
    ]
  },
  {
    "source_url": "https://www.woolworths.com.au/shop/productdetails/392051/san-marino-artisan-salami-selection",
    "name": "San Marino Artisan Salami Selection 150g",
    "image_url": "https://cdn1.woolworths.media/content/wowproductimages/large/392051.jpg",
    "source_id": "Woolworths - 392051",
    "barcode": "9310591505879",
    "shop": "Woolworths",
    "weight": "1KG",
    "prices": [
      {
        "state": "NSW",
        "price": "1250",
        "price_per_unit": "8333",
        "price_unit": "KG"
      },
      {
        "state": "NSW",
        "price": "1250",
        "price_per_unit": "8333",
        "price_unit": "KG"
      },
      {
        "state": "VIC",
        "price": "1250",
        "price_per_unit": "8333",
        "price_unit": "KG"
      },
      {
        "state": "VIC",
        "price": "1250",
        "price_per_unit": "8333",
        "price_unit": "KG"
      },
      {
        "state": "QLD",
        "price": "1250",
        "price_per_unit": "8333",
        "price_unit": "KG"
      },
      {
        "state": "QLD",
        "price": "1250",
        "price_per_unit": "8333",
        "price_unit": "KG"
      },
      {
        "state": "WA",
        "price": "1250",
        "price_per_unit": "8333",
        "price_unit": "KG"
      },
      {
        "state": "WA",
        "price": "1250",
        "price_per_unit": "8333",
        "price_unit": "KG"
      },
      {
        "state": "SA",
        "price": "1250",
        "price_per_unit": "8333",
        "price_unit": "KG"
      },
      {
        "state": "SA",
        "price": "1250",
        "price_per_unit": "8333",
        "price_unit": "KG"
      },
      {
        "state": "ACT",
        "price": "1250",
        "price_per_unit": "8333",
        "price_unit": "KG"
      },
      {
        "state": "ACT",
        "price": "1250",
        "price_per_unit": "8333",
        "price_unit": "KG"
      },
      {
        "state": "NT",
        "price": "1250",
        "price_per_unit": "8333",
        "price_unit": "KG"
      },
      {
        "state": "NT",
        "price": "1250",
        "price_per_unit": "8333",
        "price_unit": "KG"
      }
    ]
  },
  {
    "source_url": "https://www.woolworths.com.au/shop/productdetails/180051/san-marino-artisanal-chorizo-salami",
    "name": "San Marino Artisanal Chorizo Salami 200g",
    "image_url": "https://cdn1.woolworths.media/content/wowproductimages/large/180051.jpg",
    "source_id": "Woolworths - 180051",
    "barcode": "9310591504704",
    "shop": "Woolworths",
    "weight": "1KG",
    "prices": [
      {
        "state": "NSW",
        "price": "1000",
        "price_per_unit": "5000",
        "price_unit": "KG"
      },
      {
        "state": "ACT",
        "price": "1000",
        "price_per_unit": "5000",
        "price_unit": "KG"
      },
      {
        "state": "NT",
        "price": "1000",
        "price_per_unit": "5000",
        "price_unit": "KG"
      }
    ]
  },
  {
    "source_url": "https://www.woolworths.com.au/shop/productdetails/180392/san-marino-artisanal-mild-salami",
    "name": "San Marino Artisanal Mild Salami 200g",
    "image_url": "https://cdn1.woolworths.media/content/wowproductimages/large/180392.jpg",
    "source_id": "Woolworths - 180392",
    "barcode": "9310591504698",
    "shop": "Woolworths",
    "weight": "1KG",
    "prices": [
      {
        "state": "NSW",
        "price": "1000",
        "price_per_unit": "5000",
        "price_unit": "KG"
      },
      {
        "state": "VIC",
        "price": "1000",
        "price_per_unit": "5000",
        "price_unit": "KG"
      },
      {
        "state": "SA",
        "price": "1000",
        "price_per_unit": "5000",
        "price_unit": "KG"
      },
      {
        "state": "ACT",
        "price": "1000",
        "price_per_unit": "5000",
        "price_unit": "KG"
      },
      {
        "state": "NT",
        "price": "1000",
        "price_per_unit": "5000",
        "price_unit": "KG"
      }
    ]
  },
  {
    "source_url": "https://www.woolworths.com.au/shop/productdetails/214565/san-marino-australian-beef-salami",
    "name": "San Marino Australian Beef Salami 80g",
    "image_url": "https://cdn1.woolworths.media/content/wowproductimages/large/214565.jpg",
    "source_id": "Woolworths - 214565",
    "barcode": "9310591505350",
    "shop": "Woolworths",
    "weight": "1KG",
    "prices": [
      {
        "state": "NSW",
        "price": "750",
        "price_per_unit": "9375",
        "price_unit": "KG"
      },
      {
        "state": "ACT",
        "price": "750",
        "price_per_unit": "9375",
        "price_unit": "KG"
      }
    ]
  },
  {
    "source_url": "https://www.woolworths.com.au/shop/productdetails/394507/san-marino-cacciatore-mild",
    "name": "San Marino Cacciatore Mild 100g",
    "image_url": "https://cdn1.woolworths.media/content/wowproductimages/large/394507.jpg",
    "source_id": "Woolworths - 394507",
    "barcode": "9310591505831",
    "shop": "Woolworths",
    "weight": "1KG",
    "prices": [
      {
        "state": "NSW",
        "price": "750",
        "price_per_unit": "7500",
        "price_unit": "KG"
      },
      {
        "state": "VIC",
        "price": "750",
        "price_per_unit": "7500",
        "price_unit": "KG"
      },
      {
        "state": "ACT",
        "price": "750",
        "price_per_unit": "7500",
        "price_unit": "KG"
      }
    ]
  },
  {
    "source_url": "https://www.woolworths.com.au/shop/productdetails/213947/san-marino-cherrywood-smoked-ham",
    "name": "San Marino Cherrywood Smoked Ham 100g",
    "image_url": "https://cdn1.woolworths.media/content/wowproductimages/large/213947.jpg",
    "source_id": "Woolworths - 213947",
    "barcode": "9310591505336",
    "shop": "Woolworths",
    "weight": "1KG",
    "prices": [
      {
        "state": "NSW",
        "price": "750",
        "price_per_unit": "7500",
        "price_unit": "KG"
      },
      {
        "state": "VIC",
        "price": "750",
        "price_per_unit": "7500",
        "price_unit": "KG"
      },
      {
        "state": "ACT",
        "price": "750",
        "price_per_unit": "7500",
        "price_unit": "KG"
      }
    ]
  },
  {
    "source_url": "https://www.woolworths.com.au/shop/productdetails/394508/san-marino-continental-selection",
    "name": "San Marino Continental Selection 220g",
    "image_url": "https://cdn1.woolworths.media/content/wowproductimages/large/394508.jpg",
    "source_id": "Woolworths - 394508",
    "barcode": "9310591505862",
    "shop": "Woolworths",
    "weight": "1KG",
    "prices": [
      {
        "state": "NSW",
        "price": "1500",
        "price_per_unit": "6818",
        "price_unit": "KG"
      },
      {
        "state": "NSW",
        "price": "1500",
        "price_per_unit": "6818",
        "price_unit": "KG"
      },
      {
        "state": "VIC",
        "price": "1500",
        "price_per_unit": "6818",
        "price_unit": "KG"
      },
      {
        "state": "VIC",
        "price": "1500",
        "price_per_unit": "6818",
        "price_unit": "KG"
      },
      {
        "state": "SA",
        "price": "1500",
        "price_per_unit": "6818",
        "price_unit": "KG"
      },
      {
        "state": "SA",
        "price": "1500",
        "price_per_unit": "6818",
        "price_unit": "KG"
      },
      {
        "state": "TAS",
        "price": "1500",
        "price_per_unit": "6818",
        "price_unit": "KG"
      },
      {
        "state": "TAS",
        "price": "1500",
        "price_per_unit": "6818",
        "price_unit": "KG"
      },
      {
        "state": "ACT",
        "price": "1500",
        "price_per_unit": "6818",
        "price_unit": "KG"
      },
      {
        "state": "ACT",
        "price": "1500",
        "price_per_unit": "6818",
        "price_unit": "KG"
      },
      {
        "state": "NT",
        "price": "1500",
        "price_per_unit": "6818",
        "price_unit": "KG"
      },
      {
        "state": "NT",
        "price": "1500",
        "price_per_unit": "6818",
        "price_unit": "KG"
      }
    ]
  },
  {
    "source_url": "https://www.woolworths.com.au/shop/productdetails/807105/san-marino-danish-salami",
    "name": "San Marino Danish Salami 100g",
    "image_url": "https://cdn1.woolworths.media/content/wowproductimages/large/807105.jpg",
    "source_id": "Woolworths - 807105",
    "barcode": "9310591502823",
    "shop": "Woolworths",
    "weight": "1KG",
    "prices": [
      {
        "state": "NSW",
        "price": "750",
        "price_per_unit": "7500",
        "price_unit": "KG"
      },
      {
        "state": "NSW",
        "price": "750",
        "price_per_unit": "7500",
        "price_unit": "KG"
      },
      {
        "state": "VIC",
        "price": "750",
        "price_per_unit": "7500",
        "price_unit": "KG"
      },
      {
        "state": "VIC",
        "price": "750",
        "price_per_unit": "7500",
        "price_unit": "KG"
      },
      {
        "state": "QLD",
        "price": "750",
        "price_per_unit": "7500",
        "price_unit": "KG"
      },
      {
        "state": "QLD",
        "price": "750",
        "price_per_unit": "7500",
        "price_unit": "KG"
      },
      {
        "state": "SA",
        "price": "750",
        "price_per_unit": "7500",
        "price_unit": "KG"
      },
      {
        "state": "SA",
        "price": "750",
        "price_per_unit": "7500",
        "price_unit": "KG"
      },
      {
        "state": "TAS",
        "price": "750",
        "price_per_unit": "7500",
        "price_unit": "KG"
      },
      {
        "state": "TAS",
        "price": "750",
        "price_per_unit": "7500",
        "price_unit": "KG"
      },
      {
        "state": "ACT",
        "price": "750",
        "price_per_unit": "7500",
        "price_unit": "KG"
      },
      {
        "state": "ACT",
        "price": "750",
        "price_per_unit": "7500",
        "price_unit": "KG"
      },
      {
        "state": "NT",
        "price": "750",
        "price_per_unit": "7500",
        "price_unit": "KG"
      },
      {
        "state": "NT",
        "price": "750",
        "price_per_unit": "7500",
        "price_unit": "KG"
      }
    ]
  },
  {
    "source_url": "https://www.woolworths.com.au/shop/productdetails/213241/san-marino-hot-calabrese-salami",
    "name": "San Marino Hot Calabrese Salami 100g",
    "image_url": "https://cdn1.woolworths.media/content/wowproductimages/large/213241.jpg",
    "source_id": "Woolworths - 213241",
    "barcode": "9310591505367",
    "shop": "Woolworths",
    "weight": "1KG",
    "prices": [
      {
        "state": "NSW",
        "price": "750",
        "price_per_unit": "7500",
        "price_unit": "KG"
      },
      {
        "state": "VIC",
        "price": "750",
        "price_per_unit": "7500",
        "price_unit": "KG"
      },
      {
        "state": "ACT",
        "price": "750",
        "price_per_unit": "7500",
        "price_unit": "KG"
      }
    ]
  },
  {
    "source_url": "https://www.woolworths.com.au/shop/productdetails/775749/san-marino-hungarian-hot-salami",
    "name": "San Marino Hungarian Hot Salami 100g",
    "image_url": "https://cdn1.woolworths.media/content/wowproductimages/large/775749.jpg",
    "source_id": "Woolworths - 775749",
    "barcode": "9310591500355",
    "shop": "Woolworths",
    "weight": "1KG",
    "prices": [
      {
        "state": "NSW",
        "price": "750",
        "price_per_unit": "7500",
        "price_unit": "KG"
      },
      {
        "state": "NSW",
        "price": "750",
        "price_per_unit": "7500",
        "price_unit": "KG"
      },
      {
        "state": "VIC",
        "price": "750",
        "price_per_unit": "7500",
        "price_unit": "KG"
      },
      {
        "state": "VIC",
        "price": "750",
        "price_per_unit": "7500",
        "price_unit": "KG"
      },
      {
        "state": "SA",
        "price": "750",
        "price_per_unit": "7500",
        "price_unit": "KG"
      },
      {
        "state": "SA",
        "price": "750",
        "price_per_unit": "7500",
        "price_unit": "KG"
      },
      {
        "state": "TAS",
        "price": "750",
        "price_per_unit": "7500",
        "price_unit": "KG"
      },
      {
        "state": "TAS",
        "price": "750",
        "price_per_unit": "7500",
        "price_unit": "KG"
      },
      {
        "state": "ACT",
        "price": "750",
        "price_per_unit": "7500",
        "price_unit": "KG"
      },
      {
        "state": "ACT",
        "price": "750",
        "price_per_unit": "7500",
        "price_unit": "KG"
      }
    ]
  },
  {
    "source_url": "https://www.woolworths.com.au/shop/productdetails/775760/san-marino-hungarian-mild-salami",
    "name": "San Marino Hungarian Mild Salami 100g",
    "image_url": "https://cdn1.woolworths.media/content/wowproductimages/large/775760.jpg",
    "source_id": "Woolworths - 775760",
    "barcode": "9310591500348",
    "shop": "Woolworths",
    "weight": "1KG",
    "prices": [
      {
        "state": "NSW",
        "price": "750",
        "price_per_unit": "7500",
        "price_unit": "KG"
      },
      {
        "state": "NSW",
        "price": "750",
        "price_per_unit": "7500",
        "price_unit": "KG"
      },
      {
        "state": "VIC",
        "price": "750",
        "price_per_unit": "7500",
        "price_unit": "KG"
      },
      {
        "state": "VIC",
        "price": "750",
        "price_per_unit": "7500",
        "price_unit": "KG"
      },
      {
        "state": "QLD",
        "price": "750",
        "price_per_unit": "7500",
        "price_unit": "KG"
      },
      {
        "state": "QLD",
        "price": "750",
        "price_per_unit": "7500",
        "price_unit": "KG"
      },
      {
        "state": "WA",
        "price": "750",
        "price_per_unit": "7500",
        "price_unit": "KG"
      },
      {
        "state": "WA",
        "price": "750",
        "price_per_unit": "7500",
        "price_unit": "KG"
      },
      {
        "state": "SA",
        "price": "750",
        "price_per_unit": "7500",
        "price_unit": "KG"
      },
      {
        "state": "SA",
        "price": "750",
        "price_per_unit": "7500",
        "price_unit": "KG"
      },
      {
        "state": "TAS",
        "price": "750",
        "price_per_unit": "7500",
        "price_unit": "KG"
      },
      {
        "state": "TAS",
        "price": "750",
        "price_per_unit": "7500",
        "price_unit": "KG"
      },
      {
        "state": "ACT",
        "price": "750",
        "price_per_unit": "7500",
        "price_unit": "KG"
      },
      {
        "state": "ACT",
        "price": "750",
        "price_per_unit": "7500",
        "price_unit": "KG"
      },
      {
        "state": "NT",
        "price": "750",
        "price_per_unit": "7500",
        "price_unit": "KG"
      },
      {
        "state": "NT",
        "price": "750",
        "price_per_unit": "7500",
        "price_unit": "KG"
      }
    ]
  },
  {
    "source_url": "https://www.woolworths.com.au/shop/productdetails/214091/san-marino-milano-mild-salami",
    "name": "San Marino Milano Mild Salami 100g",
    "image_url": "https://cdn1.woolworths.media/content/wowproductimages/large/214091.jpg",
    "source_id": "Woolworths - 214091",
    "barcode": "9310591505374",
    "shop": "Woolworths",
    "weight": "1KG",
    "prices": [
      {
        "state": "NSW",
        "price": "750",
        "price_per_unit": "7500",
        "price_unit": "KG"
      },
      {
        "state": "NSW",
        "price": "750",
        "price_per_unit": "7500",
        "price_unit": "KG"
      },
      {
        "state": "VIC",
        "price": "750",
        "price_per_unit": "7500",
        "price_unit": "KG"
      },
      {
        "state": "VIC",
        "price": "750",
        "price_per_unit": "7500",
        "price_unit": "KG"
      },
      {
        "state": "QLD",
        "price": "750",
        "price_per_unit": "7500",
        "price_unit": "KG"
      },
      {
        "state": "QLD",
        "price": "750",
        "price_per_unit": "7500",
        "price_unit": "KG"
      },
      {
        "state": "WA",
        "price": "750",
        "price_per_unit": "7500",
        "price_unit": "KG"
      },
      {
        "state": "WA",
        "price": "750",
        "price_per_unit": "7500",
        "price_unit": "KG"
      },
      {
        "state": "ACT",
        "price": "750",
        "price_per_unit": "7500",
        "price_unit": "KG"
      },
      {
        "state": "ACT",
        "price": "750",
        "price_per_unit": "7500",
        "price_unit": "KG"
      }
    ]
  },
  {
    "source_url": "https://www.woolworths.com.au/shop/productdetails/775721/san-marino-outdoor-bred-leg-ham",
    "name": "San Marino Outdoor Bred Leg Ham 100g",
    "image_url": "https://cdn1.woolworths.media/content/wowproductimages/large/775721.jpg",
    "source_id": "Woolworths - 775721",
    "barcode": "9310591500263",
    "shop": "Woolworths",
    "weight": "1KG",
    "prices": [
      {
        "state": "NSW",
        "price": "750",
        "price_per_unit": "7500",
        "price_unit": "KG"
      },
      {
        "state": "NSW",
        "price": "750",
        "price_per_unit": "7500",
        "price_unit": "KG"
      },
      {
        "state": "VIC",
        "price": "750",
        "price_per_unit": "7500",
        "price_unit": "KG"
      },
      {
        "state": "VIC",
        "price": "750",
        "price_per_unit": "7500",
        "price_unit": "KG"
      },
      {
        "state": "QLD",
        "price": "750",
        "price_per_unit": "7500",
        "price_unit": "KG"
      },
      {
        "state": "QLD",
        "price": "750",
        "price_per_unit": "7500",
        "price_unit": "KG"
      },
      {
        "state": "WA",
        "price": "750",
        "price_per_unit": "7500",
        "price_unit": "KG"
      },
      {
        "state": "WA",
        "price": "750",
        "price_per_unit": "7500",
        "price_unit": "KG"
      },
      {
        "state": "SA",
        "price": "750",
        "price_per_unit": "7500",
        "price_unit": "KG"
      },
      {
        "state": "SA",
        "price": "750",
        "price_per_unit": "7500",
        "price_unit": "KG"
      },
      {
        "state": "ACT",
        "price": "750",
        "price_per_unit": "7500",
        "price_unit": "KG"
      },
      {
        "state": "ACT",
        "price": "750",
        "price_per_unit": "7500",
        "price_unit": "KG"
      },
      {
        "state": "NT",
        "price": "750",
        "price_per_unit": "7500",
        "price_unit": "KG"
      },
      {
        "state": "NT",
        "price": "750",
        "price_per_unit": "7500",
        "price_unit": "KG"
      }
    ]
  },
  {
    "source_url": "https://www.woolworths.com.au/shop/productdetails/394740/san-marino-pepperoni",
    "name": "San Marino Pepperoni 100g",
    "image_url": "https://cdn1.woolworths.media/content/wowproductimages/large/394740.jpg",
    "source_id": "Woolworths - 394740",
    "barcode": "9310591505848",
    "shop": "Woolworths",
    "weight": "1KG",
    "prices": [
      {
        "state": "NSW",
        "price": "750",
        "price_per_unit": "7500",
        "price_unit": "KG"
      },
      {
        "state": "NSW",
        "price": "750",
        "price_per_unit": "7500",
        "price_unit": "KG"
      },
      {
        "state": "VIC",
        "price": "750",
        "price_per_unit": "7500",
        "price_unit": "KG"
      },
      {
        "state": "VIC",
        "price": "750",
        "price_per_unit": "7500",
        "price_unit": "KG"
      },
      {
        "state": "QLD",
        "price": "750",
        "price_per_unit": "7500",
        "price_unit": "KG"
      },
      {
        "state": "QLD",
        "price": "750",
        "price_per_unit": "7500",
        "price_unit": "KG"
      },
      {
        "state": "WA",
        "price": "750",
        "price_per_unit": "7500",
        "price_unit": "KG"
      },
      {
        "state": "WA",
        "price": "750",
        "price_per_unit": "7500",
        "price_unit": "KG"
      },
      {
        "state": "SA",
        "price": "750",
        "price_per_unit": "7500",
        "price_unit": "KG"
      },
      {
        "state": "SA",
        "price": "750",
        "price_per_unit": "7500",
        "price_unit": "KG"
      },
      {
        "state": "TAS",
        "price": "750",
        "price_per_unit": "7500",
        "price_unit": "KG"
      },
      {
        "state": "TAS",
        "price": "750",
        "price_per_unit": "7500",
        "price_unit": "KG"
      },
      {
        "state": "ACT",
        "price": "750",
        "price_per_unit": "7500",
        "price_unit": "KG"
      },
      {
        "state": "ACT",
        "price": "750",
        "price_per_unit": "7500",
        "price_unit": "KG"
      },
      {
        "state": "NT",
        "price": "750",
        "price_per_unit": "7500",
        "price_unit": "KG"
      },
      {
        "state": "NT",
        "price": "750",
        "price_per_unit": "7500",
        "price_unit": "KG"
      }
    ]
  },
  {
    "source_url": "https://www.woolworths.com.au/shop/productdetails/775734/san-marino-prosciutto",
    "name": "San Marino Prosciutto 100g",
    "image_url": "https://cdn1.woolworths.media/content/wowproductimages/large/775734.jpg",
    "source_id": "Woolworths - 775734",
    "barcode": "9310591500270",
    "shop": "Woolworths",
    "weight": "1KG",
    "prices": [
      {
        "state": "NSW",
        "price": "750",
        "price_per_unit": "7500",
        "price_unit": "KG"
      },
      {
        "state": "NSW",
        "price": "750",
        "price_per_unit": "7500",
        "price_unit": "KG"
      },
      {
        "state": "VIC",
        "price": "750",
        "price_per_unit": "7500",
        "price_unit": "KG"
      },
      {
        "state": "VIC",
        "price": "750",
        "price_per_unit": "7500",
        "price_unit": "KG"
      },
      {
        "state": "QLD",
        "price": "750",
        "price_per_unit": "7500",
        "price_unit": "KG"
      },
      {
        "state": "QLD",
        "price": "750",
        "price_per_unit": "7500",
        "price_unit": "KG"
      },
      {
        "state": "WA",
        "price": "750",
        "price_per_unit": "7500",
        "price_unit": "KG"
      },
      {
        "state": "WA",
        "price": "750",
        "price_per_unit": "7500",
        "price_unit": "KG"
      },
      {
        "state": "SA",
        "price": "750",
        "price_per_unit": "7500",
        "price_unit": "KG"
      },
      {
        "state": "SA",
        "price": "750",
        "price_per_unit": "7500",
        "price_unit": "KG"
      },
      {
        "state": "TAS",
        "price": "750",
        "price_per_unit": "7500",
        "price_unit": "KG"
      },
      {
        "state": "TAS",
        "price": "750",
        "price_per_unit": "7500",
        "price_unit": "KG"
      },
      {
        "state": "NT",
        "price": "750",
        "price_per_unit": "7500",
        "price_unit": "KG"
      },
      {
        "state": "NT",
        "price": "750",
        "price_per_unit": "7500",
        "price_unit": "KG"
      }
    ]
  },
  {
    "source_url": "https://www.woolworths.com.au/shop/productdetails/868221/san-marino-salami-soppressa-hot",
    "name": "San Marino Salami Soppressa Hot 100g",
    "image_url": "https://cdn1.woolworths.media/content/wowproductimages/large/868221.jpg",
    "source_id": "Woolworths - 868221",
    "barcode": "9310591500737",
    "shop": "Woolworths",
    "weight": "1KG",
    "prices": [
      {
        "state": "NSW",
        "price": "750",
        "price_per_unit": "7500",
        "price_unit": "KG"
      },
      {
        "state": "NSW",
        "price": "750",
        "price_per_unit": "7500",
        "price_unit": "KG"
      },
      {
        "state": "VIC",
        "price": "750",
        "price_per_unit": "7500",
        "price_unit": "KG"
      },
      {
        "state": "VIC",
        "price": "750",
        "price_per_unit": "7500",
        "price_unit": "KG"
      },
      {
        "state": "SA",
        "price": "750",
        "price_per_unit": "7500",
        "price_unit": "KG"
      },
      {
        "state": "SA",
        "price": "750",
        "price_per_unit": "7500",
        "price_unit": "KG"
      },
      {
        "state": "ACT",
        "price": "750",
        "price_per_unit": "7500",
        "price_unit": "KG"
      },
      {
        "state": "ACT",
        "price": "750",
        "price_per_unit": "7500",
        "price_unit": "KG"
      },
      {
        "state": "NT",
        "price": "750",
        "price_per_unit": "7500",
        "price_unit": "KG"
      },
      {
        "state": "NT",
        "price": "750",
        "price_per_unit": "7500",
        "price_unit": "KG"
      }
    ]
  },
  {
    "source_url": "https://www.woolworths.com.au/shop/productdetails/775759/san-marino-soppressa-mild-salami",
    "name": "San Marino Soppressa Mild Salami 100g",
    "image_url": "https://cdn1.woolworths.media/content/wowproductimages/large/775759.jpg",
    "source_id": "Woolworths - 775759",
    "barcode": "9310591500331",
    "shop": "Woolworths",
    "weight": "1KG",
    "prices": [
      {
        "state": "NSW",
        "price": "750",
        "price_per_unit": "7500",
        "price_unit": "KG"
      },
      {
        "state": "NSW",
        "price": "750",
        "price_per_unit": "7500",
        "price_unit": "KG"
      },
      {
        "state": "VIC",
        "price": "750",
        "price_per_unit": "7500",
        "price_unit": "KG"
      },
      {
        "state": "VIC",
        "price": "750",
        "price_per_unit": "7500",
        "price_unit": "KG"
      },
      {
        "state": "QLD",
        "price": "750",
        "price_per_unit": "7500",
        "price_unit": "KG"
      },
      {
        "state": "QLD",
        "price": "750",
        "price_per_unit": "7500",
        "price_unit": "KG"
      },
      {
        "state": "WA",
        "price": "750",
        "price_per_unit": "7500",
        "price_unit": "KG"
      },
      {
        "state": "WA",
        "price": "750",
        "price_per_unit": "7500",
        "price_unit": "KG"
      },
      {
        "state": "SA",
        "price": "750",
        "price_per_unit": "7500",
        "price_unit": "KG"
      },
      {
        "state": "SA",
        "price": "750",
        "price_per_unit": "7500",
        "price_unit": "KG"
      },
      {
        "state": "ACT",
        "price": "750",
        "price_per_unit": "7500",
        "price_unit": "KG"
      },
      {
        "state": "ACT",
        "price": "750",
        "price_per_unit": "7500",
        "price_unit": "KG"
      },
      {
        "state": "NT",
        "price": "750",
        "price_per_unit": "7500",
        "price_unit": "KG"
      },
      {
        "state": "NT",
        "price": "750",
        "price_per_unit": "7500",
        "price_unit": "KG"
      }
    ]
  },
  {
    "source_url": "https://www.woolworths.com.au/shop/productdetails/775724/san-marino-spanish-serrano",
    "name": "San Marino Spanish Serrano 100g",
    "image_url": "https://cdn1.woolworths.media/content/wowproductimages/large/775724.jpg",
    "source_id": "Woolworths - 775724",
    "barcode": "9310591500287",
    "shop": "Woolworths",
    "weight": "1KG",
    "prices": [
      {
        "state": "NSW",
        "price": "750",
        "price_per_unit": "7500",
        "price_unit": "KG"
      },
      {
        "state": "NSW",
        "price": "750",
        "price_per_unit": "7500",
        "price_unit": "KG"
      },
      {
        "state": "VIC",
        "price": "750",
        "price_per_unit": "7500",
        "price_unit": "KG"
      },
      {
        "state": "VIC",
        "price": "750",
        "price_per_unit": "7500",
        "price_unit": "KG"
      },
      {
        "state": "QLD",
        "price": "750",
        "price_per_unit": "7500",
        "price_unit": "KG"
      },
      {
        "state": "QLD",
        "price": "750",
        "price_per_unit": "7500",
        "price_unit": "KG"
      },
      {
        "state": "WA",
        "price": "750",
        "price_per_unit": "7500",
        "price_unit": "KG"
      },
      {
        "state": "WA",
        "price": "750",
        "price_per_unit": "7500",
        "price_unit": "KG"
      },
      {
        "state": "SA",
        "price": "750",
        "price_per_unit": "7500",
        "price_unit": "KG"
      },
      {
        "state": "SA",
        "price": "750",
        "price_per_unit": "7500",
        "price_unit": "KG"
      },
      {
        "state": "TAS",
        "price": "750",
        "price_per_unit": "7500",
        "price_unit": "KG"
      },
      {
        "state": "TAS",
        "price": "750",
        "price_per_unit": "7500",
        "price_unit": "KG"
      },
      {
        "state": "ACT",
        "price": "750",
        "price_per_unit": "7500",
        "price_unit": "KG"
      },
      {
        "state": "ACT",
        "price": "750",
        "price_per_unit": "7500",
        "price_unit": "KG"
      },
      {
        "state": "NT",
        "price": "750",
        "price_per_unit": "7500",
        "price_unit": "KG"
      },
      {
        "state": "NT",
        "price": "750",
        "price_per_unit": "7500",
        "price_unit": "KG"
      }
    ]
  },
  {
    "source_url": "https://www.woolworths.com.au/shop/productdetails/775748/san-marino-spicy-chorizo",
    "name": "San Marino Spicy Chorizo 100g",
    "image_url": "https://cdn1.woolworths.media/content/wowproductimages/large/775748.jpg",
    "source_id": "Woolworths - 775748",
    "barcode": "9310591500317",
    "shop": "Woolworths",
    "weight": "1KG",
    "prices": [
      {
        "state": "NSW",
        "price": "750",
        "price_per_unit": "7500",
        "price_unit": "KG"
      },
      {
        "state": "NSW",
        "price": "750",
        "price_per_unit": "7500",
        "price_unit": "KG"
      },
      {
        "state": "VIC",
        "price": "750",
        "price_per_unit": "7500",
        "price_unit": "KG"
      },
      {
        "state": "VIC",
        "price": "750",
        "price_per_unit": "7500",
        "price_unit": "KG"
      },
      {
        "state": "SA",
        "price": "750",
        "price_per_unit": "7500",
        "price_unit": "KG"
      },
      {
        "state": "SA",
        "price": "750",
        "price_per_unit": "7500",
        "price_unit": "KG"
      },
      {
        "state": "ACT",
        "price": "750",
        "price_per_unit": "7500",
        "price_unit": "KG"
      },
      {
        "state": "ACT",
        "price": "750",
        "price_per_unit": "7500",
        "price_unit": "KG"
      },
      {
        "state": "NT",
        "price": "750",
        "price_per_unit": "7500",
        "price_unit": "KG"
      },
      {
        "state": "NT",
        "price": "750",
        "price_per_unit": "7500",
        "price_unit": "KG"
      }
    ]
  },
  {
    "source_url": "https://www.woolworths.com.au/shop/productdetails/396242/san-marino-trio-salami-selection",
    "name": "San Marino Trio Salami Selection 150g",
    "image_url": "https://cdn1.woolworths.media/content/wowproductimages/large/396242.jpg",
    "source_id": "Woolworths - 396242",
    "barcode": "9310591505886",
    "shop": "Woolworths",
    "weight": "1KG",
    "prices": [
      {
        "state": "NSW",
        "price": "1250",
        "price_per_unit": "8333",
        "price_unit": "KG"
      },
      {
        "state": "NSW",
        "price": "1250",
        "price_per_unit": "8333",
        "price_unit": "KG"
      },
      {
        "state": "VIC",
        "price": "1250",
        "price_per_unit": "8333",
        "price_unit": "KG"
      },
      {
        "state": "VIC",
        "price": "1250",
        "price_per_unit": "8333",
        "price_unit": "KG"
      },
      {
        "state": "ACT",
        "price": "1250",
        "price_per_unit": "8333",
        "price_unit": "KG"
      },
      {
        "state": "ACT",
        "price": "1250",
        "price_per_unit": "8333",
        "price_unit": "KG"
      },
      {
        "state": "NT",
        "price": "1250",
        "price_per_unit": "8333",
        "price_unit": "KG"
      },
      {
        "state": "NT",
        "price": "1250",
        "price_per_unit": "8333",
        "price_unit": "KG"
      }
    ]
  },
  {
    "source_url": "https://www.woolworths.com.au/shop/productdetails/209621/serrano-arroyo-gourmet-jamon-loncheado",
    "name": "Serrano Arroyo Gourmet Jamon Loncheado 200g",
    "image_url": "https://cdn1.woolworths.media/content/wowproductimages/large/209621.jpg",
    "source_id": "Woolworths - 209621",
    "barcode": "8437000542650",
    "shop": "Woolworths",
    "weight": "1KG",
    "prices": [
      {
        "state": "NSW",
        "price": "950",
        "price_per_unit": "4750",
        "price_unit": "KG"
      }
    ]
  },
  {
    "source_url": "https://www.woolworths.com.au/shop/productdetails/884170/woolworths-deli-express-shortcut-bacon",
    "name": "Shortcut Bacon 400g",
    "image_url": "https://cdn1.woolworths.media/content/wowproductimages/large/884170.jpg",
    "source_id": "Woolworths - 884170",
    "barcode": "9300767082679",
    "shop": "Woolworths",
    "weight": "1KG",
    "prices": [
      {
        "state": "NSW",
        "price": "920",
        "price_per_unit": "2300",
        "price_unit": "KG"
      }
    ]
  },
  {
    "source_url": "https://www.woolworths.com.au/shop/productdetails/886915/deli-express-silverside-sliced",
    "name": "Silverside Sliced 200g",
    "image_url": "https://cdn1.woolworths.media/content/wowproductimages/large/886915.jpg",
    "source_id": "Woolworths - 886915",
    "barcode": "9329053013418",
    "shop": "Woolworths",
    "weight": "1KG",
    "prices": [
      {
        "state": "NSW",
        "price": "540",
        "price_per_unit": "2700",
        "price_unit": "KG"
      }
    ]
  },
  {
    "source_url": "https://www.woolworths.com.au/shop/productdetails/884502/woolworths-deli-express-sopressa-salami-hot-sliced",
    "name": "Sopressa Salami Hot Sliced 150g",
    "image_url": "https://cdn1.woolworths.media/content/wowproductimages/large/884502.jpg",
    "source_id": "Woolworths - 884502",
    "barcode": "9329053013463",
    "shop": "Woolworths",
    "weight": "1KG",
    "prices": [
      {
        "state": "NSW",
        "price": "630",
        "price_per_unit": "4200",
        "price_unit": "KG"
      }
    ]
  },
  {
    "source_url": "https://www.woolworths.com.au/shop/productdetails/882459/woolworths-deli-express-sopressa-salami-mild-sliced",
    "name": "Sopressa Salami Mild Sliced 150g",
    "image_url": "https://cdn1.woolworths.media/content/wowproductimages/large/882459.jpg",
    "source_id": "Woolworths - 882459",
    "barcode": "9329053013470",
    "shop": "Woolworths",
    "weight": "1KG",
    "prices": [
      {
        "state": "NSW",
        "price": "630",
        "price_per_unit": "4200",
        "price_unit": "KG"
      }
    ]
  },
  {
    "source_url": "https://www.woolworths.com.au/shop/productdetails/884079/woolworths-deli-express-tasty-sticks-mild",
    "name": "Tasty Sticks Mild 200g",
    "image_url": "https://cdn1.woolworths.media/content/wowproductimages/large/884079.jpg",
    "source_id": "Woolworths - 884079",
    "barcode": "9300767082686",
    "shop": "Woolworths",
    "weight": "1KG",
    "prices": [
      {
        "state": "NSW",
        "price": "620",
        "price_per_unit": "3100",
        "price_unit": "KG"
      }
    ]
  },
  {
    "source_url": "https://www.woolworths.com.au/shop/productdetails/440301/thomas-dux-sliced-hot-sopressa",
    "name": "Thomas Dux Sliced Hot Sopressa 100g",
    "image_url": "https://cdn1.woolworths.media/content/wowproductimages/large/440301.jpg",
    "source_id": "Woolworths - 440301",
    "barcode": "9339687361717",
    "shop": "Woolworths",
    "weight": "1KG",
    "prices": [
      {
        "state": "NSW",
        "price": "650",
        "price_per_unit": "6500",
        "price_unit": "KG"
      },
      {
        "state": "VIC",
        "price": "650",
        "price_per_unit": "6500",
        "price_unit": "KG"
      },
      {
        "state": "QLD",
        "price": "650",
        "price_per_unit": "6500",
        "price_unit": "KG"
      },
      {
        "state": "WA",
        "price": "650",
        "price_per_unit": "6500",
        "price_unit": "KG"
      },
      {
        "state": "SA",
        "price": "650",
        "price_per_unit": "6500",
        "price_unit": "KG"
      },
      {
        "state": "TAS",
        "price": "650",
        "price_per_unit": "6500",
        "price_unit": "KG"
      },
      {
        "state": "ACT",
        "price": "650",
        "price_per_unit": "6500",
        "price_unit": "KG"
      },
      {
        "state": "NT",
        "price": "650",
        "price_per_unit": "6500",
        "price_unit": "KG"
      }
    ]
  },
  {
    "source_url": "https://www.woolworths.com.au/shop/productdetails/458079/thomas-dux-sliced-mild-sopressa",
    "name": "Thomas Dux Sliced Mild Sopressa 100g",
    "image_url": "https://cdn1.woolworths.media/content/wowproductimages/large/458079.jpg",
    "source_id": "Woolworths - 458079",
    "barcode": "9339687361731",
    "shop": "Woolworths",
    "weight": "1KG",
    "prices": [
      {
        "state": "NSW",
        "price": "650",
        "price_per_unit": "6500",
        "price_unit": "KG"
      },
      {
        "state": "VIC",
        "price": "650",
        "price_per_unit": "6500",
        "price_unit": "KG"
      },
      {
        "state": "QLD",
        "price": "650",
        "price_per_unit": "6500",
        "price_unit": "KG"
      },
      {
        "state": "SA",
        "price": "650",
        "price_per_unit": "6500",
        "price_unit": "KG"
      },
      {
        "state": "TAS",
        "price": "650",
        "price_per_unit": "6500",
        "price_unit": "KG"
      },
      {
        "state": "ACT",
        "price": "650",
        "price_per_unit": "6500",
        "price_unit": "KG"
      },
      {
        "state": "NT",
        "price": "650",
        "price_per_unit": "6500",
        "price_unit": "KG"
      }
    ]
  },
  {
    "source_url": "https://www.woolworths.com.au/shop/productdetails/453586/thomas-dux-sliced-prosciutto",
    "name": "Thomas Dux Sliced Prosciutto 100g",
    "image_url": "https://cdn1.woolworths.media/content/wowproductimages/large/453586.jpg",
    "source_id": "Woolworths - 453586",
    "barcode": "9339687361724",
    "shop": "Woolworths",
    "weight": "1KG",
    "prices": [
      {
        "state": "NSW",
        "price": "750",
        "price_per_unit": "7500",
        "price_unit": "KG"
      },
      {
        "state": "VIC",
        "price": "750",
        "price_per_unit": "7500",
        "price_unit": "KG"
      },
      {
        "state": "QLD",
        "price": "750",
        "price_per_unit": "7500",
        "price_unit": "KG"
      },
      {
        "state": "WA",
        "price": "750",
        "price_per_unit": "7500",
        "price_unit": "KG"
      },
      {
        "state": "SA",
        "price": "750",
        "price_per_unit": "7500",
        "price_unit": "KG"
      },
      {
        "state": "TAS",
        "price": "750",
        "price_per_unit": "7500",
        "price_unit": "KG"
      },
      {
        "state": "ACT",
        "price": "750",
        "price_per_unit": "7500",
        "price_unit": "KG"
      },
      {
        "state": "NT",
        "price": "750",
        "price_per_unit": "7500",
        "price_unit": "KG"
      }
    ]
  },
  {
    "source_url": "https://www.woolworths.com.au/shop/productdetails/395929/tibaldi-signature-collection-triple-smoked-australian-ham",
    "name": "Tibaldi Signature Collection Triple Smoked Australian Ham 120g",
    "image_url": "https://cdn1.woolworths.media/content/wowproductimages/large/395929.jpg",
    "source_id": "Woolworths - 395929",
    "barcode": "9310176408427",
    "shop": "Woolworths",
    "weight": "1KG",
    "prices": [
      {
        "state": "NSW",
        "price": "500",
        "price_per_unit": "4167",
        "price_unit": "KG"
      },
      {
        "state": "QLD",
        "price": "500",
        "price_per_unit": "4167",
        "price_unit": "KG"
      },
      {
        "state": "SA",
        "price": "500",
        "price_per_unit": "4167",
        "price_unit": "KG"
      },
      {
        "state": "TAS",
        "price": "500",
        "price_per_unit": "4167",
        "price_unit": "KG"
      },
      {
        "state": "ACT",
        "price": "500",
        "price_per_unit": "4167",
        "price_unit": "KG"
      }
    ]
  },
  {
    "source_url": "https://www.woolworths.com.au/shop/productdetails/394907/tibaldi-signature-collection-wafer-thin-australian-leg-ham",
    "name": "Tibaldi Signature Collection Wafer Thin Australian Leg Ham 120g",
    "image_url": "https://cdn1.woolworths.media/content/wowproductimages/large/394907.jpg",
    "source_id": "Woolworths - 394907",
    "barcode": "9310176408793",
    "shop": "Woolworths",
    "weight": "1KG",
    "prices": [
      {
        "state": "NSW",
        "price": "500",
        "price_per_unit": "4167",
        "price_unit": "KG"
      },
      {
        "state": "QLD",
        "price": "500",
        "price_per_unit": "4167",
        "price_unit": "KG"
      },
      {
        "state": "WA",
        "price": "500",
        "price_per_unit": "4167",
        "price_unit": "KG"
      },
      {
        "state": "ACT",
        "price": "500",
        "price_per_unit": "4167",
        "price_unit": "KG"
      }
    ]
  },
  {
    "source_url": "https://www.woolworths.com.au/shop/productdetails/27566/tibaldi-signature-ham-off-the-bone",
    "name": "Tibaldi Signature Ham Off The Bone 120g",
    "image_url": "https://cdn1.woolworths.media/content/wowproductimages/large/027566.jpg",
    "source_id": "Woolworths - 27566",
    "barcode": "9310176408816",
    "shop": "Woolworths",
    "weight": "1KG",
    "prices": [
      {
        "state": "NSW",
        "price": "500",
        "price_per_unit": "4167",
        "price_unit": "KG"
      },
      {
        "state": "VIC",
        "price": "500",
        "price_per_unit": "4167",
        "price_unit": "KG"
      },
      {
        "state": "QLD",
        "price": "500",
        "price_per_unit": "4167",
        "price_unit": "KG"
      },
      {
        "state": "WA",
        "price": "500",
        "price_per_unit": "4167",
        "price_unit": "KG"
      },
      {
        "state": "SA",
        "price": "500",
        "price_per_unit": "4167",
        "price_unit": "KG"
      },
      {
        "state": "TAS",
        "price": "500",
        "price_per_unit": "4167",
        "price_unit": "KG"
      },
      {
        "state": "ACT",
        "price": "500",
        "price_per_unit": "4167",
        "price_unit": "KG"
      },
      {
        "state": "NT",
        "price": "500",
        "price_per_unit": "4167",
        "price_unit": "KG"
      }
    ]
  },
  {
    "source_url": "https://www.woolworths.com.au/shop/productdetails/390098/tidbit-foods-consorcio-jamon-serrano",
    "name": "TidBit Foods Consorcio Jamon Serrano 80g",
    "image_url": "https://cdn1.woolworths.media/content/wowproductimages/large/390098.jpg",
    "source_id": "Woolworths - 390098",
    "barcode": "9352222000124",
    "shop": "Woolworths",
    "weight": "1KG",
    "prices": [
      {
        "state": "NSW",
        "price": "580",
        "price_per_unit": "7250",
        "price_unit": "KG"
      },
      {
        "state": "VIC",
        "price": "580",
        "price_per_unit": "7250",
        "price_unit": "KG"
      },
      {
        "state": "ACT",
        "price": "580",
        "price_per_unit": "7250",
        "price_unit": "KG"
      }
    ]
  },
  {
    "source_url": "https://www.woolworths.com.au/shop/productdetails/905739/tidbit-foods-prosciutto-di-parma",
    "name": "Tidbit Foods Prosciutto Di Parma 100g",
    "image_url": "https://cdn1.woolworths.media/content/wowproductimages/large/905739.jpg",
    "source_id": "Woolworths - 905739",
    "barcode": "9352222000049",
    "shop": "Woolworths",
    "weight": "1KG",
    "prices": [
      {
        "state": "NSW",
        "price": "950",
        "price_per_unit": "9500",
        "price_unit": "KG"
      },
      {
        "state": "VIC",
        "price": "950",
        "price_per_unit": "9500",
        "price_unit": "KG"
      },
      {
        "state": "QLD",
        "price": "950",
        "price_per_unit": "9500",
        "price_unit": "KG"
      },
      {
        "state": "WA",
        "price": "950",
        "price_per_unit": "9500",
        "price_unit": "KG"
      },
      {
        "state": "SA",
        "price": "950",
        "price_per_unit": "9500",
        "price_unit": "KG"
      },
      {
        "state": "TAS",
        "price": "950",
        "price_per_unit": "9500",
        "price_unit": "KG"
      },
      {
        "state": "ACT",
        "price": "950",
        "price_per_unit": "9500",
        "price_unit": "KG"
      },
      {
        "state": "NT",
        "price": "950",
        "price_per_unit": "9500",
        "price_unit": "KG"
      }
    ]
  },
  {
    "source_url": "https://www.woolworths.com.au/shop/productdetails/435086/woolworths-mild-hungarian-salami",
    "name": "Woolworths Mild Hungarian Salami 200g",
    "image_url": "https://cdn1.woolworths.media/content/wowproductimages/large/435086.jpg",
    "source_id": "Woolworths - 435086",
    "barcode": "9339687361199",
    "shop": "Woolworths",
    "weight": "1KG",
    "prices": [
      {
        "state": "NSW",
        "price": "750",
        "price_per_unit": "3750",
        "price_unit": "KG"
      },
      {
        "state": "VIC",
        "price": "750",
        "price_per_unit": "3750",
        "price_unit": "KG"
      },
      {
        "state": "QLD",
        "price": "750",
        "price_per_unit": "3750",
        "price_unit": "KG"
      },
      {
        "state": "WA",
        "price": "750",
        "price_per_unit": "3750",
        "price_unit": "KG"
      },
      {
        "state": "SA",
        "price": "750",
        "price_per_unit": "3750",
        "price_unit": "KG"
      },
      {
        "state": "TAS",
        "price": "750",
        "price_per_unit": "3750",
        "price_unit": "KG"
      },
      {
        "state": "ACT",
        "price": "750",
        "price_per_unit": "3750",
        "price_unit": "KG"
      },
      {
        "state": "NT",
        "price": "750",
        "price_per_unit": "3750",
        "price_unit": "KG"
      }
    ]
  },
  {
    "source_url": "https://www.woolworths.com.au/shop/productdetails/410607/woolworths-smoked-sliced-ham-off-the-bone",
    "name": "Woolworths Smoked Sliced Ham Off The Bone 100g",
    "image_url": "https://cdn1.woolworths.media/content/wowproductimages/large/410607.jpg",
    "source_id": "Woolworths - 410607",
    "barcode": "9339687359943",
    "shop": "Woolworths",
    "weight": "1KG",
    "prices": [
      {
        "state": "NSW",
        "price": "410",
        "price_per_unit": "4100",
        "price_unit": "KG"
      },
      {
        "state": "VIC",
        "price": "410",
        "price_per_unit": "4100",
        "price_unit": "KG"
      },
      {
        "state": "QLD",
        "price": "410",
        "price_per_unit": "4100",
        "price_unit": "KG"
      },
      {
        "state": "WA",
        "price": "410",
        "price_per_unit": "4100",
        "price_unit": "KG"
      },
      {
        "state": "SA",
        "price": "410",
        "price_per_unit": "4100",
        "price_unit": "KG"
      },
      {
        "state": "TAS",
        "price": "410",
        "price_per_unit": "4100",
        "price_unit": "KG"
      },
      {
        "state": "ACT",
        "price": "410",
        "price_per_unit": "4100",
        "price_unit": "KG"
      },
      {
        "state": "NT",
        "price": "410",
        "price_per_unit": "4100",
        "price_unit": "KG"
      }
    ]
  },
  {
    "source_url": "https://www.woolworths.com.au/shop/productdetails/716097/bertocchi-classic-leg-ham-virginian-sliced",
    "name": "Bertocchi Classic Leg Ham Virginian Sliced Per Kg",
    "image_url": "https://cdn1.woolworths.media/content/wowproductimages/large/716097.jpg",
    "source_id": "Woolworths - 716097",
    "barcode": "0272806000007",
    "shop": "Woolworths",
    "weight": "1KG",
    "prices": [
      {
        "state": "VIC",
        "price": "2800",
        "price_per_unit": "2800",
        "price_unit": "KG"
      },
      {
        "state": "ACT",
        "price": "2800",
        "price_per_unit": "2800",
        "price_unit": "KG"
      }
    ]
  },
  {
    "source_url": "https://www.woolworths.com.au/shop/productdetails/253202/bertocchi-pepper-crusted-chili-soppressa-salami-sliced-from-the-deli",
    "name": "Bertocchi Pepper Crusted Chili Soppressa Salami Sliced From The Deli Per Kg",
    "image_url": "https://cdn1.woolworths.media/content/wowproductimages/large/253202.jpg",
    "source_id": "Woolworths - 253202",
    "barcode": "0274243000008",
    "shop": "Woolworths",
    "weight": "1KG",
    "prices": [
      {
        "state": "VIC",
        "price": "4200",
        "price_per_unit": "4200",
        "price_unit": "KG"
      },
      {
        "state": "QLD",
        "price": "4200",
        "price_per_unit": "4200",
        "price_unit": "KG"
      },
      {
        "state": "SA",
        "price": "4200",
        "price_per_unit": "4200",
        "price_unit": "KG"
      },
      {
        "state": "TAS",
        "price": "4200",
        "price_per_unit": "4200",
        "price_unit": "KG"
      },
      {
        "state": "ACT",
        "price": "4200",
        "price_per_unit": "4200",
        "price_unit": "KG"
      },
      {
        "state": "NT",
        "price": "4200",
        "price_per_unit": "4200",
        "price_unit": "KG"
      }
    ]
  },
  {
    "source_url": "https://www.woolworths.com.au/shop/productdetails/352931/bertocchi-premium-boneless-leg-ham-sliced-from-the-deli",
    "name": "Bertocchi Premium Boneless Leg Ham Sliced From The Deli Per Kg",
    "image_url": "https://cdn1.woolworths.media/content/wowproductimages/large/352931.jpg",
    "source_id": "Woolworths - 352931",
    "barcode": "0271463000009",
    "shop": "Woolworths",
    "weight": "1KG",
    "prices": [
      {
        "state": "VIC",
        "price": "2900",
        "price_per_unit": "2900",
        "price_unit": "KG"
      },
      {
        "state": "QLD",
        "price": "2900",
        "price_per_unit": "2900",
        "price_unit": "KG"
      },
      {
        "state": "WA",
        "price": "2900",
        "price_per_unit": "2900",
        "price_unit": "KG"
      },
      {
        "state": "SA",
        "price": "2900",
        "price_per_unit": "2900",
        "price_unit": "KG"
      },
      {
        "state": "TAS",
        "price": "2900",
        "price_per_unit": "2900",
        "price_unit": "KG"
      },
      {
        "state": "ACT",
        "price": "2900",
        "price_per_unit": "2900",
        "price_unit": "KG"
      },
      {
        "state": "NT",
        "price": "2900",
        "price_per_unit": "2900",
        "price_unit": "KG"
      }
    ]
  },
  {
    "source_url": "https://www.woolworths.com.au/shop/productdetails/14627/bertocchi-soppressa-salami-hot-sliced-from-the-deli",
    "name": "Bertocchi Soppressa Salami Hot Sliced From The Deli Per Kg",
    "image_url": "https://cdn1.woolworths.media/content/wowproductimages/large/014627.jpg",
    "source_id": "Woolworths - 14627",
    "barcode": "0273087000007",
    "shop": "Woolworths",
    "weight": "1KG",
    "prices": [
      {
        "state": "VIC",
        "price": "3400",
        "price_per_unit": "3400",
        "price_unit": "KG"
      },
      {
        "state": "QLD",
        "price": "3400",
        "price_per_unit": "3400",
        "price_unit": "KG"
      },
      {
        "state": "WA",
        "price": "3400",
        "price_per_unit": "3400",
        "price_unit": "KG"
      },
      {
        "state": "SA",
        "price": "3400",
        "price_per_unit": "3400",
        "price_unit": "KG"
      },
      {
        "state": "TAS",
        "price": "3400",
        "price_per_unit": "3400",
        "price_unit": "KG"
      },
      {
        "state": "ACT",
        "price": "3400",
        "price_per_unit": "3400",
        "price_unit": "KG"
      },
      {
        "state": "NT",
        "price": "3400",
        "price_per_unit": "3400",
        "price_unit": "KG"
      }
    ]
  },
  {
    "source_url": "https://www.woolworths.com.au/shop/productdetails/14663/bertocchi-soppressa-salami-mild-sliced-from-the-deli",
    "name": "Bertocchi Soppressa Salami Mild Sliced From The Deli Per Kg",
    "image_url": "https://cdn1.woolworths.media/content/wowproductimages/large/014663.jpg",
    "source_id": "Woolworths - 14663",
    "barcode": "0273089000005",
    "shop": "Woolworths",
    "weight": "1KG",
    "prices": [
      {
        "state": "VIC",
        "price": "3400",
        "price_per_unit": "3400",
        "price_unit": "KG"
      },
      {
        "state": "QLD",
        "price": "3400",
        "price_per_unit": "3400",
        "price_unit": "KG"
      },
      {
        "state": "WA",
        "price": "3400",
        "price_per_unit": "3400",
        "price_unit": "KG"
      },
      {
        "state": "SA",
        "price": "3400",
        "price_per_unit": "3400",
        "price_unit": "KG"
      },
      {
        "state": "TAS",
        "price": "3400",
        "price_per_unit": "3400",
        "price_unit": "KG"
      },
      {
        "state": "ACT",
        "price": "3400",
        "price_per_unit": "3400",
        "price_unit": "KG"
      }
    ]
  },
  {
    "source_url": "https://www.woolworths.com.au/shop/productdetails/127959/champagne-leg-ham-sliced-from-the-deli",
    "name": "Champagne Leg Ham Sliced From The Deli Per Kg",
    "image_url": "https://cdn1.woolworths.media/content/wowproductimages/large/127959.jpg",
    "source_id": "Woolworths - 127959",
    "barcode": "0276078000000",
    "shop": "Woolworths",
    "weight": "1KG",
    "prices": [
      {
        "state": "VIC",
        "price": "2350",
        "price_per_unit": "2350",
        "price_unit": "KG"
      },
      {
        "state": "QLD",
        "price": "2350",
        "price_per_unit": "2350",
        "price_unit": "KG"
      },
      {
        "state": "WA",
        "price": "2350",
        "price_per_unit": "2350",
        "price_unit": "KG"
      },
      {
        "state": "SA",
        "price": "2350",
        "price_per_unit": "2350",
        "price_unit": "KG"
      },
      {
        "state": "TAS",
        "price": "2350",
        "price_per_unit": "2350",
        "price_unit": "KG"
      },
      {
        "state": "ACT",
        "price": "2350",
        "price_per_unit": "2350",
        "price_unit": "KG"
      },
      {
        "state": "NT",
        "price": "2350",
        "price_per_unit": "2350",
        "price_unit": "KG"
      }
    ]
  },
  {
    "source_url": "https://www.woolworths.com.au/shop/productdetails/935656/d-orsogna-premium-ham-off-the-bone-sliced-from-the-deli",
    "name": "D'Orsogna Premium Ham Off The Bone Sliced From The Deli Per Kg",
    "image_url": "https://cdn1.woolworths.media/content/wowproductimages/large/935656.jpg",
    "source_id": "Woolworths - 935656",
    "barcode": "0279129000004",
    "shop": "Woolworths",
    "weight": "1KG",
    "prices": [
      {
        "state": "VIC",
        "price": "3600",
        "price_per_unit": "3600",
        "price_unit": "KG"
      },
      {
        "state": "QLD",
        "price": "3600",
        "price_per_unit": "3600",
        "price_unit": "KG"
      },
      {
        "state": "WA",
        "price": "3600",
        "price_per_unit": "3600",
        "price_unit": "KG"
      },
      {
        "state": "SA",
        "price": "3600",
        "price_per_unit": "3600",
        "price_unit": "KG"
      },
      {
        "state": "TAS",
        "price": "3600",
        "price_per_unit": "3600",
        "price_unit": "KG"
      },
      {
        "state": "ACT",
        "price": "3600",
        "price_per_unit": "3600",
        "price_unit": "KG"
      },
      {
        "state": "NT",
        "price": "3600",
        "price_per_unit": "3600",
        "price_unit": "KG"
      }
    ]
  },
  {
    "source_url": "https://www.woolworths.com.au/shop/productdetails/162725/d-orsogna-triple-smoked-leg-ham-97-fat-free-sliced-from-the-deli",
    "name": "D'Orsogna Triple Smoked Leg Ham 97% Fat Free Sliced From The Deli Per Kg",
    "image_url": "https://cdn1.woolworths.media/content/wowproductimages/large/162725.jpg",
    "source_id": "Woolworths - 162725",
    "barcode": "0277997000003",
    "shop": "Woolworths",
    "weight": "1KG",
    "prices": [
      {
        "state": "VIC",
        "price": "2600",
        "price_per_unit": "2600",
        "price_unit": "KG"
      },
      {
        "state": "QLD",
        "price": "2600",
        "price_per_unit": "2600",
        "price_unit": "KG"
      },
      {
        "state": "WA",
        "price": "2600",
        "price_per_unit": "2600",
        "price_unit": "KG"
      },
      {
        "state": "SA",
        "price": "2600",
        "price_per_unit": "2600",
        "price_unit": "KG"
      },
      {
        "state": "TAS",
        "price": "2600",
        "price_per_unit": "2600",
        "price_unit": "KG"
      },
      {
        "state": "ACT",
        "price": "2600",
        "price_per_unit": "2600",
        "price_unit": "KG"
      },
      {
        "state": "NT",
        "price": "2600",
        "price_per_unit": "2600",
        "price_unit": "KG"
      }
    ]
  },
  {
    "source_url": "https://www.woolworths.com.au/shop/productdetails/129712/deli-leg-ham-sliced-from-the-deli",
    "name": "Deli Leg Ham Sliced From The Deli Per Kg",
    "image_url": "https://cdn1.woolworths.media/content/wowproductimages/large/129712.jpg",
    "source_id": "Woolworths - 129712",
    "barcode": "0275777000007",
    "shop": "Woolworths",
    "weight": "1KG",
    "prices": [
      {
        "state": "VIC",
        "price": "1950",
        "price_per_unit": "1950",
        "price_unit": "KG"
      },
      {
        "state": "QLD",
        "price": "1950",
        "price_per_unit": "1950",
        "price_unit": "KG"
      },
      {
        "state": "WA",
        "price": "1950",
        "price_per_unit": "1950",
        "price_unit": "KG"
      },
      {
        "state": "SA",
        "price": "1950",
        "price_per_unit": "1950",
        "price_unit": "KG"
      },
      {
        "state": "TAS",
        "price": "1950",
        "price_per_unit": "1950",
        "price_unit": "KG"
      },
      {
        "state": "ACT",
        "price": "1950",
        "price_per_unit": "1950",
        "price_unit": "KG"
      },
      {
        "state": "NT",
        "price": "1950",
        "price_per_unit": "1950",
        "price_unit": "KG"
      }
    ]
  },
  {
    "source_url": "https://www.woolworths.com.au/shop/productdetails/289210/don-hungarian-salami",
    "name": "Don Hungarian Salami 160g",
    "image_url": "https://cdn1.woolworths.media/content/wowproductimages/large/289210.jpg",
    "source_id": "Woolworths - 289210",
    "barcode": "9326451016362",
    "shop": "Woolworths",
    "weight": "1KG",
    "prices": [
      {
        "state": "VIC",
        "price": "500",
        "price_per_unit": "3125",
        "price_unit": "KG"
      },
      {
        "state": "QLD",
        "price": "500",
        "price_per_unit": "3125",
        "price_unit": "KG"
      },
      {
        "state": "WA",
        "price": "500",
        "price_per_unit": "3125",
        "price_unit": "KG"
      },
      {
        "state": "SA",
        "price": "500",
        "price_per_unit": "3125",
        "price_unit": "KG"
      },
      {
        "state": "TAS",
        "price": "500",
        "price_per_unit": "3125",
        "price_unit": "KG"
      },
      {
        "state": "ACT",
        "price": "500",
        "price_per_unit": "3125",
        "price_unit": "KG"
      },
      {
        "state": "NT",
        "price": "500",
        "price_per_unit": "3125",
        "price_unit": "KG"
      }
    ]
  },
  {
    "source_url": "https://www.woolworths.com.au/shop/productdetails/172687/don-kabana-traditional",
    "name": "Don Kabana Traditional 200g",
    "image_url": "https://cdn1.woolworths.media/content/wowproductimages/large/172687.jpg",
    "source_id": "Woolworths - 172687",
    "barcode": "9326451061201",
    "shop": "Woolworths",
    "weight": "1KG",
    "prices": [
      {
        "state": "VIC",
        "price": "480",
        "price_per_unit": "2400",
        "price_unit": "KG"
      }
    ]
  },
  {
    "source_url": "https://www.woolworths.com.au/shop/productdetails/64114/don-salami-white-hungarian",
    "name": "Don Salami White Hungarian 200g",
    "image_url": "https://cdn1.woolworths.media/content/wowproductimages/large/064114.jpg",
    "source_id": "Woolworths - 64114",
    "barcode": "93389372",
    "shop": "Woolworths",
    "weight": "1KG",
    "prices": [
      {
        "state": "VIC",
        "price": "890",
        "price_per_unit": "4450",
        "price_unit": "KG"
      }
    ]
  },
  {
    "source_url": "https://www.woolworths.com.au/shop/productdetails/97588/don-strasburg-roll",
    "name": "Don Strasburg Roll 500g",
    "image_url": "https://cdn1.woolworths.media/content/wowproductimages/large/097588.jpg",
    "source_id": "Woolworths - 97588",
    "barcode": "9326451091802",
    "shop": "Woolworths",
    "weight": "1KG",
    "prices": [
      {
        "state": "VIC",
        "price": "760",
        "price_per_unit": "1520",
        "price_unit": "KG"
      },
      {
        "state": "TAS",
        "price": "760",
        "price_per_unit": "1520",
        "price_unit": "KG"
      }
    ]
  },
  {
    "source_url": "https://www.woolworths.com.au/shop/productdetails/937721/fettayleh-foods-chicken-roll-chili",
    "name": "Fettayleh Foods Chicken Roll Chili 150g",
    "image_url": "https://cdn1.woolworths.media/content/wowproductimages/large/937721.jpg",
    "source_id": "Woolworths - 937721",
    "barcode": "9346587003128",
    "shop": "Woolworths",
    "weight": "1KG",
    "prices": [
      {
        "state": "VIC",
        "price": "400",
        "price_per_unit": "2667",
        "price_unit": "KG"
      }
    ]
  },
  {
    "source_url": "https://www.woolworths.com.au/shop/productdetails/937718/fettayleh-foods-chicken-roll-plain",
    "name": "Fettayleh Foods Chicken Roll Plain 150g",
    "image_url": "https://cdn1.woolworths.media/content/wowproductimages/large/937718.jpg",
    "source_id": "Woolworths - 937718",
    "barcode": "9346587003104",
    "shop": "Woolworths",
    "weight": "1KG",
    "prices": [
      {
        "state": "VIC",
        "price": "400",
        "price_per_unit": "2667",
        "price_unit": "KG"
      }
    ]
  },
  {
    "source_url": "https://www.woolworths.com.au/shop/productdetails/937717/fettayleh-foods-frankfurts-beef",
    "name": "Fettayleh Foods Frankfurts Beef 500g",
    "image_url": "https://cdn1.woolworths.media/content/wowproductimages/large/937717.jpg",
    "source_id": "Woolworths - 937717",
    "barcode": "9346587003203",
    "shop": "Woolworths",
    "weight": "1KG",
    "prices": [
      {
        "state": "VIC",
        "price": "750",
        "price_per_unit": "1500",
        "price_unit": "KG"
      }
    ]
  },
  {
    "source_url": "https://www.woolworths.com.au/shop/productdetails/937719/fettayleh-foods-frankfurts-chicken",
    "name": "Fettayleh Foods Frankfurts Chicken 500g",
    "image_url": "https://cdn1.woolworths.media/content/wowproductimages/large/937719.jpg",
    "source_id": "Woolworths - 937719",
    "barcode": "9346587003210",
    "shop": "Woolworths",
    "weight": "1KG",
    "prices": [
      {
        "state": "VIC",
        "price": "700",
        "price_per_unit": "1400",
        "price_unit": "KG"
      }
    ]
  },
  {
    "source_url": "https://www.woolworths.com.au/shop/productdetails/937726/fettayleh-foods-pepperoni-sliced",
    "name": "Fettayleh Foods Pepperoni Sliced 250g",
    "image_url": "https://cdn1.woolworths.media/content/wowproductimages/large/937726.jpg",
    "source_id": "Woolworths - 937726",
    "barcode": "9346587003142",
    "shop": "Woolworths",
    "weight": "1KG",
    "prices": []
  },
  {
    "source_url": "https://www.woolworths.com.au/shop/productdetails/937725/fettayleh-foods-salami-non-fermented",
    "name": "Fettayleh Foods Salami Non Fermented 150g",
    "image_url": "https://cdn1.woolworths.media/content/wowproductimages/large/937725.jpg",
    "source_id": "Woolworths - 937725",
    "barcode": "9346587003067",
    "shop": "Woolworths",
    "weight": "1KG",
    "prices": []
  },
  {
    "source_url": "https://www.woolworths.com.au/shop/productdetails/937722/fettayleh-foods-smoked-turkey-plain",
    "name": "Fettayleh Foods Smoked Turkey Plain 150g",
    "image_url": "https://cdn1.woolworths.media/content/wowproductimages/large/937722.jpg",
    "source_id": "Woolworths - 937722",
    "barcode": "9346587003050",
    "shop": "Woolworths",
    "weight": "1KG",
    "prices": [
      {
        "state": "VIC",
        "price": "650",
        "price_per_unit": "4333",
        "price_unit": "KG"
      }
    ]
  },
  {
    "source_url": "https://www.woolworths.com.au/shop/productdetails/937720/fettayleh-foods-turkey-roll",
    "name": "Fettayleh Foods Turkey Roll 150g",
    "image_url": "https://cdn1.woolworths.media/content/wowproductimages/large/937720.jpg",
    "source_id": "Woolworths - 937720",
    "barcode": "9346587003043",
    "shop": "Woolworths",
    "weight": "1KG",
    "prices": [
      {
        "state": "VIC",
        "price": "650",
        "price_per_unit": "4333",
        "price_unit": "KG"
      }
    ]
  },
  {
    "source_url": "https://www.woolworths.com.au/shop/productdetails/937714/fettayleh-foods-turkish-sujuk",
    "name": "Fettayleh Foods Turkish Sujuk 500g",
    "image_url": "https://cdn1.woolworths.media/content/wowproductimages/large/937714.jpg",
    "source_id": "Woolworths - 937714",
    "barcode": "9346587003173",
    "shop": "Woolworths",
    "weight": "1KG",
    "prices": [
      {
        "state": "VIC",
        "price": "1100",
        "price_per_unit": "2200",
        "price_unit": "KG"
      }
    ]
  },
  {
    "source_url": "https://www.woolworths.com.au/shop/productdetails/246694/hans-salami-hungarian",
    "name": "Hans Salami Hungarian 250g",
    "image_url": "https://cdn1.woolworths.media/content/wowproductimages/large/246694.jpg",
    "source_id": "Woolworths - 246694",
    "barcode": "9310568163132",
    "shop": "Woolworths",
    "weight": "1KG",
    "prices": []
  },
  {
    "source_url": "https://www.woolworths.com.au/shop/productdetails/777183/k-r-castlemaine-hungarian-salami-hot-sliced-from-the-deli",
    "name": "K R Castlemaine Hungarian Salami Hot Sliced From The Deli Per Kg",
    "image_url": "https://cdn1.woolworths.media/content/wowproductimages/large/777183.jpg",
    "source_id": "Woolworths - 777183",
    "barcode": "0273606000006",
    "shop": "Woolworths",
    "weight": "1KG",
    "prices": [
      {
        "state": "VIC",
        "price": "3600",
        "price_per_unit": "3600",
        "price_unit": "KG"
      },
      {
        "state": "QLD",
        "price": "3600",
        "price_per_unit": "3600",
        "price_unit": "KG"
      },
      {
        "state": "SA",
        "price": "3600",
        "price_per_unit": "3600",
        "price_unit": "KG"
      },
      {
        "state": "TAS",
        "price": "3600",
        "price_per_unit": "3600",
        "price_unit": "KG"
      },
      {
        "state": "ACT",
        "price": "3600",
        "price_per_unit": "3600",
        "price_unit": "KG"
      },
      {
        "state": "NT",
        "price": "3600",
        "price_per_unit": "3600",
        "price_unit": "KG"
      }
    ]
  },
  {
    "source_url": "https://www.woolworths.com.au/shop/productdetails/777173/k-r-castlemaine-hungarian-salami-mild-sliced-from-the-deli",
    "name": "K R Castlemaine Hungarian Salami Mild Sliced From The Deli Per Kg",
    "image_url": "https://cdn1.woolworths.media/content/wowproductimages/large/777173.jpg",
    "source_id": "Woolworths - 777173",
    "barcode": "0273563000002",
    "shop": "Woolworths",
    "weight": "1KG",
    "prices": [
      {
        "state": "VIC",
        "price": "3600",
        "price_per_unit": "3600",
        "price_unit": "KG"
      },
      {
        "state": "QLD",
        "price": "3600",
        "price_per_unit": "3600",
        "price_unit": "KG"
      },
      {
        "state": "SA",
        "price": "3600",
        "price_per_unit": "3600",
        "price_unit": "KG"
      },
      {
        "state": "TAS",
        "price": "3600",
        "price_per_unit": "3600",
        "price_unit": "KG"
      },
      {
        "state": "ACT",
        "price": "3600",
        "price_per_unit": "3600",
        "price_unit": "KG"
      },
      {
        "state": "NT",
        "price": "3600",
        "price_per_unit": "3600",
        "price_unit": "KG"
      }
    ]
  },
  {
    "source_url": "https://www.woolworths.com.au/shop/productdetails/777944/k-r-castlemaine-hungarian-salami-shaved-hot-from-the-deli",
    "name": "K R Castlemaine Hungarian Salami Shaved Hot From The Deli Per Kg",
    "image_url": "https://cdn1.woolworths.media/content/wowproductimages/large/777944.jpg",
    "source_id": "Woolworths - 777944",
    "barcode": "0273493000004",
    "shop": "Woolworths",
    "weight": "1KG",
    "prices": [
      {
        "state": "VIC",
        "price": "3600",
        "price_per_unit": "3600",
        "price_unit": "KG"
      },
      {
        "state": "QLD",
        "price": "3600",
        "price_per_unit": "3600",
        "price_unit": "KG"
      },
      {
        "state": "SA",
        "price": "3600",
        "price_per_unit": "3600",
        "price_unit": "KG"
      },
      {
        "state": "TAS",
        "price": "3600",
        "price_per_unit": "3600",
        "price_unit": "KG"
      },
      {
        "state": "ACT",
        "price": "3600",
        "price_per_unit": "3600",
        "price_unit": "KG"
      },
      {
        "state": "NT",
        "price": "3600",
        "price_per_unit": "3600",
        "price_unit": "KG"
      }
    ]
  },
  {
    "source_url": "https://www.woolworths.com.au/shop/productdetails/131154/k-r-castlemaine-kabana-stick",
    "name": "K R Castlemaine Kabana Stick 2x150g",
    "image_url": "https://cdn1.woolworths.media/content/wowproductimages/large/131154.jpg",
    "source_id": "Woolworths - 131154",
    "barcode": "93288620",
    "shop": "Woolworths",
    "weight": "1KG",
    "prices": [
      {
        "state": "VIC",
        "price": "520",
        "price_per_unit": "1733",
        "price_unit": "KG"
      },
      {
        "state": "QLD",
        "price": "520",
        "price_per_unit": "1733",
        "price_unit": "KG"
      },
      {
        "state": "TAS",
        "price": "520",
        "price_per_unit": "1733",
        "price_unit": "KG"
      }
    ]
  },
  {
    "source_url": "https://www.woolworths.com.au/shop/productdetails/777945/krc-hungarian-salami-mild-shaved-from-the-deli",
    "name": "KRC Hungarian Salami Mild Shaved From The Deli Per Kg",
    "image_url": "https://cdn1.woolworths.media/content/wowproductimages/large/777945.jpg",
    "source_id": "Woolworths - 777945",
    "barcode": "0273495000002",
    "shop": "Woolworths",
    "weight": "1KG",
    "prices": [
      {
        "state": "VIC",
        "price": "3600",
        "price_per_unit": "3600",
        "price_unit": "KG"
      },
      {
        "state": "QLD",
        "price": "3600",
        "price_per_unit": "3600",
        "price_unit": "KG"
      },
      {
        "state": "SA",
        "price": "3600",
        "price_per_unit": "3600",
        "price_unit": "KG"
      },
      {
        "state": "TAS",
        "price": "3600",
        "price_per_unit": "3600",
        "price_unit": "KG"
      },
      {
        "state": "ACT",
        "price": "3600",
        "price_per_unit": "3600",
        "price_unit": "KG"
      },
      {
        "state": "NT",
        "price": "3600",
        "price_per_unit": "3600",
        "price_unit": "KG"
      }
    ]
  },
  {
    "source_url": "https://www.woolworths.com.au/shop/productdetails/544704/mayfair-hungarian-salami-mild",
    "name": "Mayfair Hungarian Salami Mild 100g",
    "image_url": "https://cdn1.woolworths.media/content/wowproductimages/large/544704.jpg",
    "source_id": "Woolworths - 544704",
    "barcode": "9311594018656",
    "shop": "Woolworths",
    "weight": "1KG",
    "prices": [
      {
        "state": "VIC",
        "price": "250",
        "price_per_unit": "2500",
        "price_unit": "KG"
      },
      {
        "state": "QLD",
        "price": "250",
        "price_per_unit": "2500",
        "price_unit": "KG"
      },
      {
        "state": "WA",
        "price": "250",
        "price_per_unit": "2500",
        "price_unit": "KG"
      },
      {
        "state": "SA",
        "price": "250",
        "price_per_unit": "2500",
        "price_unit": "KG"
      },
      {
        "state": "TAS",
        "price": "250",
        "price_per_unit": "2500",
        "price_unit": "KG"
      },
      {
        "state": "NT",
        "price": "250",
        "price_per_unit": "2500",
        "price_unit": "KG"
      }
    ]
  },
  {
    "source_url": "https://www.woolworths.com.au/shop/productdetails/217312/moira-mac-s-ready-to-eat-shredded-chicken",
    "name": "Moira Mac's Ready To Eat Shredded Chicken 420g",
    "image_url": "https://cdn1.woolworths.media/content/wowproductimages/large/217312.jpg",
    "source_id": "Woolworths - 217312",
    "barcode": "9340281002388",
    "shop": "Woolworths",
    "weight": "1KG",
    "prices": [
      {
        "state": "VIC",
        "price": "800",
        "price_per_unit": "1905",
        "price_unit": "KG"
      },
      {
        "state": "QLD",
        "price": "800",
        "price_per_unit": "1905",
        "price_unit": "KG"
      },
      {
        "state": "WA",
        "price": "800",
        "price_per_unit": "1905",
        "price_unit": "KG"
      },
      {
        "state": "SA",
        "price": "800",
        "price_per_unit": "1905",
        "price_unit": "KG"
      },
      {
        "state": "TAS",
        "price": "800",
        "price_per_unit": "1905",
        "price_unit": "KG"
      },
      {
        "state": "NT",
        "price": "800",
        "price_per_unit": "1905",
        "price_unit": "KG"
      }
    ]
  },
  {
    "source_url": "https://www.woolworths.com.au/shop/productdetails/391745/primo-twiggy-sticks-bites-bite-size",
    "name": "Primo Twiggy Sticks Bites 150g",
    "image_url": "https://cdn1.woolworths.media/content/wowproductimages/large/391745.jpg",
    "source_id": "Woolworths - 391745",
    "barcode": "9311594462497",
    "shop": "Woolworths",
    "weight": "1KG",
    "prices": [
      {
        "state": "VIC",
        "price": "500",
        "price_per_unit": "3333",
        "price_unit": "KG"
      },
      {
        "state": "QLD",
        "price": "500",
        "price_per_unit": "3333",
        "price_unit": "KG"
      },
      {
        "state": "WA",
        "price": "500",
        "price_per_unit": "3333",
        "price_unit": "KG"
      },
      {
        "state": "SA",
        "price": "500",
        "price_per_unit": "3333",
        "price_unit": "KG"
      },
      {
        "state": "TAS",
        "price": "500",
        "price_per_unit": "3333",
        "price_unit": "KG"
      },
      {
        "state": "NT",
        "price": "500",
        "price_per_unit": "3333",
        "price_unit": "KG"
      }
    ]
  },
  {
    "source_url": "https://www.woolworths.com.au/shop/productdetails/219255/puopolo-artisan-salumi-cacciatore-hot-salami",
    "name": "Puopolo Artisan Salumi Cacciatore Hot Salami 200g",
    "image_url": "https://cdn1.woolworths.media/content/wowproductimages/large/219255.jpg",
    "source_id": "Woolworths - 219255",
    "barcode": "9352721000427",
    "shop": "Woolworths",
    "weight": "1KG",
    "prices": [
      {
        "state": "VIC",
        "price": "900",
        "price_per_unit": "4500",
        "price_unit": "KG"
      }
    ]
  },
  {
    "source_url": "https://www.woolworths.com.au/shop/productdetails/218261/puopolo-artisan-salumi-cacciatore-mild-salami",
    "name": "Puopolo Artisan Salumi Cacciatore Mild Salami 200g",
    "image_url": "https://cdn1.woolworths.media/content/wowproductimages/large/218261.jpg",
    "source_id": "Woolworths - 218261",
    "barcode": "9352721000403",
    "shop": "Woolworths",
    "weight": "1KG",
    "prices": [
      {
        "state": "VIC",
        "price": "900",
        "price_per_unit": "4500",
        "price_unit": "KG"
      }
    ]
  },
  {
    "source_url": "https://www.woolworths.com.au/shop/productdetails/219715/puopolo-artisan-salumi-felino-mild-salami",
    "name": "Puopolo Artisan Salumi Felino Mild Salami 200g",
    "image_url": "https://cdn1.woolworths.media/content/wowproductimages/large/219715.jpg",
    "source_id": "Woolworths - 219715",
    "barcode": "9352721000465",
    "shop": "Woolworths",
    "weight": "1KG",
    "prices": [
      {
        "state": "VIC",
        "price": "900",
        "price_per_unit": "4500",
        "price_unit": "KG"
      }
    ]
  },
  {
    "source_url": "https://www.woolworths.com.au/shop/productdetails/218410/puopolo-artisan-salumi-finocchiona-mild-fennel-salami",
    "name": "Puopolo Artisan Salumi Finocchiona Mild Fennel Salami 200g",
    "image_url": "https://cdn1.woolworths.media/content/wowproductimages/large/218410.jpg",
    "source_id": "Woolworths - 218410",
    "barcode": "9352721000441",
    "shop": "Woolworths",
    "weight": "1KG",
    "prices": [
      {
        "state": "VIC",
        "price": "900",
        "price_per_unit": "4500",
        "price_unit": "KG"
      }
    ]
  },
  {
    "source_url": "https://www.woolworths.com.au/shop/productdetails/410494/woolworths-double-smoked-sliced-ham-off-the-bone",
    "name": "Woolworths Double Smoked Sliced Ham Off The Bone 100g",
    "image_url": "https://cdn1.woolworths.media/content/wowproductimages/large/410494.jpg",
    "source_id": "Woolworths - 410494",
    "barcode": "9339687359936",
    "shop": "Woolworths",
    "weight": "1KG",
    "prices": [
      {
        "state": "VIC",
        "price": "410",
        "price_per_unit": "4100",
        "price_unit": "KG"
      },
      {
        "state": "QLD",
        "price": "410",
        "price_per_unit": "4100",
        "price_unit": "KG"
      },
      {
        "state": "SA",
        "price": "410",
        "price_per_unit": "4100",
        "price_unit": "KG"
      },
      {
        "state": "TAS",
        "price": "410",
        "price_per_unit": "4100",
        "price_unit": "KG"
      },
      {
        "state": "ACT",
        "price": "410",
        "price_per_unit": "4100",
        "price_unit": "KG"
      }
    ]
  },
  {
    "source_url": "https://www.woolworths.com.au/shop/productdetails/410689/woolworths-smoked-shaved-ham-off-the-bone",
    "name": "Woolworths Smoked Shaved Ham Off The Bone 100g",
    "image_url": "https://cdn1.woolworths.media/content/wowproductimages/large/410689.jpg",
    "source_id": "Woolworths - 410689",
    "barcode": "9339687359950",
    "shop": "Woolworths",
    "weight": "1KG",
    "prices": [
      {
        "state": "VIC",
        "price": "410",
        "price_per_unit": "4100",
        "price_unit": "KG"
      },
      {
        "state": "QLD",
        "price": "410",
        "price_per_unit": "4100",
        "price_unit": "KG"
      },
      {
        "state": "SA",
        "price": "410",
        "price_per_unit": "4100",
        "price_unit": "KG"
      },
      {
        "state": "TAS",
        "price": "410",
        "price_per_unit": "4100",
        "price_unit": "KG"
      },
      {
        "state": "ACT",
        "price": "410",
        "price_per_unit": "4100",
        "price_unit": "KG"
      }
    ]
  },
  {
    "source_url": "https://www.woolworths.com.au/shop/productdetails/212050/d-orsogna-natural-double-smoked-ham-gluten-free-97-fat-free",
    "name": "D'Orsogna Natural Double Smoked Ham Gluten Free 97% Fat Free 100g",
    "image_url": "https://cdn1.woolworths.media/content/wowproductimages/large/212050.jpg",
    "source_id": "Woolworths - 212050",
    "barcode": "9300767082259",
    "shop": "Woolworths",
    "weight": "1KG",
    "prices": [
      {
        "state": "QLD",
        "price": "400",
        "price_per_unit": "4000",
        "price_unit": "KG"
      },
      {
        "state": "SA",
        "price": "400",
        "price_per_unit": "4000",
        "price_unit": "KG"
      },
      {
        "state": "TAS",
        "price": "400",
        "price_per_unit": "4000",
        "price_unit": "KG"
      },
      {
        "state": "ACT",
        "price": "400",
        "price_per_unit": "4000",
        "price_unit": "KG"
      }
    ]
  },
  {
    "source_url": "https://www.woolworths.com.au/shop/productdetails/176823/d-orsogna-turkey-thinly-sliced",
    "name": "D'Orsogna Turkey Thinly Sliced 60g x4 Pack",
    "image_url": "https://cdn1.woolworths.media/content/wowproductimages/large/176823.jpg",
    "source_id": "Woolworths - 176823",
    "barcode": "9300767081948",
    "shop": "Woolworths",
    "weight": "1KG",
    "prices": [
      {
        "state": "QLD",
        "price": "880",
        "price_per_unit": "3667",
        "price_unit": "KG"
      },
      {
        "state": "SA",
        "price": "880",
        "price_per_unit": "3667",
        "price_unit": "KG"
      },
      {
        "state": "ACT",
        "price": "880",
        "price_per_unit": "3667",
        "price_unit": "KG"
      }
    ]
  },
  {
    "source_url": "https://www.woolworths.com.au/shop/productdetails/390984/don-pepperoni-sliced-from-the-deli",
    "name": "Don Pepperoni Sliced From The Deli Per Kg",
    "image_url": "https://cdn1.woolworths.media/content/wowproductimages/large/390984.jpg",
    "source_id": "Woolworths - 390984",
    "barcode": "0272313000002",
    "shop": "Woolworths",
    "weight": "1KG",
    "prices": [
      {
        "state": "QLD",
        "price": "3400",
        "price_per_unit": "3400",
        "price_unit": "KG"
      },
      {
        "state": "SA",
        "price": "3400",
        "price_per_unit": "3400",
        "price_unit": "KG"
      },
      {
        "state": "TAS",
        "price": "3400",
        "price_per_unit": "3400",
        "price_unit": "KG"
      },
      {
        "state": "ACT",
        "price": "3400",
        "price_per_unit": "3400",
        "price_unit": "KG"
      },
      {
        "state": "NT",
        "price": "3400",
        "price_per_unit": "3400",
        "price_unit": "KG"
      }
    ]
  },
  {
    "source_url": "https://www.woolworths.com.au/shop/productdetails/544855/hans-strassburg",
    "name": "Hans Strassburg 375g",
    "image_url": "https://cdn1.woolworths.media/content/wowproductimages/large/544855.jpg",
    "source_id": "Woolworths - 544855",
    "barcode": "9310568186490",
    "shop": "Woolworths",
    "weight": "1KG",
    "prices": [
      {
        "state": "QLD",
        "price": "500",
        "price_per_unit": "1333",
        "price_unit": "KG"
      }
    ]
  },
  {
    "source_url": "https://www.woolworths.com.au/shop/productdetails/127766/mayfair-knob-devon",
    "name": "Mayfair Knob Devon 1kg",
    "image_url": "https://cdn1.woolworths.media/content/wowproductimages/large/127766.jpg",
    "source_id": "Woolworths - 127766",
    "barcode": "9311594069184",
    "shop": "Woolworths",
    "weight": "1KG",
    "prices": [
      {
        "state": "QLD",
        "price": "500",
        "price_per_unit": "500",
        "price_unit": "KG"
      },
      {
        "state": "TAS",
        "price": "500",
        "price_per_unit": "500",
        "price_unit": "KG"
      }
    ]
  },
  {
    "source_url": "https://www.woolworths.com.au/shop/productdetails/390748/primo-cabanossi-bites-bite-size",
    "name": "Primo Cabanossi Bites 200g",
    "image_url": "https://cdn1.woolworths.media/content/wowproductimages/large/390748.jpg",
    "source_id": "Woolworths - 390748",
    "barcode": "9311594046444",
    "shop": "Woolworths",
    "weight": "1KG",
    "prices": [
      {
        "state": "QLD",
        "price": "500",
        "price_per_unit": "2500",
        "price_unit": "KG"
      }
    ]
  },
  {
    "source_url": "https://www.woolworths.com.au/shop/productdetails/247966/primo-chicken-breast-sliced-salt-reduced",
    "name": "Primo Chicken Breast Sliced Salt Reduced 80g",
    "image_url": "https://cdn1.woolworths.media/content/wowproductimages/large/247966.jpg",
    "source_id": "Woolworths - 247966",
    "barcode": "9311594016881",
    "shop": "Woolworths",
    "weight": "1KG",
    "prices": [
      {
        "state": "QLD",
        "price": "395",
        "price_per_unit": "4938",
        "price_unit": "KG"
      },
      {
        "state": "SA",
        "price": "395",
        "price_per_unit": "4938",
        "price_unit": "KG"
      },
      {
        "state": "TAS",
        "price": "395",
        "price_per_unit": "4938",
        "price_unit": "KG"
      }
    ]
  },
  {
    "source_url": "https://www.woolworths.com.au/shop/productdetails/25260/primo-danish-salami-mild-shaved-from-the-deli",
    "name": "Primo Danish Salami Mild Shaved From The Deli Per Kg",
    "image_url": "https://cdn1.woolworths.media/content/wowproductimages/large/025260.jpg",
    "source_id": "Woolworths - 25260",
    "barcode": "0270061000008",
    "shop": "Woolworths",
    "weight": "1KG",
    "prices": [
      {
        "state": "QLD",
        "price": "3700",
        "price_per_unit": "3700",
        "price_unit": "KG"
      },
      {
        "state": "ACT",
        "price": "3700",
        "price_per_unit": "3700",
        "price_unit": "KG"
      }
    ]
  },
  {
    "source_url": "https://www.woolworths.com.au/shop/productdetails/312270/primo-danish-salami-mild-sliced-from-the-deli",
    "name": "Primo Danish Salami Mild Sliced From The Deli Per Kg",
    "image_url": "https://cdn1.woolworths.media/content/wowproductimages/large/312270.jpg",
    "source_id": "Woolworths - 312270",
    "barcode": "0270052000000",
    "shop": "Woolworths",
    "weight": "1KG",
    "prices": [
      {
        "state": "QLD",
        "price": "3700",
        "price_per_unit": "3700",
        "price_unit": "KG"
      },
      {
        "state": "ACT",
        "price": "3700",
        "price_per_unit": "3700",
        "price_unit": "KG"
      }
    ]
  },
  {
    "source_url": "https://www.woolworths.com.au/shop/productdetails/248933/primo-mild-salami-sliced-salt-reduced",
    "name": "Primo Mild Salami Sliced Salt Reduced 80g",
    "image_url": "https://cdn1.woolworths.media/content/wowproductimages/large/248933.jpg",
    "source_id": "Woolworths - 248933",
    "barcode": "9311594016560",
    "shop": "Woolworths",
    "weight": "1KG",
    "prices": [
      {
        "state": "QLD",
        "price": "395",
        "price_per_unit": "4938",
        "price_unit": "KG"
      },
      {
        "state": "SA",
        "price": "395",
        "price_per_unit": "4938",
        "price_unit": "KG"
      },
      {
        "state": "TAS",
        "price": "395",
        "price_per_unit": "4938",
        "price_unit": "KG"
      },
      {
        "state": "ACT",
        "price": "395",
        "price_per_unit": "4938",
        "price_unit": "KG"
      }
    ]
  },
  {
    "source_url": "https://www.woolworths.com.au/shop/productdetails/913844/primo-reserve-tomato-herb-chicken-schnitzel",
    "name": "Primo Reserve Tomato & Herb Chicken Schnitzel 130g",
    "image_url": "https://cdn1.woolworths.media/content/wowproductimages/large/913844.jpg",
    "source_id": "Woolworths - 913844",
    "barcode": "9311594016089",
    "shop": "Woolworths",
    "weight": "1KG",
    "prices": [
      {
        "state": "QLD",
        "price": "600",
        "price_per_unit": "4615",
        "price_unit": "KG"
      },
      {
        "state": "SA",
        "price": "600",
        "price_per_unit": "4615",
        "price_unit": "KG"
      },
      {
        "state": "TAS",
        "price": "600",
        "price_per_unit": "4615",
        "price_unit": "KG"
      },
      {
        "state": "ACT",
        "price": "600",
        "price_per_unit": "4615",
        "price_unit": "KG"
      }
    ]
  },
  {
    "source_url": "https://www.woolworths.com.au/shop/productdetails/389221/riverland-chicken-slices",
    "name": "Riverland Chicken Slices 4 Pack",
    "image_url": "https://cdn1.woolworths.media/content/wowproductimages/large/389221.jpg",
    "source_id": "Woolworths - 389221",
    "barcode": "9300767082464",
    "shop": "Woolworths",
    "weight": "1KG",
    "prices": [
      {
        "state": "QLD",
        "price": "930",
        "price_per_unit": "2325",
        "price_unit": "KG"
      },
      {
        "state": "SA",
        "price": "930",
        "price_per_unit": "2325",
        "price_unit": "KG"
      },
      {
        "state": "TAS",
        "price": "930",
        "price_per_unit": "2325",
        "price_unit": "KG"
      }
    ]
  },
  {
    "source_url": "https://www.woolworths.com.au/shop/productdetails/432723/woolworths-chorizo-salami",
    "name": "Woolworths Chorizo Salami 200g",
    "image_url": "https://cdn1.woolworths.media/content/wowproductimages/large/432723.jpg",
    "source_id": "Woolworths - 432723",
    "barcode": "9339687360840",
    "shop": "Woolworths",
    "weight": "1KG",
    "prices": [
      {
        "state": "QLD",
        "price": "750",
        "price_per_unit": "3750",
        "price_unit": "KG"
      },
      {
        "state": "SA",
        "price": "750",
        "price_per_unit": "3750",
        "price_unit": "KG"
      },
      {
        "state": "TAS",
        "price": "750",
        "price_per_unit": "3750",
        "price_unit": "KG"
      },
      {
        "state": "ACT",
        "price": "750",
        "price_per_unit": "3750",
        "price_unit": "KG"
      }
    ]
  },
  {
    "source_url": "https://www.woolworths.com.au/shop/productdetails/262323/d-orsogna-bacon-short-cut-rindless",
    "name": "D'Orsogna Bacon Short Cut Rindless 750g",
    "image_url": "https://cdn1.woolworths.media/content/wowproductimages/large/262323.jpg",
    "source_id": "Woolworths - 262323",
    "barcode": "9300767098793",
    "shop": "Woolworths",
    "weight": "1KG",
    "prices": [
      {
        "state": "WA",
        "price": "1680",
        "price_per_unit": "2240",
        "price_unit": "KG"
      }
    ]
  },
  {
    "source_url": "https://www.woolworths.com.au/shop/productdetails/21581/d-orsogna-cabanossi",
    "name": "D'Orsogna Cabanossi 175g",
    "image_url": "https://cdn1.woolworths.media/content/wowproductimages/large/021581.jpg",
    "source_id": "Woolworths - 21581",
    "barcode": "9300767002295",
    "shop": "Woolworths",
    "weight": "1KG",
    "prices": [
      {
        "state": "WA",
        "price": "400",
        "price_per_unit": "2286",
        "price_unit": "KG"
      },
      {
        "state": "WA",
        "price": "400",
        "price_per_unit": "2286",
        "price_unit": "KG"
      }
    ]
  },
  {
    "source_url": "https://www.woolworths.com.au/shop/productdetails/211233/d-orsogna-family-classic-ham-leg-shaved-97-fat-free",
    "name": "D'Orsogna Family Classic Ham Leg Shaved 97% Fat Free 100g",
    "image_url": "https://cdn1.woolworths.media/content/wowproductimages/large/211233.jpg",
    "source_id": "Woolworths - 211233",
    "barcode": "9300767095150",
    "shop": "Woolworths",
    "weight": "1KG",
    "prices": [
      {
        "state": "WA",
        "price": "400",
        "price_per_unit": "4000",
        "price_unit": "KG"
      }
    ]
  },
  {
    "source_url": "https://www.woolworths.com.au/shop/productdetails/211237/d-orsogna-family-classic-ham-old-english-97-ff-shaved",
    "name": "D'Orsogna Family Classic Ham Old English 97% Ff Shaved 100g",
    "image_url": "https://cdn1.woolworths.media/content/wowproductimages/large/211237.jpg",
    "source_id": "Woolworths - 211237",
    "barcode": "9300767095167",
    "shop": "Woolworths",
    "weight": "1KG",
    "prices": [
      {
        "state": "WA",
        "price": "400",
        "price_per_unit": "4000",
        "price_unit": "KG"
      }
    ]
  },
  {
    "source_url": "https://www.woolworths.com.au/shop/productdetails/110728/d-orsogna-half-ham-leg-ham",
    "name": "D'Orsogna Half Ham Leg 3.2 - 5.2kg",
    "image_url": "https://cdn1.woolworths.media/content/wowproductimages/large/110728.jpg",
    "source_id": "Woolworths - 110728",
    "barcode": "0271275000006",
    "shop": "Woolworths",
    "weight": "1KG",
    "prices": [
      {
        "state": "WA",
        "price": "7020",
        "price_per_unit": "1350",
        "price_unit": "KG"
      }
    ]
  },
  {
    "source_url": "https://www.woolworths.com.au/shop/productdetails/48586/d-orsogna-hungarian-salami-hot-shaved-from-the-deli",
    "name": "D'Orsogna Hungarian Salami Hot Shaved From The Deli Per Kg",
    "image_url": "https://cdn1.woolworths.media/content/wowproductimages/large/048586.jpg",
    "source_id": "Woolworths - 48586",
    "barcode": "0271293000002",
    "shop": "Woolworths",
    "weight": "1KG",
    "prices": [
      {
        "state": "WA",
        "price": "3600",
        "price_per_unit": "3600",
        "price_unit": "KG"
      }
    ]
  },
  {
    "source_url": "https://www.woolworths.com.au/shop/productdetails/312277/d-orsogna-hungarian-salami-hot-sliced-from-the-deli",
    "name": "D'Orsogna Hungarian Salami Hot Sliced From The Deli Per Kg",
    "image_url": "https://cdn1.woolworths.media/content/wowproductimages/large/312277.jpg",
    "source_id": "Woolworths - 312277",
    "barcode": "0270280000001",
    "shop": "Woolworths",
    "weight": "1KG",
    "prices": [
      {
        "state": "WA",
        "price": "3600",
        "price_per_unit": "3600",
        "price_unit": "KG"
      }
    ]
  },
  {
    "source_url": "https://www.woolworths.com.au/shop/productdetails/48784/d-orsogna-hungarian-salami-mild-shaved-from-the-deli",
    "name": "D'Orsogna Hungarian Salami Mild Shaved From The Deli Per Kg",
    "image_url": "https://cdn1.woolworths.media/content/wowproductimages/large/048784.jpg",
    "source_id": "Woolworths - 48784",
    "barcode": "0271291000004",
    "shop": "Woolworths",
    "weight": "1KG",
    "prices": [
      {
        "state": "WA",
        "price": "3600",
        "price_per_unit": "3600",
        "price_unit": "KG"
      }
    ]
  },
  {
    "source_url": "https://www.woolworths.com.au/shop/productdetails/312274/d-orsogna-hungarian-salami-mild-sliced-from-the-deli",
    "name": "D'Orsogna Hungarian Salami Mild Sliced From The Deli Per Kg",
    "image_url": "https://cdn1.woolworths.media/content/wowproductimages/large/312274.jpg",
    "source_id": "Woolworths - 312274",
    "barcode": "0270228000001",
    "shop": "Woolworths",
    "weight": "1KG",
    "prices": [
      {
        "state": "WA",
        "price": "3600",
        "price_per_unit": "3600",
        "price_unit": "KG"
      }
    ]
  },
  {
    "source_url": "https://www.woolworths.com.au/shop/productdetails/913122/d-orsogna-middle-bacon",
    "name": "D'Orsogna Middle Bacon 750g",
    "image_url": "https://cdn1.woolworths.media/content/wowproductimages/large/913122.jpg",
    "source_id": "Woolworths - 913122",
    "barcode": "9300767082853",
    "shop": "Woolworths",
    "weight": "1KG",
    "prices": [
      {
        "state": "WA",
        "price": "1680",
        "price_per_unit": "2240",
        "price_unit": "KG"
      }
    ]
  },
  {
    "source_url": "https://www.woolworths.com.au/shop/productdetails/789501/d-orsogna-mild-cacciatora-cacciatora-mild",
    "name": "D'Orsogna Mild Cacciatora Cacciatora Mild 200g - 250g",
    "image_url": "https://cdn1.woolworths.media/content/wowproductimages/large/789501.jpg",
    "source_id": "Woolworths - 789501",
    "barcode": "0274880000003",
    "shop": "Woolworths",
    "weight": "1KG",
    "prices": [
      {
        "state": "WA",
        "price": "875",
        "price_per_unit": "3500",
        "price_unit": "KG"
      }
    ]
  },
  {
    "source_url": "https://www.woolworths.com.au/shop/productdetails/48451/d-orsogna-polony-sliced",
    "name": "D'Orsogna Polony Sliced PER KG",
    "image_url": "https://cdn1.woolworths.media/content/wowproductimages/large/048451.jpg",
    "source_id": "Woolworths - 48451",
    "barcode": "0270525000001",
    "shop": "Woolworths",
    "weight": "1KG",
    "prices": [
      {
        "state": "WA",
        "price": "1075",
        "price_per_unit": "1075",
        "price_unit": "KG"
      }
    ]
  },
  {
    "source_url": "https://www.woolworths.com.au/shop/productdetails/73258/d-orsogna-salami-cacciatora-hot",
    "name": "D'Orsogna Salami Cacciatora Hot 200g - 250g",
    "image_url": "https://cdn1.woolworths.media/content/wowproductimages/large/073258.jpg",
    "source_id": "Woolworths - 73258",
    "barcode": "2858130000005",
    "shop": "Woolworths",
    "weight": "1KG",
    "prices": [
      {
        "state": "WA",
        "price": "875",
        "price_per_unit": "3500",
        "price_unit": "KG"
      }
    ]
  },
  {
    "source_url": "https://www.woolworths.com.au/shop/productdetails/73277/d-orsogna-salami-cacciatora-mild",
    "name": "D'Orsogna Salami Cacciatora Mild 200g - 250g",
    "image_url": "https://cdn1.woolworths.media/content/wowproductimages/large/073277.jpg",
    "source_id": "Woolworths - 73277",
    "barcode": "2858120000008",
    "shop": "Woolworths",
    "weight": "1KG",
    "prices": [
      {
        "state": "WA",
        "price": "875",
        "price_per_unit": "3500",
        "price_unit": "KG"
      }
    ]
  },
  {
    "source_url": "https://www.woolworths.com.au/shop/productdetails/345421/d-orsogna-salami-romano",
    "name": "D'Orsogna Salami Romano 200g",
    "image_url": "https://cdn1.woolworths.media/content/wowproductimages/large/345421.jpg",
    "source_id": "Woolworths - 345421",
    "barcode": "9300767092487",
    "shop": "Woolworths",
    "weight": "1KG",
    "prices": [
      {
        "state": "WA",
        "price": "690",
        "price_per_unit": "3450",
        "price_unit": "KG"
      }
    ]
  },
  {
    "source_url": "https://www.woolworths.com.au/shop/productdetails/247870/the-british-sausage-co-smoked-ham",
    "name": "The British Sausage Co Smoked Ham 120g",
    "image_url": "https://cdn1.woolworths.media/content/wowproductimages/large/247870.jpg",
    "source_id": "Woolworths - 247870",
    "barcode": "9321941006632",
    "shop": "Woolworths",
    "weight": "1KG",
    "prices": [
      {
        "state": "WA",
        "price": "450",
        "price_per_unit": "3750",
        "price_unit": "KG"
      }
    ]
  },
  {
    "source_url": "https://www.woolworths.com.au/shop/productdetails/249074/the-british-sausage-co-unsmoked-wiltshire-style-leg-ham",
    "name": "The British Sausage Co Unsmoked Wiltshire Style Leg Ham 120g",
    "image_url": "https://cdn1.woolworths.media/content/wowproductimages/large/249074.jpg",
    "source_id": "Woolworths - 249074",
    "barcode": "9321941006649",
    "shop": "Woolworths",
    "weight": "1KG",
    "prices": [
      {
        "state": "WA",
        "price": "450",
        "price_per_unit": "3750",
        "price_unit": "KG"
      }
    ]
  },
  {
    "source_url": "https://www.woolworths.com.au/shop/productdetails/45488/watsonia-polony-roll",
    "name": "Watsonia Polony Roll 500g",
    "image_url": "https://cdn1.woolworths.media/content/wowproductimages/large/045488.jpg",
    "source_id": "Woolworths - 45488",
    "barcode": "9300688000349",
    "shop": "Woolworths",
    "weight": "1KG",
    "prices": [
      {
        "state": "WA",
        "price": "710",
        "price_per_unit": "1420",
        "price_unit": "KG"
      }
    ]
  },
  {
    "source_url": "https://www.woolworths.com.au/shop/productdetails/23856/barossa-fine-foods-butchers-style-ham",
    "name": "Barossa Fine Foods Butchers Style Ham per kg",
    "image_url": "https://cdn1.woolworths.media/content/wowproductimages/large/023856.jpg",
    "source_id": "Woolworths - 23856",
    "barcode": "0274976000009",
    "shop": "Woolworths",
    "weight": "1KG",
    "prices": [
      {
        "state": "SA",
        "price": "3000",
        "price_per_unit": "3000",
        "price_unit": "KG"
      }
    ]
  },
  {
    "source_url": "https://www.woolworths.com.au/shop/productdetails/29185/chapmans-fritz-roll-beef",
    "name": "Chapmans Fritz Roll Beef 500g",
    "image_url": "https://cdn1.woolworths.media/content/wowproductimages/large/029185.jpg",
    "source_id": "Woolworths - 29185",
    "barcode": "9310248004229",
    "shop": "Woolworths",
    "weight": "1KG",
    "prices": [
      {
        "state": "SA",
        "price": "600",
        "price_per_unit": "1200",
        "price_unit": "KG"
      }
    ]
  },
  {
    "source_url": "https://www.woolworths.com.au/shop/productdetails/28996/chapmans-kabanos",
    "name": "Chapmans Kabanos 250G",
    "image_url": "https://cdn1.woolworths.media/content/wowproductimages/large/028996.jpg",
    "source_id": "Woolworths - 28996",
    "barcode": "9310248005509",
    "shop": "Woolworths",
    "weight": "1KG",
    "prices": [
      {
        "state": "SA",
        "price": "470",
        "price_per_unit": "1880",
        "price_unit": "KG"
      }
    ]
  },
  {
    "source_url": "https://www.woolworths.com.au/shop/productdetails/29920/jacobs-fritz-roll",
    "name": "Jacobs Fritz Roll 1kg",
    "image_url": "https://cdn1.woolworths.media/content/wowproductimages/large/029920.jpg",
    "source_id": "Woolworths - 29920",
    "barcode": "9310207702142",
    "shop": "Woolworths",
    "weight": "1KG",
    "prices": [
      {
        "state": "SA",
        "price": "790",
        "price_per_unit": "790",
        "price_unit": "KG"
      },
      {
        "state": "NT",
        "price": "790",
        "price_per_unit": "790",
        "price_unit": "KG"
      }
    ]
  },
  {
    "source_url": "https://www.woolworths.com.au/shop/productdetails/90980/kalleske-pepperoni-tanunda",
    "name": "Kalleske Pepperoni Tanunda 125g",
    "image_url": "https://cdn1.woolworths.media/content/wowproductimages/large/090980.jpg",
    "source_id": "Woolworths - 90980",
    "barcode": "9316132000308",
    "shop": "Woolworths",
    "weight": "1KG",
    "prices": [
      {
        "state": "SA",
        "price": "480",
        "price_per_unit": "3840",
        "price_unit": "KG"
      },
      {
        "state": "NT",
        "price": "480",
        "price_per_unit": "3840",
        "price_unit": "KG"
      }
    ]
  },
  {
    "source_url": "https://www.woolworths.com.au/shop/productdetails/127640/mayfair-knob-fritz",
    "name": "Mayfair Knob Fritz 1kg",
    "image_url": "https://cdn1.woolworths.media/content/wowproductimages/large/127640.jpg",
    "source_id": "Woolworths - 127640",
    "barcode": "9311594069207",
    "shop": "Woolworths",
    "weight": "1KG",
    "prices": [
      {
        "state": "SA",
        "price": "500",
        "price_per_unit": "500",
        "price_unit": "KG"
      }
    ]
  },
  {
    "source_url": "https://www.woolworths.com.au/shop/productdetails/9362/miguel-maestre-free-range-flat-pancetta",
    "name": "Miguel Maestre Free Range Flat Pancetta 80g",
    "image_url": "https://cdn1.woolworths.media/content/wowproductimages/large/009362.jpg",
    "source_id": "Woolworths - 9362",
    "barcode": "9350566000541",
    "shop": "Woolworths",
    "weight": "1KG",
    "prices": [
      null
    ]
  },
  {
    "source_url": "https://www.woolworths.com.au/shop/productdetails/750528/skara-wood-smoked-flat-pancetta",
    "name": "Skara Wood Smoked Flat Pancetta 100g",
    "image_url": "https://cdn1.woolworths.media/content/wowproductimages/large/750528.jpg",
    "source_id": "Woolworths - 750528",
    "barcode": "9342874000092",
    "shop": "Woolworths",
    "weight": "1KG",
    "prices": [
      {
        "state": "SA",
        "price": "800",
        "price_per_unit": "8000",
        "price_unit": "KG"
      },
      {
        "state": "NT",
        "price": "800",
        "price_per_unit": "8000",
        "price_unit": "KG"
      }
    ]
  },
  {
    "source_url": "https://www.woolworths.com.au/shop/productdetails/750517/skara-wood-smoked-mediterranean-prosciutto",
    "name": "Skara Wood Smoked Mediterranean Prosciutto 100g",
    "image_url": "https://cdn1.woolworths.media/content/wowproductimages/large/750517.jpg",
    "source_id": "Woolworths - 750517",
    "barcode": "9342874000184",
    "shop": "Woolworths",
    "weight": "1KG",
    "prices": [
      {
        "state": "SA",
        "price": "800",
        "price_per_unit": "8000",
        "price_unit": "KG"
      },
      {
        "state": "NT",
        "price": "800",
        "price_per_unit": "8000",
        "price_unit": "KG"
      }
    ]
  },
  {
    "source_url": "https://www.woolworths.com.au/shop/productdetails/344551/woolworths-deli-express-ham-leg-premium",
    "name": "Woolworths Deli Express Ham Leg Premium Per Kg",
    "image_url": "https://cdn1.woolworths.media/content/wowproductimages/large/344551.jpg",
    "source_id": "Woolworths - 344551",
    "barcode": "0271310000008",
    "shop": "Woolworths",
    "weight": "1KG",
    "prices": []
  },
  {
    "source_url": "https://www.woolworths.com.au/shop/productdetails/344568/woolworths-deli-express-prosciutto",
    "name": "Woolworths Deli Express Prosciutto Per Kg",
    "image_url": "https://cdn1.woolworths.media/content/wowproductimages/large/344568.jpg",
    "source_id": "Woolworths - 344568",
    "barcode": "0271437000004",
    "shop": "Woolworths",
    "weight": "1KG",
    "prices": []
  },
  {
    "source_url": "https://www.woolworths.com.au/shop/productdetails/334982/hans-pork-ham-steaks",
    "name": "Hans Pork Ham Steaks 300g",
    "image_url": "https://cdn1.woolworths.media/content/wowproductimages/large/334982.jpg",
    "source_id": "Woolworths - 334982",
    "barcode": "9310568703284",
    "shop": "Woolworths",
    "weight": "1KG",
    "prices": [
      {
        "state": "TAS",
        "price": "470",
        "price_per_unit": "1567",
        "price_unit": "KG"
      }
    ]
  },
  {
    "source_url": "https://www.woolworths.com.au/shop/productdetails/346463/bertocchi-double-smoked-ham-off-the-bone-freshly-sliced-from-the-deli",
    "name": "Bertocchi Double Smoked Ham Off The Bone Freshly Sliced From The Deli Per Kg",
    "image_url": "https://cdn1.woolworths.media/content/wowproductimages/large/346463.jpg",
    "source_id": "Woolworths - 346463",
    "barcode": "0271486000000",
    "shop": "Woolworths",
    "weight": "1KG",
    "prices": []
  },
  {
    "source_url": "https://www.woolworths.com.au/shop/productdetails/777362/k-r-castlemaine-hungarian-salami-mild-sliced-from-the-deli",
    "name": "K R Castlemaine Hungarian Salami Mild Sliced From The Deli Per Kg",
    "image_url": "https://cdn1.woolworths.media/content/wowproductimages/large/777362.jpg",
    "source_id": "Woolworths - 777362",
    "barcode": "0272611000001",
    "shop": "Woolworths",
    "weight": "1KG",
    "prices": [
      null
    ]
  },
  {
    "source_url": "https://www.woolworths.com.au/shop/productdetails/179837/miguel-maestre-australian-free-range-spicy-pork-belly-salami",
    "name": "Miguel Maestre Australian Free Range Spicy Pork Belly Salami 80g",
    "image_url": "https://cdn1.woolworths.media/content/wowproductimages/large/179837.jpg",
    "source_id": "Woolworths - 179837",
    "barcode": "9350566000930",
    "shop": "Woolworths",
    "weight": "1KG",
    "prices": [
      {
        "state": "ACT",
        "price": "1000",
        "price_per_unit": "12500",
        "price_unit": "KG"
      },
      {
        "state": "NT",
        "price": "1000",
        "price_per_unit": "12500",
        "price_unit": "KG"
      }
    ]
  },
  {
    "source_url": "https://www.woolworths.com.au/shop/productdetails/804064/miguel-maestre-free-range-coppa",
    "name": "Miguel Maestre Free Range Coppa 80g",
    "image_url": "https://cdn1.woolworths.media/content/wowproductimages/large/804064.jpg",
    "source_id": "Woolworths - 804064",
    "barcode": "9350566000503",
    "shop": "Woolworths",
    "weight": "1KG",
    "prices": [
      {
        "state": "ACT",
        "price": "1000",
        "price_per_unit": "12500",
        "price_unit": "KG"
      }
    ]
  },
  {
    "source_url": "https://www.woolworths.com.au/shop/productdetails/440257/skara-croatian-salami",
    "name": "Skara Croatian Salami 100g",
    "image_url": "https://cdn1.woolworths.media/content/wowproductimages/large/440257.jpg",
    "source_id": "Woolworths - 440257",
    "barcode": "9342874000511",
    "shop": "Woolworths",
    "weight": "1KG",
    "prices": [
      {
        "state": "NT",
        "price": "750",
        "price_per_unit": "7500",
        "price_unit": "KG"
      }
    ]
  },
  {
    "source_url": "https://www.woolworths.com.au/shop/productdetails/440259/skara-hungarian-salami",
    "name": "Skara Hungarian Salami 100g",
    "image_url": "https://cdn1.woolworths.media/content/wowproductimages/large/440259.jpg",
    "source_id": "Woolworths - 440259",
    "barcode": "9342874000207",
    "shop": "Woolworths",
    "weight": "1KG",
    "prices": [
      {
        "state": "NT",
        "price": "750",
        "price_per_unit": "7500",
        "price_unit": "KG"
      }
    ]
  },
  {
    "source_url": "https://www.woolworths.com.au/shop/productdetails/216178/skara-smokehouse-leg-ham",
    "name": "Skara Smokehouse Leg Ham 100g",
    "image_url": "https://cdn1.woolworths.media/content/wowproductimages/large/216178.jpg",
    "source_id": "Woolworths - 216178",
    "barcode": "9342874006520",
    "shop": "Woolworths",
    "weight": "1KG",
    "prices": [
      {
        "state": "NT",
        "price": "600",
        "price_per_unit": "6000",
        "price_unit": "KG"
      }
    ]
  },
  {
    "source_url": "https://www.woolworths.com.au/shop/productdetails/84690/wintulichs-salami-pepperoni",
    "name": "Wintulichs Salami Pepperoni 375G",
    "image_url": "https://cdn1.woolworths.media/content/wowproductimages/large/084690.jpg",
    "source_id": "Woolworths - 84690",
    "barcode": "9311007010840",
    "shop": "Woolworths",
    "weight": "1KG",
    "prices": [
      {
        "state": "NT",
        "price": "1250",
        "price_per_unit": "3333",
        "price_unit": "KG"
      }
    ]
  }
]