[
  {
    "source_url": "https://www.woolworths.com.au/shop/productdetails/524913/classic-cauliflower-cheese-bake-family-meal",
    "name": "Classic Cauliflower Cheese Bake Family Meal 800g",
    "image_url": "https://cdn1.woolworths.media/content/wowproductimages/large/524913.jpg",
    "source_id": "Woolworths - 524913",
    "barcode": "781005646232",
    "shop": "Woolworths",
    "weight": "100G",
    "prices": [
      {
        "state": "NSW",
        "price": "1200",
        "price_per_unit": "150",
        "price_unit": "G"
      },
      {
        "state": "VIC",
        "price": "1200",
        "price_per_unit": "150",
        "price_unit": "G"
      },
      {
        "state": "QLD",
        "price": "1200",
        "price_per_unit": "150",
        "price_unit": "G"
      },
      {
        "state": "WA",
        "price": "1200",
        "price_per_unit": "150",
        "price_unit": "G"
      },
      {
        "state": "NSW",
        "price": "1200",
        "price_per_unit": "150",
        "price_unit": "G"
      },
      {
        "state": "NSW",
        "price": "1200",
        "price_per_unit": "150",
        "price_unit": "G"
      },
      {
        "state": "QLD",
        "price": "1200",
        "price_per_unit": "150",
        "price_unit": "G"
      },
      {
        "state": "QLD",
        "price": "1200",
        "price_per_unit": "150",
        "price_unit": "G"
      },
      {
        "state": "ACT",
        "price": "1200",
        "price_per_unit": "150",
        "price_unit": "G"
      },
      {
        "state": "ACT",
        "price": "1200",
        "price_per_unit": "150",
        "price_unit": "G"
      }
    ]
  },
  {
    "source_url": "https://www.woolworths.com.au/shop/productdetails/521127/sweet-potato-cauliflower-cheese-family-meal",
    "name": "Sweet Potato & Cauliflower Cheese Family Meal 800g",
    "image_url": "https://cdn1.woolworths.media/content/wowproductimages/large/521127.jpg",
    "source_id": "Woolworths - 521127",
    "barcode": "781005646270",
    "shop": "Woolworths",
    "weight": "100G",
    "prices": [
      {
        "state": "NSW",
        "price": "1200",
        "price_per_unit": "150",
        "price_unit": "G"
      },
      {
        "state": "NSW",
        "price": "1200",
        "price_per_unit": "150",
        "price_unit": "G"
      },
      {
        "state": "NSW",
        "price": "1200",
        "price_per_unit": "150",
        "price_unit": "G"
      }
    ]
  },
  {
    "source_url": "https://www.woolworths.com.au/shop/productdetails/828744/woolworths-classic-potato-mash",
    "name": "Woolworths Classic Potato Mash 475g",
    "image_url": "https://cdn1.woolworths.media/content/wowproductimages/large/828744.jpg",
    "source_id": "Woolworths - 828744",
    "barcode": "9300633716882",
    "shop": "Woolworths",
    "weight": "100G",
    "prices": [
      {
        "state": "NSW",
        "price": "700",
        "price_per_unit": "147",
        "price_unit": "G"
      },
      {
        "state": "VIC",
        "price": "700",
        "price_per_unit": "147",
        "price_unit": "G"
      },
      {
        "state": "QLD",
        "price": "700",
        "price_per_unit": "147",
        "price_unit": "G"
      },
      {
        "state": "WA",
        "price": "700",
        "price_per_unit": "147",
        "price_unit": "G"
      },
      {
        "state": "SA",
        "price": "700",
        "price_per_unit": "147",
        "price_unit": "G"
      },
      {
        "state": "TAS",
        "price": "700",
        "price_per_unit": "147",
        "price_unit": "G"
      },
      {
        "state": "ACT",
        "price": "700",
        "price_per_unit": "147",
        "price_unit": "G"
      },
      {
        "state": "NT",
        "price": "700",
        "price_per_unit": "147",
        "price_unit": "G"
      },
      {
        "state": "NSW",
        "price": "700",
        "price_per_unit": "147",
        "price_unit": "G"
      },
      {
        "state": "NSW",
        "price": "700",
        "price_per_unit": "147",
        "price_unit": "G"
      },
      {
        "state": "VIC",
        "price": "700",
        "price_per_unit": "147",
        "price_unit": "G"
      },
      {
        "state": "VIC",
        "price": "700",
        "price_per_unit": "147",
        "price_unit": "G"
      },
      {
        "state": "QLD",
        "price": "700",
        "price_per_unit": "147",
        "price_unit": "G"
      },
      {
        "state": "QLD",
        "price": "700",
        "price_per_unit": "147",
        "price_unit": "G"
      },
      {
        "state": "WA",
        "price": "700",
        "price_per_unit": "147",
        "price_unit": "G"
      },
      {
        "state": "WA",
        "price": "700",
        "price_per_unit": "147",
        "price_unit": "G"
      },
      {
        "state": "SA",
        "price": "700",
        "price_per_unit": "147",
        "price_unit": "G"
      },
      {
        "state": "SA",
        "price": "700",
        "price_per_unit": "147",
        "price_unit": "G"
      },
      {
        "state": "TAS",
        "price": "700",
        "price_per_unit": "147",
        "price_unit": "G"
      },
      {
        "state": "TAS",
        "price": "700",
        "price_per_unit": "147",
        "price_unit": "G"
      },
      {
        "state": "ACT",
        "price": "700",
        "price_per_unit": "147",
        "price_unit": "G"
      },
      {
        "state": "ACT",
        "price": "700",
        "price_per_unit": "147",
        "price_unit": "G"
      },
      {
        "state": "NT",
        "price": "700",
        "price_per_unit": "147",
        "price_unit": "G"
      },
      {
        "state": "NT",
        "price": "700",
        "price_per_unit": "147",
        "price_unit": "G"
      }
    ]
  },
  {
    "source_url": "https://www.woolworths.com.au/shop/productdetails/828746/woolworths-roasted-garlic-mash-null",
    "name": "Woolworths Roasted Garlic Mash 475g",
    "image_url": "https://cdn1.woolworths.media/content/wowproductimages/large/828746.jpg",
    "source_id": "Woolworths - 828746",
    "barcode": "9300633716905",
    "shop": "Woolworths",
    "weight": "100G",
    "prices": [
      {
        "state": "NSW",
        "price": "700",
        "price_per_unit": "147",
        "price_unit": "G"
      },
      {
        "state": "VIC",
        "price": "700",
        "price_per_unit": "147",
        "price_unit": "G"
      },
      {
        "state": "QLD",
        "price": "700",
        "price_per_unit": "147",
        "price_unit": "G"
      },
      {
        "state": "WA",
        "price": "700",
        "price_per_unit": "147",
        "price_unit": "G"
      },
      {
        "state": "SA",
        "price": "700",
        "price_per_unit": "147",
        "price_unit": "G"
      },
      {
        "state": "TAS",
        "price": "700",
        "price_per_unit": "147",
        "price_unit": "G"
      },
      {
        "state": "ACT",
        "price": "700",
        "price_per_unit": "147",
        "price_unit": "G"
      },
      {
        "state": "NT",
        "price": "700",
        "price_per_unit": "147",
        "price_unit": "G"
      },
      {
        "state": "NSW",
        "price": "700",
        "price_per_unit": "147",
        "price_unit": "G"
      },
      {
        "state": "NSW",
        "price": "700",
        "price_per_unit": "147",
        "price_unit": "G"
      },
      {
        "state": "VIC",
        "price": "700",
        "price_per_unit": "147",
        "price_unit": "G"
      },
      {
        "state": "VIC",
        "price": "700",
        "price_per_unit": "147",
        "price_unit": "G"
      },
      {
        "state": "QLD",
        "price": "700",
        "price_per_unit": "147",
        "price_unit": "G"
      },
      {
        "state": "QLD",
        "price": "700",
        "price_per_unit": "147",
        "price_unit": "G"
      },
      {
        "state": "WA",
        "price": "700",
        "price_per_unit": "147",
        "price_unit": "G"
      },
      {
        "state": "WA",
        "price": "700",
        "price_per_unit": "147",
        "price_unit": "G"
      },
      {
        "state": "SA",
        "price": "700",
        "price_per_unit": "147",
        "price_unit": "G"
      },
      {
        "state": "SA",
        "price": "700",
        "price_per_unit": "147",
        "price_unit": "G"
      },
      {
        "state": "TAS",
        "price": "700",
        "price_per_unit": "147",
        "price_unit": "G"
      },
      {
        "state": "TAS",
        "price": "700",
        "price_per_unit": "147",
        "price_unit": "G"
      },
      {
        "state": "ACT",
        "price": "700",
        "price_per_unit": "147",
        "price_unit": "G"
      },
      {
        "state": "ACT",
        "price": "700",
        "price_per_unit": "147",
        "price_unit": "G"
      },
      {
        "state": "NT",
        "price": "700",
        "price_per_unit": "147",
        "price_unit": "G"
      },
      {
        "state": "NT",
        "price": "700",
        "price_per_unit": "147",
        "price_unit": "G"
      }
    ]
  },
  {
    "source_url": "https://www.woolworths.com.au/shop/productdetails/674323/woolworths-sweet-potato-mash-null",
    "name": "Woolworths Sweet Potato Mash 475g",
    "image_url": "https://cdn1.woolworths.media/content/wowproductimages/large/674323.jpg",
    "source_id": "Woolworths - 674323",
    "barcode": "9339687029006",
    "shop": "Woolworths",
    "weight": "100G",
    "prices": [
      {
        "state": "NSW",
        "price": "700",
        "price_per_unit": "147",
        "price_unit": "G"
      },
      {
        "state": "VIC",
        "price": "700",
        "price_per_unit": "147",
        "price_unit": "G"
      },
      {
        "state": "QLD",
        "price": "700",
        "price_per_unit": "147",
        "price_unit": "G"
      },
      {
        "state": "WA",
        "price": "700",
        "price_per_unit": "147",
        "price_unit": "G"
      },
      {
        "state": "SA",
        "price": "700",
        "price_per_unit": "147",
        "price_unit": "G"
      },
      {
        "state": "ACT",
        "price": "700",
        "price_per_unit": "147",
        "price_unit": "G"
      },
      {
        "state": "NT",
        "price": "700",
        "price_per_unit": "147",
        "price_unit": "G"
      },
      {
        "state": "NSW",
        "price": "700",
        "price_per_unit": "147",
        "price_unit": "G"
      },
      {
        "state": "NSW",
        "price": "700",
        "price_per_unit": "147",
        "price_unit": "G"
      },
      {
        "state": "QLD",
        "price": "700",
        "price_per_unit": "147",
        "price_unit": "G"
      },
      {
        "state": "QLD",
        "price": "700",
        "price_per_unit": "147",
        "price_unit": "G"
      },
      {
        "state": "WA",
        "price": "700",
        "price_per_unit": "147",
        "price_unit": "G"
      },
      {
        "state": "WA",
        "price": "700",
        "price_per_unit": "147",
        "price_unit": "G"
      },
      {
        "state": "SA",
        "price": "700",
        "price_per_unit": "147",
        "price_unit": "G"
      },
      {
        "state": "SA",
        "price": "700",
        "price_per_unit": "147",
        "price_unit": "G"
      },
      {
        "state": "ACT",
        "price": "700",
        "price_per_unit": "147",
        "price_unit": "G"
      },
      {
        "state": "ACT",
        "price": "700",
        "price_per_unit": "147",
        "price_unit": "G"
      },
      {
        "state": "NT",
        "price": "700",
        "price_per_unit": "147",
        "price_unit": "G"
      },
      {
        "state": "NT",
        "price": "700",
        "price_per_unit": "147",
        "price_unit": "G"
      }
    ]
  },
  {
    "source_url": "https://www.woolworths.com.au/shop/productdetails/122188/ingham-s-coating-mix-seasoning-chicken",
    "name": "Ingham's Coating Mix Seasoning Chicken 75g",
    "image_url": "https://cdn1.woolworths.media/content/wowproductimages/large/122188.jpg",
    "source_id": "Woolworths - 122188",
    "barcode": "9310037022168",
    "shop": "Woolworths",
    "weight": "100G",
    "prices": [
      {
        "state": "NSW",
        "price": "105",
        "price_per_unit": "140",
        "price_unit": "G"
      },
      {
        "state": "VIC",
        "price": "105",
        "price_per_unit": "140",
        "price_unit": "G"
      },
      {
        "state": "QLD",
        "price": "105",
        "price_per_unit": "140",
        "price_unit": "G"
      },
      {
        "state": "WA",
        "price": "105",
        "price_per_unit": "140",
        "price_unit": "G"
      },
      {
        "state": "SA",
        "price": "105",
        "price_per_unit": "140",
        "price_unit": "G"
      },
      {
        "state": "TAS",
        "price": "105",
        "price_per_unit": "140",
        "price_unit": "G"
      },
      {
        "state": "ACT",
        "price": "105",
        "price_per_unit": "140",
        "price_unit": "G"
      },
      {
        "state": "NT",
        "price": "105",
        "price_per_unit": "140",
        "price_unit": "G"
      },
      {
        "state": "NSW",
        "price": "105",
        "price_per_unit": "140",
        "price_unit": "G"
      },
      {
        "state": "VIC",
        "price": "105",
        "price_per_unit": "140",
        "price_unit": "G"
      },
      {
        "state": "QLD",
        "price": "105",
        "price_per_unit": "140",
        "price_unit": "G"
      },
      {
        "state": "WA",
        "price": "105",
        "price_per_unit": "140",
        "price_unit": "G"
      },
      {
        "state": "SA",
        "price": "105",
        "price_per_unit": "140",
        "price_unit": "G"
      },
      {
        "state": "TAS",
        "price": "105",
        "price_per_unit": "140",
        "price_unit": "G"
      },
      {
        "state": "ACT",
        "price": "105",
        "price_per_unit": "140",
        "price_unit": "G"
      },
      {
        "state": "NT",
        "price": "105",
        "price_per_unit": "140",
        "price_unit": "G"
      }
    ]
  },
  {
    "source_url": "https://www.woolworths.com.au/shop/productdetails/581283/woolworths-potato-bacon-bake",
    "name": "Woolworths Potato Bacon Bake 650g",
    "image_url": "https://cdn1.woolworths.media/content/wowproductimages/large/581283.jpg",
    "source_id": "Woolworths - 581283",
    "barcode": "9300633636944",
    "shop": "Woolworths",
    "weight": "100G",
    "prices": [
      {
        "state": "NSW",
        "price": "1330",
        "price_per_unit": "205",
        "price_unit": "G"
      },
      {
        "state": "VIC",
        "price": "1330",
        "price_per_unit": "205",
        "price_unit": "G"
      },
      {
        "state": "TAS",
        "price": "1330",
        "price_per_unit": "205",
        "price_unit": "G"
      },
      {
        "state": "NT",
        "price": "1330",
        "price_per_unit": "205",
        "price_unit": "G"
      },
      {
        "state": "NSW",
        "price": "1330",
        "price_per_unit": "205",
        "price_unit": "G"
      },
      {
        "state": "VIC",
        "price": "1330",
        "price_per_unit": "205",
        "price_unit": "G"
      },
      {
        "state": "QLD",
        "price": "1330",
        "price_per_unit": "205",
        "price_unit": "G"
      },
      {
        "state": "WA",
        "price": "1330",
        "price_per_unit": "205",
        "price_unit": "G"
      },
      {
        "state": "SA",
        "price": "1330",
        "price_per_unit": "205",
        "price_unit": "G"
      },
      {
        "state": "TAS",
        "price": "1330",
        "price_per_unit": "205",
        "price_unit": "G"
      },
      {
        "state": "ACT",
        "price": "1330",
        "price_per_unit": "205",
        "price_unit": "G"
      },
      {
        "state": "NT",
        "price": "1330",
        "price_per_unit": "205",
        "price_unit": "G"
      }
    ]
  },
  {
    "source_url": "https://www.woolworths.com.au/shop/productdetails/53732/woolworths-honey-fig-glaze",
    "name": "Woolworths Honey & Fig Glaze 250g",
    "image_url": "https://cdn1.woolworths.media/content/wowproductimages/large/053732.jpg",
    "source_id": "Woolworths - 53732",
    "barcode": "9339687104345",
    "shop": "Woolworths",
    "weight": "100G",
    "prices": [
      null
    ]
  },
  {
    "source_url": "https://www.woolworths.com.au/shop/productdetails/535318/chinese-fried-rice-family-meal",
    "name": "Chinese Fried Rice Family Meal 800g",
    "image_url": "https://cdn1.woolworths.media/content/wowproductimages/large/535318.jpg",
    "source_id": "Woolworths - 535318",
    "barcode": "781005646218",
    "shop": "Woolworths",
    "weight": "100G",
    "prices": [
      null,
      {
        "state": "QLD",
        "price": "1000",
        "price_per_unit": "125",
        "price_unit": "G"
      },
      {
        "state": "ACT",
        "price": "1000",
        "price_per_unit": "125",
        "price_unit": "G"
      }
    ]
  },
  {
    "source_url": "https://www.woolworths.com.au/shop/productdetails/135208/woolworths-basil-pesto-arancini-bites-null",
    "name": "Woolworths Basil Pesto Arancini Bites 200g",
    "image_url": "https://cdn1.woolworths.media/content/wowproductimages/large/135208.jpg",
    "source_id": "Woolworths - 135208",
    "barcode": "9339687225170",
    "shop": "Woolworths",
    "weight": "100G",
    "prices": [
      null
    ]
  },
  {
    "source_url": "https://www.woolworths.com.au/shop/productdetails/135211/woolworths-crumbed-haloumi-chips-null",
    "name": "Woolworths Crumbed Haloumi Chips 180g",
    "image_url": "https://cdn1.woolworths.media/content/wowproductimages/large/135211.jpg",
    "source_id": "Woolworths - 135211",
    "barcode": "9339687225194",
    "shop": "Woolworths",
    "weight": "100G",
    "prices": [
      null
    ]
  },
  {
    "source_url": "https://www.woolworths.com.au/shop/productdetails/135505/woolworths-pea-fetta-zucchini-fritters-null",
    "name": "Woolworths Pea & Fetta Zucchini Fritters 200g",
    "image_url": "https://cdn1.woolworths.media/content/wowproductimages/large/135505.jpg",
    "source_id": "Woolworths - 135505",
    "barcode": "9339687225224",
    "shop": "Woolworths",
    "weight": "100G",
    "prices": [
      null
    ]
  },
  {
    "source_url": "https://www.woolworths.com.au/shop/productdetails/135503/woolworths-sweet-corn-fritters-null",
    "name": "Woolworths Sweet Corn Fritters 200g",
    "image_url": "https://cdn1.woolworths.media/content/wowproductimages/large/135503.jpg",
    "source_id": "Woolworths - 135503",
    "barcode": "9339687225217",
    "shop": "Woolworths",
    "weight": "100G",
    "prices": [
      null
    ]
  },
  {
    "source_url": "https://www.woolworths.com.au/shop/productdetails/162607/woolworths-vegetable-spring-rolls-chilled-meal",
    "name": "Woolworths Vegetable Spring Rolls Chilled Meal 200g",
    "image_url": "https://cdn1.woolworths.media/content/wowproductimages/large/162607.jpg",
    "source_id": "Woolworths - 162607",
    "barcode": "9339687265008",
    "shop": "Woolworths",
    "weight": "100G",
    "prices": [
      null
    ]
  }
]