[
  {
    "source_url": "https://www.woolworths.com.au/shop/productdetails/966374/creamy-honey-stuffed-figs",
    "name": "Creamy Honey Stuffed Figs 130g",
    "image_url": "https://cdn1.woolworths.media/content/wowproductimages/large/966374.jpg",
    "source_id": "Woolworths - 966374",
    "barcode": "9314499003727",
    "shop": "Woolworths",
    "weight": "100G",
    "prices": [
      {
        "state": "NSW",
        "price": "950",
        "price_per_unit": "731",
        "price_unit": "G"
      },
      {
        "state": "ACT",
        "price": "950",
        "price_per_unit": "731",
        "price_unit": "G"
      }
    ]
  },
  {
    "source_url": "https://www.woolworths.com.au/shop/productdetails/388147/don-calabrese-salami-hot-italian",
    "name": "Don Calabrese Salami Hot Italian 200g",
    "image_url": "https://cdn1.woolworths.media/content/wowproductimages/large/388147.jpg",
    "source_id": "Woolworths - 388147",
    "barcode": "9326451013538",
    "shop": "Woolworths",
    "weight": "1KG",
    "prices": [
      {
        "state": "NSW",
        "price": "890",
        "price_per_unit": "4450",
        "price_unit": "KG"
      },
      {
        "state": "TAS",
        "price": "890",
        "price_per_unit": "4450",
        "price_unit": "KG"
      },
      {
        "state": "ACT",
        "price": "890",
        "price_per_unit": "4450",
        "price_unit": "KG"
      },
      {
        "state": "NT",
        "price": "890",
        "price_per_unit": "4450",
        "price_unit": "KG"
      }
    ]
  },
  {
    "source_url": "https://www.woolworths.com.au/shop/productdetails/64119/don-salami-danish",
    "name": "Don Salami Danish 200g",
    "image_url": "https://cdn1.woolworths.media/content/wowproductimages/large/064119.jpg",
    "source_id": "Woolworths - 64119",
    "barcode": "93389341",
    "shop": "Woolworths",
    "weight": "1KG",
    "prices": [
      {
        "state": "NSW",
        "price": "890",
        "price_per_unit": "4450",
        "price_unit": "KG"
      },
      {
        "state": "NSW",
        "price": "890",
        "price_per_unit": "4450",
        "price_unit": "KG"
      },
      {
        "state": "VIC",
        "price": "890",
        "price_per_unit": "4450",
        "price_unit": "KG"
      },
      {
        "state": "VIC",
        "price": "890",
        "price_per_unit": "4450",
        "price_unit": "KG"
      },
      {
        "state": "QLD",
        "price": "890",
        "price_per_unit": "4450",
        "price_unit": "KG"
      },
      {
        "state": "QLD",
        "price": "890",
        "price_per_unit": "4450",
        "price_unit": "KG"
      },
      {
        "state": "WA",
        "price": "890",
        "price_per_unit": "4450",
        "price_unit": "KG"
      },
      {
        "state": "WA",
        "price": "890",
        "price_per_unit": "4450",
        "price_unit": "KG"
      },
      {
        "state": "SA",
        "price": "890",
        "price_per_unit": "4450",
        "price_unit": "KG"
      },
      {
        "state": "SA",
        "price": "890",
        "price_per_unit": "4450",
        "price_unit": "KG"
      },
      {
        "state": "TAS",
        "price": "890",
        "price_per_unit": "4450",
        "price_unit": "KG"
      },
      {
        "state": "TAS",
        "price": "890",
        "price_per_unit": "4450",
        "price_unit": "KG"
      },
      {
        "state": "ACT",
        "price": "890",
        "price_per_unit": "4450",
        "price_unit": "KG"
      },
      {
        "state": "ACT",
        "price": "890",
        "price_per_unit": "4450",
        "price_unit": "KG"
      },
      {
        "state": "NT",
        "price": "890",
        "price_per_unit": "4450",
        "price_unit": "KG"
      },
      {
        "state": "NT",
        "price": "890",
        "price_per_unit": "4450",
        "price_unit": "KG"
      }
    ]
  },
  {
    "source_url": "https://www.woolworths.com.au/shop/productdetails/64118/don-salami-hungarian-hot",
    "name": "Don Salami Hungarian Hot 200g",
    "image_url": "https://cdn1.woolworths.media/content/wowproductimages/large/064118.jpg",
    "source_id": "Woolworths - 64118",
    "barcode": "93389358",
    "shop": "Woolworths",
    "weight": "1KG",
    "prices": [
      {
        "state": "NSW",
        "price": "890",
        "price_per_unit": "4450",
        "price_unit": "KG"
      },
      {
        "state": "NSW",
        "price": "890",
        "price_per_unit": "4450",
        "price_unit": "KG"
      },
      {
        "state": "VIC",
        "price": "890",
        "price_per_unit": "4450",
        "price_unit": "KG"
      },
      {
        "state": "VIC",
        "price": "890",
        "price_per_unit": "4450",
        "price_unit": "KG"
      },
      {
        "state": "QLD",
        "price": "890",
        "price_per_unit": "4450",
        "price_unit": "KG"
      },
      {
        "state": "QLD",
        "price": "890",
        "price_per_unit": "4450",
        "price_unit": "KG"
      },
      {
        "state": "WA",
        "price": "890",
        "price_per_unit": "4450",
        "price_unit": "KG"
      },
      {
        "state": "WA",
        "price": "890",
        "price_per_unit": "4450",
        "price_unit": "KG"
      },
      {
        "state": "SA",
        "price": "890",
        "price_per_unit": "4450",
        "price_unit": "KG"
      },
      {
        "state": "SA",
        "price": "890",
        "price_per_unit": "4450",
        "price_unit": "KG"
      },
      {
        "state": "TAS",
        "price": "890",
        "price_per_unit": "4450",
        "price_unit": "KG"
      },
      {
        "state": "TAS",
        "price": "890",
        "price_per_unit": "4450",
        "price_unit": "KG"
      },
      {
        "state": "ACT",
        "price": "890",
        "price_per_unit": "4450",
        "price_unit": "KG"
      },
      {
        "state": "ACT",
        "price": "890",
        "price_per_unit": "4450",
        "price_unit": "KG"
      },
      {
        "state": "NT",
        "price": "890",
        "price_per_unit": "4450",
        "price_unit": "KG"
      },
      {
        "state": "NT",
        "price": "890",
        "price_per_unit": "4450",
        "price_unit": "KG"
      }
    ]
  },
  {
    "source_url": "https://www.woolworths.com.au/shop/productdetails/64116/don-salami-hungarian-plain",
    "name": "Don Salami Hungarian Plain 200g",
    "image_url": "https://cdn1.woolworths.media/content/wowproductimages/large/064116.jpg",
    "source_id": "Woolworths - 64116",
    "barcode": "93389365",
    "shop": "Woolworths",
    "weight": "1KG",
    "prices": [
      {
        "state": "NSW",
        "price": "890",
        "price_per_unit": "4450",
        "price_unit": "KG"
      },
      {
        "state": "NSW",
        "price": "890",
        "price_per_unit": "4450",
        "price_unit": "KG"
      },
      {
        "state": "VIC",
        "price": "890",
        "price_per_unit": "4450",
        "price_unit": "KG"
      },
      {
        "state": "VIC",
        "price": "890",
        "price_per_unit": "4450",
        "price_unit": "KG"
      },
      {
        "state": "QLD",
        "price": "890",
        "price_per_unit": "4450",
        "price_unit": "KG"
      },
      {
        "state": "QLD",
        "price": "890",
        "price_per_unit": "4450",
        "price_unit": "KG"
      },
      {
        "state": "WA",
        "price": "890",
        "price_per_unit": "4450",
        "price_unit": "KG"
      },
      {
        "state": "WA",
        "price": "890",
        "price_per_unit": "4450",
        "price_unit": "KG"
      },
      {
        "state": "SA",
        "price": "890",
        "price_per_unit": "4450",
        "price_unit": "KG"
      },
      {
        "state": "SA",
        "price": "890",
        "price_per_unit": "4450",
        "price_unit": "KG"
      },
      {
        "state": "TAS",
        "price": "890",
        "price_per_unit": "4450",
        "price_unit": "KG"
      },
      {
        "state": "TAS",
        "price": "890",
        "price_per_unit": "4450",
        "price_unit": "KG"
      },
      {
        "state": "ACT",
        "price": "890",
        "price_per_unit": "4450",
        "price_unit": "KG"
      },
      {
        "state": "ACT",
        "price": "890",
        "price_per_unit": "4450",
        "price_unit": "KG"
      },
      {
        "state": "NT",
        "price": "890",
        "price_per_unit": "4450",
        "price_unit": "KG"
      },
      {
        "state": "NT",
        "price": "890",
        "price_per_unit": "4450",
        "price_unit": "KG"
      }
    ]
  },
  {
    "source_url": "https://www.woolworths.com.au/shop/productdetails/64117/don-salami-pepperoni",
    "name": "Don Salami Pepperoni 200g",
    "image_url": "https://cdn1.woolworths.media/content/wowproductimages/large/064117.jpg",
    "source_id": "Woolworths - 64117",
    "barcode": "93389389",
    "shop": "Woolworths",
    "weight": "1KG",
    "prices": [
      {
        "state": "NSW",
        "price": "890",
        "price_per_unit": "4450",
        "price_unit": "KG"
      },
      {
        "state": "NSW",
        "price": "890",
        "price_per_unit": "4450",
        "price_unit": "KG"
      },
      {
        "state": "VIC",
        "price": "890",
        "price_per_unit": "4450",
        "price_unit": "KG"
      },
      {
        "state": "VIC",
        "price": "890",
        "price_per_unit": "4450",
        "price_unit": "KG"
      },
      {
        "state": "QLD",
        "price": "890",
        "price_per_unit": "4450",
        "price_unit": "KG"
      },
      {
        "state": "QLD",
        "price": "890",
        "price_per_unit": "4450",
        "price_unit": "KG"
      },
      {
        "state": "WA",
        "price": "890",
        "price_per_unit": "4450",
        "price_unit": "KG"
      },
      {
        "state": "WA",
        "price": "890",
        "price_per_unit": "4450",
        "price_unit": "KG"
      },
      {
        "state": "SA",
        "price": "890",
        "price_per_unit": "4450",
        "price_unit": "KG"
      },
      {
        "state": "SA",
        "price": "890",
        "price_per_unit": "4450",
        "price_unit": "KG"
      },
      {
        "state": "TAS",
        "price": "890",
        "price_per_unit": "4450",
        "price_unit": "KG"
      },
      {
        "state": "TAS",
        "price": "890",
        "price_per_unit": "4450",
        "price_unit": "KG"
      },
      {
        "state": "ACT",
        "price": "890",
        "price_per_unit": "4450",
        "price_unit": "KG"
      },
      {
        "state": "ACT",
        "price": "890",
        "price_per_unit": "4450",
        "price_unit": "KG"
      },
      {
        "state": "NT",
        "price": "890",
        "price_per_unit": "4450",
        "price_unit": "KG"
      },
      {
        "state": "NT",
        "price": "890",
        "price_per_unit": "4450",
        "price_unit": "KG"
      }
    ]
  },
  {
    "source_url": "https://www.woolworths.com.au/shop/productdetails/973138/fetta-filled-eggplant-rolls",
    "name": "Fetta Filled Eggplant Rolls 140g",
    "image_url": "https://cdn1.woolworths.media/content/wowproductimages/large/973138.jpg",
    "source_id": "Woolworths - 973138",
    "barcode": "9314499003741",
    "shop": "Woolworths",
    "weight": "100G",
    "prices": [
      {
        "state": "NSW",
        "price": "950",
        "price_per_unit": "679",
        "price_unit": "G"
      },
      {
        "state": "ACT",
        "price": "950",
        "price_per_unit": "679",
        "price_unit": "G"
      }
    ]
  },
  {
    "source_url": "https://www.woolworths.com.au/shop/productdetails/14173/grilled-marinated-zucchini-mushrooms",
    "name": "Grilled & Marinated Zucchini & Mushrooms 130g",
    "image_url": "https://cdn1.woolworths.media/content/wowproductimages/large/014173.jpg",
    "source_id": "Woolworths - 14173",
    "barcode": "9332956014505",
    "shop": "Woolworths",
    "weight": "100G",
    "prices": [
      {
        "state": "NSW",
        "price": "600",
        "price_per_unit": "462",
        "price_unit": "G"
      },
      {
        "state": "ACT",
        "price": "600",
        "price_per_unit": "462",
        "price_unit": "G"
      }
    ]
  },
  {
    "source_url": "https://www.woolworths.com.au/shop/productdetails/973137/marinated-goats-cheese-balls",
    "name": "Marinated Goats Cheese Balls 140g",
    "image_url": "https://cdn1.woolworths.media/content/wowproductimages/large/973137.jpg",
    "source_id": "Woolworths - 973137",
    "barcode": "9314499003734",
    "shop": "Woolworths",
    "weight": "100G",
    "prices": [
      {
        "state": "NSW",
        "price": "950",
        "price_per_unit": "679",
        "price_unit": "G"
      },
      {
        "state": "ACT",
        "price": "950",
        "price_per_unit": "679",
        "price_unit": "G"
      }
    ]
  },
  {
    "source_url": "https://www.woolworths.com.au/shop/productdetails/18814/pepper-bells-grilled-marinated-in-herbs-garlic",
    "name": "Pepper Bells Grilled Marinated In Herbs & Garlic 110g",
    "image_url": "https://cdn1.woolworths.media/content/wowproductimages/large/018814.jpg",
    "source_id": "Woolworths - 18814",
    "barcode": "9332956014444",
    "shop": "Woolworths",
    "weight": "100G",
    "prices": [
      {
        "state": "NSW",
        "price": "600",
        "price_per_unit": "545",
        "price_unit": "G"
      },
      {
        "state": "ACT",
        "price": "600",
        "price_per_unit": "545",
        "price_unit": "G"
      }
    ]
  },
  {
    "source_url": "https://www.woolworths.com.au/shop/productdetails/180051/san-marino-artisanal-chorizo-salami",
    "name": "San Marino Artisanal Chorizo Salami 200g",
    "image_url": "https://cdn1.woolworths.media/content/wowproductimages/large/180051.jpg",
    "source_id": "Woolworths - 180051",
    "barcode": "9310591504704",
    "shop": "Woolworths",
    "weight": "1KG",
    "prices": [
      {
        "state": "NSW",
        "price": "1000",
        "price_per_unit": "5000",
        "price_unit": "KG"
      },
      {
        "state": "ACT",
        "price": "1000",
        "price_per_unit": "5000",
        "price_unit": "KG"
      },
      {
        "state": "NT",
        "price": "1000",
        "price_per_unit": "5000",
        "price_unit": "KG"
      }
    ]
  },
  {
    "source_url": "https://www.woolworths.com.au/shop/productdetails/180392/san-marino-artisanal-mild-salami",
    "name": "San Marino Artisanal Mild Salami 200g",
    "image_url": "https://cdn1.woolworths.media/content/wowproductimages/large/180392.jpg",
    "source_id": "Woolworths - 180392",
    "barcode": "9310591504698",
    "shop": "Woolworths",
    "weight": "1KG",
    "prices": [
      {
        "state": "NSW",
        "price": "1000",
        "price_per_unit": "5000",
        "price_unit": "KG"
      },
      {
        "state": "VIC",
        "price": "1000",
        "price_per_unit": "5000",
        "price_unit": "KG"
      },
      {
        "state": "SA",
        "price": "1000",
        "price_per_unit": "5000",
        "price_unit": "KG"
      },
      {
        "state": "ACT",
        "price": "1000",
        "price_per_unit": "5000",
        "price_unit": "KG"
      },
      {
        "state": "NT",
        "price": "1000",
        "price_per_unit": "5000",
        "price_unit": "KG"
      }
    ]
  },
  {
    "source_url": "https://www.woolworths.com.au/shop/productdetails/161974/woolworths-antipasto-assorted-platter",
    "name": "Woolworths Antipasto Assorted Platter 280g",
    "image_url": "https://cdn1.woolworths.media/content/wowproductimages/large/161974.jpg",
    "source_id": "Woolworths - 161974",
    "barcode": "9339687263943",
    "shop": "Woolworths",
    "weight": "100G",
    "prices": [
      null
    ]
  },
  {
    "source_url": "https://www.woolworths.com.au/shop/productdetails/290359/woolworths-australian-semi-dried-tomatoes-mediterranean-style-herbs",
    "name": "Woolworths Australian Semi Dried Tomatoes Mediterranean Style Herbs 300g",
    "image_url": "https://cdn1.woolworths.media/content/wowproductimages/large/290359.jpg",
    "source_id": "Woolworths - 290359",
    "barcode": "9339687343287",
    "shop": "Woolworths",
    "weight": "1KG",
    "prices": [
      {
        "state": "NSW",
        "price": "690",
        "price_per_unit": "2300",
        "price_unit": "KG"
      },
      {
        "state": "VIC",
        "price": "690",
        "price_per_unit": "2300",
        "price_unit": "KG"
      },
      {
        "state": "QLD",
        "price": "690",
        "price_per_unit": "2300",
        "price_unit": "KG"
      },
      {
        "state": "WA",
        "price": "690",
        "price_per_unit": "2300",
        "price_unit": "KG"
      },
      {
        "state": "SA",
        "price": "690",
        "price_per_unit": "2300",
        "price_unit": "KG"
      },
      {
        "state": "ACT",
        "price": "690",
        "price_per_unit": "2300",
        "price_unit": "KG"
      },
      {
        "state": "NT",
        "price": "690",
        "price_per_unit": "2300",
        "price_unit": "KG"
      }
    ]
  },
  {
    "source_url": "https://www.woolworths.com.au/shop/productdetails/40143/woolworths-baby-pepper-bells-fetta-filled",
    "name": "Woolworths Baby Pepper Bells Fetta Filled 120g",
    "image_url": "https://cdn1.woolworths.media/content/wowproductimages/large/040143.jpg",
    "source_id": "Woolworths - 40143",
    "barcode": "9339687097708",
    "shop": "Woolworths",
    "weight": "100G",
    "prices": [
      {
        "state": "NSW",
        "price": "350",
        "price_per_unit": "292",
        "price_unit": "G"
      },
      {
        "state": "VIC",
        "price": "350",
        "price_per_unit": "292",
        "price_unit": "G"
      },
      {
        "state": "QLD",
        "price": "350",
        "price_per_unit": "292",
        "price_unit": "G"
      },
      {
        "state": "WA",
        "price": "350",
        "price_per_unit": "292",
        "price_unit": "G"
      },
      {
        "state": "SA",
        "price": "350",
        "price_per_unit": "292",
        "price_unit": "G"
      },
      {
        "state": "TAS",
        "price": "350",
        "price_per_unit": "292",
        "price_unit": "G"
      },
      {
        "state": "ACT",
        "price": "350",
        "price_per_unit": "292",
        "price_unit": "G"
      },
      {
        "state": "NT",
        "price": "370",
        "price_per_unit": "308",
        "price_unit": "G"
      }
    ]
  },
  {
    "source_url": "https://www.woolworths.com.au/shop/productdetails/290355/woolworths-baby-peppers-with-cream-cheese-fetta",
    "name": "Woolworths Baby Peppers With Cream Cheese & Fetta 280g",
    "image_url": "https://cdn1.woolworths.media/content/wowproductimages/large/290355.jpg",
    "source_id": "Woolworths - 290355",
    "barcode": "9339687343256",
    "shop": "Woolworths",
    "weight": "1KG",
    "prices": [
      {
        "state": "NSW",
        "price": "690",
        "price_per_unit": "2464",
        "price_unit": "KG"
      },
      {
        "state": "VIC",
        "price": "690",
        "price_per_unit": "2464",
        "price_unit": "KG"
      },
      {
        "state": "QLD",
        "price": "690",
        "price_per_unit": "2464",
        "price_unit": "KG"
      },
      {
        "state": "WA",
        "price": "690",
        "price_per_unit": "2464",
        "price_unit": "KG"
      },
      {
        "state": "SA",
        "price": "690",
        "price_per_unit": "2464",
        "price_unit": "KG"
      },
      {
        "state": "ACT",
        "price": "690",
        "price_per_unit": "2464",
        "price_unit": "KG"
      },
      {
        "state": "NT",
        "price": "690",
        "price_per_unit": "2464",
        "price_unit": "KG"
      }
    ]
  },
  {
    "source_url": "https://www.woolworths.com.au/shop/productdetails/135450/woolworths-colossal-sicilian-olives",
    "name": "Woolworths Colossal Sicilian Olives 120g",
    "image_url": "https://cdn1.woolworths.media/content/wowproductimages/large/135450.jpg",
    "source_id": "Woolworths - 135450",
    "barcode": "9339687225712",
    "shop": "Woolworths",
    "weight": "100G",
    "prices": [
      {
        "state": "NSW",
        "price": "350",
        "price_per_unit": "292",
        "price_unit": "G"
      },
      {
        "state": "VIC",
        "price": "350",
        "price_per_unit": "292",
        "price_unit": "G"
      },
      {
        "state": "QLD",
        "price": "350",
        "price_per_unit": "292",
        "price_unit": "G"
      },
      {
        "state": "WA",
        "price": "350",
        "price_per_unit": "292",
        "price_unit": "G"
      },
      {
        "state": "SA",
        "price": "350",
        "price_per_unit": "292",
        "price_unit": "G"
      },
      {
        "state": "TAS",
        "price": "350",
        "price_per_unit": "292",
        "price_unit": "G"
      },
      {
        "state": "ACT",
        "price": "350",
        "price_per_unit": "292",
        "price_unit": "G"
      },
      {
        "state": "NT",
        "price": "370",
        "price_per_unit": "308",
        "price_unit": "G"
      }
    ]
  },
  {
    "source_url": "https://www.woolworths.com.au/shop/productdetails/571610/woolworths-cornichons-and-caperberries",
    "name": "Woolworths Cornichons and Caperberries 120g",
    "image_url": "https://cdn1.woolworths.media/content/wowproductimages/large/571610.jpg",
    "source_id": "Woolworths - 571610",
    "barcode": "9339687378104",
    "shop": "Woolworths",
    "weight": "1KG",
    "prices": [
      {
        "state": "NSW",
        "price": "450",
        "price_per_unit": "3750",
        "price_unit": "KG"
      },
      {
        "state": "VIC",
        "price": "450",
        "price_per_unit": "3750",
        "price_unit": "KG"
      },
      {
        "state": "QLD",
        "price": "450",
        "price_per_unit": "3750",
        "price_unit": "KG"
      },
      {
        "state": "WA",
        "price": "450",
        "price_per_unit": "3750",
        "price_unit": "KG"
      },
      {
        "state": "SA",
        "price": "450",
        "price_per_unit": "3750",
        "price_unit": "KG"
      },
      {
        "state": "TAS",
        "price": "450",
        "price_per_unit": "3750",
        "price_unit": "KG"
      },
      {
        "state": "ACT",
        "price": "450",
        "price_per_unit": "3750",
        "price_unit": "KG"
      },
      {
        "state": "NT",
        "price": "450",
        "price_per_unit": "3750",
        "price_unit": "KG"
      }
    ]
  },
  {
    "source_url": "https://www.woolworths.com.au/shop/productdetails/40167/woolworths-greek-style-mix-semi-dried-tomatoes-olives-fetta",
    "name": "Woolworths Greek style Mix, Semi Dried Tomatoes Olives Fetta 120g",
    "image_url": "https://cdn1.woolworths.media/content/wowproductimages/large/040167.jpg",
    "source_id": "Woolworths - 40167",
    "barcode": "9339687097715",
    "shop": "Woolworths",
    "weight": "100G",
    "prices": [
      {
        "state": "NSW",
        "price": "350",
        "price_per_unit": "292",
        "price_unit": "G"
      },
      {
        "state": "VIC",
        "price": "350",
        "price_per_unit": "292",
        "price_unit": "G"
      },
      {
        "state": "QLD",
        "price": "350",
        "price_per_unit": "292",
        "price_unit": "G"
      },
      {
        "state": "WA",
        "price": "350",
        "price_per_unit": "292",
        "price_unit": "G"
      },
      {
        "state": "SA",
        "price": "350",
        "price_per_unit": "292",
        "price_unit": "G"
      },
      {
        "state": "TAS",
        "price": "350",
        "price_per_unit": "292",
        "price_unit": "G"
      },
      {
        "state": "ACT",
        "price": "350",
        "price_per_unit": "292",
        "price_unit": "G"
      },
      {
        "state": "NT",
        "price": "370",
        "price_per_unit": "308",
        "price_unit": "G"
      }
    ]
  },
  {
    "source_url": "https://www.woolworths.com.au/shop/productdetails/290357/woolworths-green-olives-cream-cheese-fetta",
    "name": "Woolworths Green Olives Cream Cheese & Fetta 300g",
    "image_url": "https://cdn1.woolworths.media/content/wowproductimages/large/290357.jpg",
    "source_id": "Woolworths - 290357",
    "barcode": "9339687343263",
    "shop": "Woolworths",
    "weight": "1KG",
    "prices": [
      {
        "state": "NSW",
        "price": "690",
        "price_per_unit": "2300",
        "price_unit": "KG"
      },
      {
        "state": "VIC",
        "price": "690",
        "price_per_unit": "2300",
        "price_unit": "KG"
      },
      {
        "state": "QLD",
        "price": "690",
        "price_per_unit": "2300",
        "price_unit": "KG"
      },
      {
        "state": "WA",
        "price": "690",
        "price_per_unit": "2300",
        "price_unit": "KG"
      },
      {
        "state": "SA",
        "price": "690",
        "price_per_unit": "2300",
        "price_unit": "KG"
      },
      {
        "state": "ACT",
        "price": "690",
        "price_per_unit": "2300",
        "price_unit": "KG"
      },
      {
        "state": "NT",
        "price": "690",
        "price_per_unit": "2300",
        "price_unit": "KG"
      }
    ]
  },
  {
    "source_url": "https://www.woolworths.com.au/shop/productdetails/39761/woolworths-green-olives-fetta-filled",
    "name": "Woolworths Green Olives Fetta Filled 120g",
    "image_url": "https://cdn1.woolworths.media/content/wowproductimages/large/039761.jpg",
    "source_id": "Woolworths - 39761",
    "barcode": "9339687097661",
    "shop": "Woolworths",
    "weight": "100G",
    "prices": [
      {
        "state": "NSW",
        "price": "350",
        "price_per_unit": "292",
        "price_unit": "G"
      },
      {
        "state": "VIC",
        "price": "350",
        "price_per_unit": "292",
        "price_unit": "G"
      },
      {
        "state": "QLD",
        "price": "350",
        "price_per_unit": "292",
        "price_unit": "G"
      },
      {
        "state": "WA",
        "price": "350",
        "price_per_unit": "292",
        "price_unit": "G"
      },
      {
        "state": "SA",
        "price": "350",
        "price_per_unit": "292",
        "price_unit": "G"
      },
      {
        "state": "TAS",
        "price": "350",
        "price_per_unit": "292",
        "price_unit": "G"
      },
      {
        "state": "ACT",
        "price": "350",
        "price_per_unit": "292",
        "price_unit": "G"
      },
      {
        "state": "NT",
        "price": "370",
        "price_per_unit": "308",
        "price_unit": "G"
      }
    ]
  },
  {
    "source_url": "https://www.woolworths.com.au/shop/productdetails/40136/woolworths-green-olives-with-chilli-garlic",
    "name": "Woolworths Green Olives With Chilli & Garlic 110g",
    "image_url": "https://cdn1.woolworths.media/content/wowproductimages/large/040136.jpg",
    "source_id": "Woolworths - 40136",
    "barcode": "9339687314140",
    "shop": "Woolworths",
    "weight": "100G",
    "prices": [
      {
        "state": "NSW",
        "price": "350",
        "price_per_unit": "318",
        "price_unit": "G"
      },
      {
        "state": "VIC",
        "price": "350",
        "price_per_unit": "318",
        "price_unit": "G"
      },
      {
        "state": "QLD",
        "price": "350",
        "price_per_unit": "318",
        "price_unit": "G"
      },
      {
        "state": "WA",
        "price": "350",
        "price_per_unit": "318",
        "price_unit": "G"
      },
      {
        "state": "SA",
        "price": "350",
        "price_per_unit": "318",
        "price_unit": "G"
      },
      {
        "state": "TAS",
        "price": "350",
        "price_per_unit": "318",
        "price_unit": "G"
      },
      {
        "state": "ACT",
        "price": "350",
        "price_per_unit": "318",
        "price_unit": "G"
      },
      {
        "state": "NT",
        "price": "370",
        "price_per_unit": "336",
        "price_unit": "G"
      }
    ]
  },
  {
    "source_url": "https://www.woolworths.com.au/shop/productdetails/290358/woolworths-green-olives-with-chilli-garlic",
    "name": "Woolworths Green Olives With Chilli & Garlic 300g",
    "image_url": "https://cdn1.woolworths.media/content/wowproductimages/large/290358.jpg",
    "source_id": "Woolworths - 290358",
    "barcode": "9339687343270",
    "shop": "Woolworths",
    "weight": "1KG",
    "prices": [
      {
        "state": "NSW",
        "price": "690",
        "price_per_unit": "2300",
        "price_unit": "KG"
      },
      {
        "state": "VIC",
        "price": "690",
        "price_per_unit": "2300",
        "price_unit": "KG"
      },
      {
        "state": "QLD",
        "price": "690",
        "price_per_unit": "2300",
        "price_unit": "KG"
      },
      {
        "state": "WA",
        "price": "690",
        "price_per_unit": "2300",
        "price_unit": "KG"
      },
      {
        "state": "SA",
        "price": "690",
        "price_per_unit": "2300",
        "price_unit": "KG"
      },
      {
        "state": "ACT",
        "price": "690",
        "price_per_unit": "2300",
        "price_unit": "KG"
      },
      {
        "state": "NT",
        "price": "690",
        "price_per_unit": "2300",
        "price_unit": "KG"
      }
    ]
  },
  {
    "source_url": "https://www.woolworths.com.au/shop/productdetails/39759/woolworths-green-olives-with-lemon-herbs",
    "name": "Woolworths Green Olives With Lemon & Herbs 110g",
    "image_url": "https://cdn1.woolworths.media/content/wowproductimages/large/039759.jpg",
    "source_id": "Woolworths - 39759",
    "barcode": "9339687097647",
    "shop": "Woolworths",
    "weight": "100G",
    "prices": [
      {
        "state": "NSW",
        "price": "350",
        "price_per_unit": "318",
        "price_unit": "G"
      },
      {
        "state": "VIC",
        "price": "350",
        "price_per_unit": "318",
        "price_unit": "G"
      },
      {
        "state": "QLD",
        "price": "350",
        "price_per_unit": "318",
        "price_unit": "G"
      },
      {
        "state": "WA",
        "price": "350",
        "price_per_unit": "318",
        "price_unit": "G"
      },
      {
        "state": "SA",
        "price": "350",
        "price_per_unit": "318",
        "price_unit": "G"
      },
      {
        "state": "TAS",
        "price": "350",
        "price_per_unit": "318",
        "price_unit": "G"
      },
      {
        "state": "ACT",
        "price": "350",
        "price_per_unit": "318",
        "price_unit": "G"
      },
      {
        "state": "NT",
        "price": "370",
        "price_per_unit": "336",
        "price_unit": "G"
      }
    ]
  },
  {
    "source_url": "https://www.woolworths.com.au/shop/productdetails/39756/woolworths-herb-green-olives-halves",
    "name": "Woolworths Herb Green Olives Halves 120g",
    "image_url": "https://cdn1.woolworths.media/content/wowproductimages/large/039756.jpg",
    "source_id": "Woolworths - 39756",
    "barcode": "9339687097623",
    "shop": "Woolworths",
    "weight": "100G",
    "prices": [
      {
        "state": "NSW",
        "price": "350",
        "price_per_unit": "292",
        "price_unit": "G"
      },
      {
        "state": "VIC",
        "price": "350",
        "price_per_unit": "292",
        "price_unit": "G"
      },
      {
        "state": "QLD",
        "price": "350",
        "price_per_unit": "292",
        "price_unit": "G"
      },
      {
        "state": "WA",
        "price": "350",
        "price_per_unit": "292",
        "price_unit": "G"
      },
      {
        "state": "SA",
        "price": "350",
        "price_per_unit": "292",
        "price_unit": "G"
      },
      {
        "state": "TAS",
        "price": "350",
        "price_per_unit": "292",
        "price_unit": "G"
      },
      {
        "state": "ACT",
        "price": "350",
        "price_per_unit": "292",
        "price_unit": "G"
      },
      {
        "state": "NT",
        "price": "370",
        "price_per_unit": "308",
        "price_unit": "G"
      }
    ]
  },
  {
    "source_url": "https://www.woolworths.com.au/shop/productdetails/310250/woolworths-kalamata-pitted-olives-in-italian-vinegar",
    "name": "Woolworths Kalamata Pitted Olives In Italian Vinegar 120g",
    "image_url": "https://cdn1.woolworths.media/content/wowproductimages/large/310250.jpg",
    "source_id": "Woolworths - 310250",
    "barcode": "9339687345434",
    "shop": "Woolworths",
    "weight": "1KG",
    "prices": [
      {
        "state": "NSW",
        "price": "350",
        "price_per_unit": "2917",
        "price_unit": "KG"
      },
      {
        "state": "VIC",
        "price": "350",
        "price_per_unit": "2917",
        "price_unit": "KG"
      },
      {
        "state": "QLD",
        "price": "350",
        "price_per_unit": "2917",
        "price_unit": "KG"
      },
      {
        "state": "WA",
        "price": "350",
        "price_per_unit": "2917",
        "price_unit": "KG"
      },
      {
        "state": "SA",
        "price": "350",
        "price_per_unit": "2917",
        "price_unit": "KG"
      },
      {
        "state": "ACT",
        "price": "350",
        "price_per_unit": "2917",
        "price_unit": "KG"
      },
      {
        "state": "NT",
        "price": "370",
        "price_per_unit": "3083",
        "price_unit": "KG"
      }
    ]
  },
  {
    "source_url": "https://www.woolworths.com.au/shop/productdetails/666347/woolworths-marinated-button-mushrooms",
    "name": "Woolworths Marinated Button Mushrooms 110g",
    "image_url": "https://cdn1.woolworths.media/content/wowproductimages/large/666347.jpg",
    "source_id": "Woolworths - 666347",
    "barcode": "9339687380817",
    "shop": "Woolworths",
    "weight": "1KG",
    "prices": [
      {
        "state": "NSW",
        "price": "450",
        "price_per_unit": "4091",
        "price_unit": "KG"
      },
      {
        "state": "VIC",
        "price": "450",
        "price_per_unit": "4091",
        "price_unit": "KG"
      },
      {
        "state": "QLD",
        "price": "450",
        "price_per_unit": "4091",
        "price_unit": "KG"
      },
      {
        "state": "WA",
        "price": "450",
        "price_per_unit": "4091",
        "price_unit": "KG"
      },
      {
        "state": "SA",
        "price": "450",
        "price_per_unit": "4091",
        "price_unit": "KG"
      },
      {
        "state": "TAS",
        "price": "450",
        "price_per_unit": "4091",
        "price_unit": "KG"
      },
      {
        "state": "ACT",
        "price": "450",
        "price_per_unit": "4091",
        "price_unit": "KG"
      },
      {
        "state": "NT",
        "price": "450",
        "price_per_unit": "4091",
        "price_unit": "KG"
      }
    ]
  },
  {
    "source_url": "https://www.woolworths.com.au/shop/productdetails/666296/woolworths-marinated-feta-cubes",
    "name": "Woolworths Marinated Feta Cubes 130g",
    "image_url": "https://cdn1.woolworths.media/content/wowproductimages/large/666296.jpg",
    "source_id": "Woolworths - 666296",
    "barcode": "9339687380138",
    "shop": "Woolworths",
    "weight": "1KG",
    "prices": [
      {
        "state": "NSW",
        "price": "450",
        "price_per_unit": "3462",
        "price_unit": "KG"
      },
      {
        "state": "VIC",
        "price": "450",
        "price_per_unit": "3462",
        "price_unit": "KG"
      },
      {
        "state": "QLD",
        "price": "450",
        "price_per_unit": "3462",
        "price_unit": "KG"
      },
      {
        "state": "WA",
        "price": "450",
        "price_per_unit": "3462",
        "price_unit": "KG"
      },
      {
        "state": "SA",
        "price": "450",
        "price_per_unit": "3462",
        "price_unit": "KG"
      },
      {
        "state": "TAS",
        "price": "450",
        "price_per_unit": "3462",
        "price_unit": "KG"
      },
      {
        "state": "ACT",
        "price": "450",
        "price_per_unit": "3462",
        "price_unit": "KG"
      },
      {
        "state": "NT",
        "price": "450",
        "price_per_unit": "3462",
        "price_unit": "KG"
      }
    ]
  },
  {
    "source_url": "https://www.woolworths.com.au/shop/productdetails/40181/woolworths-mixed-gourmet-olives",
    "name": "Woolworths Mixed Gourmet Olives 110g",
    "image_url": "https://cdn1.woolworths.media/content/wowproductimages/large/040181.jpg",
    "source_id": "Woolworths - 40181",
    "barcode": "9339687097739",
    "shop": "Woolworths",
    "weight": "100G",
    "prices": [
      {
        "state": "NSW",
        "price": "350",
        "price_per_unit": "318",
        "price_unit": "G"
      },
      {
        "state": "VIC",
        "price": "350",
        "price_per_unit": "318",
        "price_unit": "G"
      },
      {
        "state": "QLD",
        "price": "350",
        "price_per_unit": "318",
        "price_unit": "G"
      },
      {
        "state": "WA",
        "price": "350",
        "price_per_unit": "318",
        "price_unit": "G"
      },
      {
        "state": "SA",
        "price": "350",
        "price_per_unit": "318",
        "price_unit": "G"
      },
      {
        "state": "ACT",
        "price": "350",
        "price_per_unit": "318",
        "price_unit": "G"
      },
      {
        "state": "NT",
        "price": "370",
        "price_per_unit": "336",
        "price_unit": "G"
      }
    ]
  },
  {
    "source_url": "https://www.woolworths.com.au/shop/productdetails/161975/woolworths-mixed-olive-assortment-platter",
    "name": "Woolworths Mixed Olive Assortment Platter 290g",
    "image_url": "https://cdn1.woolworths.media/content/wowproductimages/large/161975.jpg",
    "source_id": "Woolworths - 161975",
    "barcode": "9339687263950",
    "shop": "Woolworths",
    "weight": "100G",
    "prices": [
      null
    ]
  },
  {
    "source_url": "https://www.woolworths.com.au/shop/productdetails/668743/woolworths-pickled-cocktail-onions",
    "name": "Woolworths Pickled Cocktail Onions 150g",
    "image_url": "https://cdn1.woolworths.media/content/wowproductimages/large/668743.jpg",
    "source_id": "Woolworths - 668743",
    "barcode": "9339687380824",
    "shop": "Woolworths",
    "weight": "1KG",
    "prices": [
      {
        "state": "NSW",
        "price": "450",
        "price_per_unit": "3000",
        "price_unit": "KG"
      },
      {
        "state": "VIC",
        "price": "450",
        "price_per_unit": "3000",
        "price_unit": "KG"
      },
      {
        "state": "QLD",
        "price": "450",
        "price_per_unit": "3000",
        "price_unit": "KG"
      },
      {
        "state": "WA",
        "price": "450",
        "price_per_unit": "3000",
        "price_unit": "KG"
      },
      {
        "state": "SA",
        "price": "450",
        "price_per_unit": "3000",
        "price_unit": "KG"
      },
      {
        "state": "ACT",
        "price": "450",
        "price_per_unit": "3000",
        "price_unit": "KG"
      },
      {
        "state": "NT",
        "price": "450",
        "price_per_unit": "3000",
        "price_unit": "KG"
      }
    ]
  },
  {
    "source_url": "https://www.woolworths.com.au/shop/productdetails/39758/woolworths-pitted-kalamata-olives-garlic-chilli",
    "name": "Woolworths Pitted Kalamata Olives Garlic & Chilli 110g",
    "image_url": "https://cdn1.woolworths.media/content/wowproductimages/large/039758.jpg",
    "source_id": "Woolworths - 39758",
    "barcode": "9339687097630",
    "shop": "Woolworths",
    "weight": "100G",
    "prices": [
      {
        "state": "NSW",
        "price": "350",
        "price_per_unit": "318",
        "price_unit": "G"
      },
      {
        "state": "VIC",
        "price": "350",
        "price_per_unit": "318",
        "price_unit": "G"
      },
      {
        "state": "QLD",
        "price": "350",
        "price_per_unit": "318",
        "price_unit": "G"
      },
      {
        "state": "WA",
        "price": "350",
        "price_per_unit": "318",
        "price_unit": "G"
      },
      {
        "state": "SA",
        "price": "350",
        "price_per_unit": "318",
        "price_unit": "G"
      },
      {
        "state": "TAS",
        "price": "350",
        "price_per_unit": "318",
        "price_unit": "G"
      },
      {
        "state": "ACT",
        "price": "350",
        "price_per_unit": "318",
        "price_unit": "G"
      },
      {
        "state": "NT",
        "price": "370",
        "price_per_unit": "336",
        "price_unit": "G"
      }
    ]
  },
  {
    "source_url": "https://www.woolworths.com.au/shop/productdetails/310249/woolworths-pitted-kalamata-olives-in-brine",
    "name": "Woolworths Pitted Kalamata Olives In Brine 300g",
    "image_url": "https://cdn1.woolworths.media/content/wowproductimages/large/310249.jpg",
    "source_id": "Woolworths - 310249",
    "barcode": "9339687345427",
    "shop": "Woolworths",
    "weight": "1KG",
    "prices": [
      {
        "state": "NSW",
        "price": "690",
        "price_per_unit": "2300",
        "price_unit": "KG"
      },
      {
        "state": "VIC",
        "price": "690",
        "price_per_unit": "2300",
        "price_unit": "KG"
      },
      {
        "state": "QLD",
        "price": "690",
        "price_per_unit": "2300",
        "price_unit": "KG"
      },
      {
        "state": "WA",
        "price": "690",
        "price_per_unit": "2300",
        "price_unit": "KG"
      },
      {
        "state": "SA",
        "price": "690",
        "price_per_unit": "2300",
        "price_unit": "KG"
      },
      {
        "state": "ACT",
        "price": "690",
        "price_per_unit": "2300",
        "price_unit": "KG"
      },
      {
        "state": "NT",
        "price": "690",
        "price_per_unit": "2300",
        "price_unit": "KG"
      }
    ]
  },
  {
    "source_url": "https://www.woolworths.com.au/shop/productdetails/40137/woolworths-roasted-capsicum-strips",
    "name": "Woolworths Roasted Capsicum Strips 130g",
    "image_url": "https://cdn1.woolworths.media/content/wowproductimages/large/040137.jpg",
    "source_id": "Woolworths - 40137",
    "barcode": "9339687097685",
    "shop": "Woolworths",
    "weight": "100G",
    "prices": [
      {
        "state": "NSW",
        "price": "350",
        "price_per_unit": "269",
        "price_unit": "G"
      },
      {
        "state": "VIC",
        "price": "350",
        "price_per_unit": "269",
        "price_unit": "G"
      },
      {
        "state": "QLD",
        "price": "350",
        "price_per_unit": "269",
        "price_unit": "G"
      },
      {
        "state": "WA",
        "price": "350",
        "price_per_unit": "269",
        "price_unit": "G"
      },
      {
        "state": "SA",
        "price": "350",
        "price_per_unit": "269",
        "price_unit": "G"
      },
      {
        "state": "TAS",
        "price": "350",
        "price_per_unit": "269",
        "price_unit": "G"
      },
      {
        "state": "ACT",
        "price": "350",
        "price_per_unit": "269",
        "price_unit": "G"
      },
      {
        "state": "NT",
        "price": "370",
        "price_per_unit": "285",
        "price_unit": "G"
      }
    ]
  },
  {
    "source_url": "https://www.woolworths.com.au/shop/productdetails/39760/woolworths-semi-dried-tomatoes-in-mediterranean-herbs",
    "name": "Woolworths Semi Dried Tomatoes In Mediterranean Herbs 135g",
    "image_url": "https://cdn1.woolworths.media/content/wowproductimages/large/039760.jpg",
    "source_id": "Woolworths - 39760",
    "barcode": "9339687097654",
    "shop": "Woolworths",
    "weight": "100G",
    "prices": [
      {
        "state": "NSW",
        "price": "350",
        "price_per_unit": "259",
        "price_unit": "G"
      },
      {
        "state": "NSW",
        "price": "350",
        "price_per_unit": "259",
        "price_unit": "G"
      },
      {
        "state": "VIC",
        "price": "350",
        "price_per_unit": "259",
        "price_unit": "G"
      },
      {
        "state": "VIC",
        "price": "350",
        "price_per_unit": "259",
        "price_unit": "G"
      },
      {
        "state": "QLD",
        "price": "350",
        "price_per_unit": "259",
        "price_unit": "G"
      },
      {
        "state": "QLD",
        "price": "350",
        "price_per_unit": "259",
        "price_unit": "G"
      },
      {
        "state": "WA",
        "price": "350",
        "price_per_unit": "259",
        "price_unit": "G"
      },
      {
        "state": "WA",
        "price": "350",
        "price_per_unit": "259",
        "price_unit": "G"
      },
      {
        "state": "SA",
        "price": "350",
        "price_per_unit": "259",
        "price_unit": "G"
      },
      {
        "state": "SA",
        "price": "350",
        "price_per_unit": "259",
        "price_unit": "G"
      },
      {
        "state": "TAS",
        "price": "350",
        "price_per_unit": "259",
        "price_unit": "G"
      },
      {
        "state": "TAS",
        "price": "350",
        "price_per_unit": "259",
        "price_unit": "G"
      },
      {
        "state": "NT",
        "price": "370",
        "price_per_unit": "274",
        "price_unit": "G"
      },
      {
        "state": "NT",
        "price": "370",
        "price_per_unit": "274",
        "price_unit": "G"
      }
    ]
  },
  {
    "source_url": "https://www.woolworths.com.au/shop/productdetails/668553/woolworths-semi-dried-tomatoes-bocconcini",
    "name": "Woolworths Semi-Dried Tomatoes & Bocconcini 130g",
    "image_url": "https://cdn1.woolworths.media/content/wowproductimages/large/668553.jpg",
    "source_id": "Woolworths - 668553",
    "barcode": "9339687380800",
    "shop": "Woolworths",
    "weight": "1KG",
    "prices": [
      {
        "state": "NSW",
        "price": "450",
        "price_per_unit": "3462",
        "price_unit": "KG"
      },
      {
        "state": "QLD",
        "price": "450",
        "price_per_unit": "3462",
        "price_unit": "KG"
      },
      {
        "state": "WA",
        "price": "450",
        "price_per_unit": "3462",
        "price_unit": "KG"
      },
      {
        "state": "SA",
        "price": "450",
        "price_per_unit": "3462",
        "price_unit": "KG"
      },
      {
        "state": "TAS",
        "price": "450",
        "price_per_unit": "3462",
        "price_unit": "KG"
      },
      {
        "state": "ACT",
        "price": "450",
        "price_per_unit": "3462",
        "price_unit": "KG"
      },
      {
        "state": "NT",
        "price": "450",
        "price_per_unit": "3462",
        "price_unit": "KG"
      }
    ]
  },
  {
    "source_url": "https://www.woolworths.com.au/shop/productdetails/64114/don-salami-white-hungarian",
    "name": "Don Salami White Hungarian 200g",
    "image_url": "https://cdn1.woolworths.media/content/wowproductimages/large/064114.jpg",
    "source_id": "Woolworths - 64114",
    "barcode": "93389372",
    "shop": "Woolworths",
    "weight": "1KG",
    "prices": [
      {
        "state": "VIC",
        "price": "890",
        "price_per_unit": "4450",
        "price_unit": "KG"
      }
    ]
  },
  {
    "source_url": "https://www.woolworths.com.au/shop/productdetails/219255/puopolo-artisan-salumi-cacciatore-hot-salami",
    "name": "Puopolo Artisan Salumi Cacciatore Hot Salami 200g",
    "image_url": "https://cdn1.woolworths.media/content/wowproductimages/large/219255.jpg",
    "source_id": "Woolworths - 219255",
    "barcode": "9352721000427",
    "shop": "Woolworths",
    "weight": "1KG",
    "prices": [
      {
        "state": "VIC",
        "price": "900",
        "price_per_unit": "4500",
        "price_unit": "KG"
      }
    ]
  },
  {
    "source_url": "https://www.woolworths.com.au/shop/productdetails/218261/puopolo-artisan-salumi-cacciatore-mild-salami",
    "name": "Puopolo Artisan Salumi Cacciatore Mild Salami 200g",
    "image_url": "https://cdn1.woolworths.media/content/wowproductimages/large/218261.jpg",
    "source_id": "Woolworths - 218261",
    "barcode": "9352721000403",
    "shop": "Woolworths",
    "weight": "1KG",
    "prices": [
      {
        "state": "VIC",
        "price": "900",
        "price_per_unit": "4500",
        "price_unit": "KG"
      }
    ]
  },
  {
    "source_url": "https://www.woolworths.com.au/shop/productdetails/219715/puopolo-artisan-salumi-felino-mild-salami",
    "name": "Puopolo Artisan Salumi Felino Mild Salami 200g",
    "image_url": "https://cdn1.woolworths.media/content/wowproductimages/large/219715.jpg",
    "source_id": "Woolworths - 219715",
    "barcode": "9352721000465",
    "shop": "Woolworths",
    "weight": "1KG",
    "prices": [
      {
        "state": "VIC",
        "price": "900",
        "price_per_unit": "4500",
        "price_unit": "KG"
      }
    ]
  },
  {
    "source_url": "https://www.woolworths.com.au/shop/productdetails/218410/puopolo-artisan-salumi-finocchiona-mild-fennel-salami",
    "name": "Puopolo Artisan Salumi Finocchiona Mild Fennel Salami 200g",
    "image_url": "https://cdn1.woolworths.media/content/wowproductimages/large/218410.jpg",
    "source_id": "Woolworths - 218410",
    "barcode": "9352721000441",
    "shop": "Woolworths",
    "weight": "1KG",
    "prices": [
      {
        "state": "VIC",
        "price": "900",
        "price_per_unit": "4500",
        "price_unit": "KG"
      }
    ]
  },
  {
    "source_url": "https://www.woolworths.com.au/shop/productdetails/54688/woolworths-green-olive-half-marinated",
    "name": "Woolworths Green Olive Half Marinated Per Kg",
    "image_url": "https://cdn1.woolworths.media/content/wowproductimages/large/054688.jpg",
    "source_id": "Woolworths - 54688",
    "barcode": "0278448000009",
    "shop": "Woolworths",
    "weight": "1KG",
    "prices": [
      {
        "state": "VIC",
        "price": "2500",
        "price_per_unit": "2500",
        "price_unit": "KG"
      },
      {
        "state": "QLD",
        "price": "2500",
        "price_per_unit": "2500",
        "price_unit": "KG"
      },
      {
        "state": "WA",
        "price": "2500",
        "price_per_unit": "2500",
        "price_unit": "KG"
      },
      {
        "state": "SA",
        "price": "2500",
        "price_per_unit": "2500",
        "price_unit": "KG"
      },
      {
        "state": "TAS",
        "price": "2500",
        "price_per_unit": "2500",
        "price_unit": "KG"
      },
      {
        "state": "ACT",
        "price": "2500",
        "price_per_unit": "2500",
        "price_unit": "KG"
      },
      {
        "state": "NT",
        "price": "2500",
        "price_per_unit": "2500",
        "price_unit": "KG"
      }
    ]
  },
  {
    "source_url": "https://www.woolworths.com.au/shop/productdetails/48624/woolworths-jumbo-greek-kalamata-olives",
    "name": "Woolworths Jumbo Greek Kalamata Olives Per Kg",
    "image_url": "https://cdn1.woolworths.media/content/wowproductimages/large/048624.jpg",
    "source_id": "Woolworths - 48624",
    "barcode": "0270362000004",
    "shop": "Woolworths",
    "weight": "1KG",
    "prices": [
      {
        "state": "VIC",
        "price": "2500",
        "price_per_unit": "2500",
        "price_unit": "KG"
      },
      {
        "state": "QLD",
        "price": "2500",
        "price_per_unit": "2500",
        "price_unit": "KG"
      },
      {
        "state": "WA",
        "price": "2500",
        "price_per_unit": "2500",
        "price_unit": "KG"
      },
      {
        "state": "SA",
        "price": "2500",
        "price_per_unit": "2500",
        "price_unit": "KG"
      },
      {
        "state": "TAS",
        "price": "2500",
        "price_per_unit": "2500",
        "price_unit": "KG"
      },
      {
        "state": "ACT",
        "price": "2500",
        "price_per_unit": "2500",
        "price_unit": "KG"
      }
    ]
  },
  {
    "source_url": "https://www.woolworths.com.au/shop/productdetails/179084/woolworths-olives-green-stuffed-chilli-garlic",
    "name": "Woolworths Olives Green Stuffed Chilli Garlic Per Kg",
    "image_url": "https://cdn1.woolworths.media/content/wowproductimages/large/179084.jpg",
    "source_id": "Woolworths - 179084",
    "barcode": "0279025000009",
    "shop": "Woolworths",
    "weight": "1KG",
    "prices": [
      {
        "state": "VIC",
        "price": "2400",
        "price_per_unit": "2400",
        "price_unit": "KG"
      },
      {
        "state": "QLD",
        "price": "2400",
        "price_per_unit": "2400",
        "price_unit": "KG"
      },
      {
        "state": "WA",
        "price": "2400",
        "price_per_unit": "2400",
        "price_unit": "KG"
      },
      {
        "state": "SA",
        "price": "2400",
        "price_per_unit": "2400",
        "price_unit": "KG"
      },
      {
        "state": "TAS",
        "price": "2400",
        "price_per_unit": "2400",
        "price_unit": "KG"
      },
      {
        "state": "ACT",
        "price": "2400",
        "price_per_unit": "2400",
        "price_unit": "KG"
      },
      {
        "state": "NT",
        "price": "2400",
        "price_per_unit": "2400",
        "price_unit": "KG"
      }
    ]
  },
  {
    "source_url": "https://www.woolworths.com.au/shop/productdetails/56126/woolworths-olives-kalamata-greek-pitted",
    "name": "Woolworths Olives Kalamata Greek Pitted Per Kg",
    "image_url": "https://cdn1.woolworths.media/content/wowproductimages/large/056126.jpg",
    "source_id": "Woolworths - 56126",
    "barcode": "0272140000008",
    "shop": "Woolworths",
    "weight": "1KG",
    "prices": [
      {
        "state": "VIC",
        "price": "2300",
        "price_per_unit": "2300",
        "price_unit": "KG"
      },
      {
        "state": "QLD",
        "price": "2300",
        "price_per_unit": "2300",
        "price_unit": "KG"
      },
      {
        "state": "SA",
        "price": "2300",
        "price_per_unit": "2300",
        "price_unit": "KG"
      },
      {
        "state": "TAS",
        "price": "2300",
        "price_per_unit": "2300",
        "price_unit": "KG"
      },
      {
        "state": "ACT",
        "price": "2300",
        "price_per_unit": "2300",
        "price_unit": "KG"
      }
    ]
  },
  {
    "source_url": "https://www.woolworths.com.au/shop/productdetails/439703/woolworths-olives-pitted-mediterranean",
    "name": "Woolworths Olives Pitted Mediterranean Per Kg",
    "image_url": "https://cdn1.woolworths.media/content/wowproductimages/large/439703.jpg",
    "source_id": "Woolworths - 439703",
    "barcode": "0275212000005",
    "shop": "Woolworths",
    "weight": "1KG",
    "prices": [
      {
        "state": "VIC",
        "price": "2500",
        "price_per_unit": "2500",
        "price_unit": "KG"
      },
      {
        "state": "QLD",
        "price": "2500",
        "price_per_unit": "2500",
        "price_unit": "KG"
      },
      {
        "state": "WA",
        "price": "2500",
        "price_per_unit": "2500",
        "price_unit": "KG"
      },
      {
        "state": "SA",
        "price": "2500",
        "price_per_unit": "2500",
        "price_unit": "KG"
      },
      {
        "state": "TAS",
        "price": "2500",
        "price_per_unit": "2500",
        "price_unit": "KG"
      },
      {
        "state": "ACT",
        "price": "2500",
        "price_per_unit": "2500",
        "price_unit": "KG"
      },
      {
        "state": "NT",
        "price": "2500",
        "price_per_unit": "2500",
        "price_unit": "KG"
      }
    ]
  },
  {
    "source_url": "https://www.woolworths.com.au/shop/productdetails/477040/woolworths-semi-dried-tomatoes-mediterranean-herbs",
    "name": "Woolworths Semi Dried Tomatoes Mediterranean Herbs Per Kg",
    "image_url": "https://cdn1.woolworths.media/content/wowproductimages/large/477040.jpg",
    "source_id": "Woolworths - 477040",
    "barcode": "0272497000003",
    "shop": "Woolworths",
    "weight": "1KG",
    "prices": [
      {
        "state": "VIC",
        "price": "2800",
        "price_per_unit": "2800",
        "price_unit": "KG"
      },
      {
        "state": "QLD",
        "price": "2800",
        "price_per_unit": "2800",
        "price_unit": "KG"
      },
      {
        "state": "WA",
        "price": "2800",
        "price_per_unit": "2800",
        "price_unit": "KG"
      },
      {
        "state": "SA",
        "price": "2800",
        "price_per_unit": "2800",
        "price_unit": "KG"
      },
      {
        "state": "TAS",
        "price": "2800",
        "price_per_unit": "2800",
        "price_unit": "KG"
      },
      {
        "state": "ACT",
        "price": "2800",
        "price_per_unit": "2800",
        "price_unit": "KG"
      },
      {
        "state": "NT",
        "price": "2800",
        "price_per_unit": "2800",
        "price_unit": "KG"
      }
    ]
  },
  {
    "source_url": "https://www.woolworths.com.au/shop/productdetails/136262/sicilian-olives-from-the-deli",
    "name": "Sicilian Olives From The Deli Per Kg",
    "image_url": "https://cdn1.woolworths.media/content/wowproductimages/large/136262.jpg",
    "source_id": "Woolworths - 136262",
    "barcode": "0270464000001",
    "shop": "Woolworths",
    "weight": "1KG",
    "prices": [
      {
        "state": "QLD",
        "price": "2400",
        "price_per_unit": "2400",
        "price_unit": "KG"
      },
      {
        "state": "WA",
        "price": "2400",
        "price_per_unit": "2400",
        "price_unit": "KG"
      },
      {
        "state": "SA",
        "price": "2400",
        "price_per_unit": "2400",
        "price_unit": "KG"
      },
      {
        "state": "TAS",
        "price": "2400",
        "price_per_unit": "2400",
        "price_unit": "KG"
      },
      {
        "state": "ACT",
        "price": "2400",
        "price_per_unit": "2400",
        "price_unit": "KG"
      }
    ]
  },
  {
    "source_url": "https://www.woolworths.com.au/shop/productdetails/439704/woolworths-mixed-tuscan-antipasto",
    "name": "Woolworths Mixed Tuscan Antipasto Per Kg",
    "image_url": "https://cdn1.woolworths.media/content/wowproductimages/large/439704.jpg",
    "source_id": "Woolworths - 439704",
    "barcode": "0275445000001",
    "shop": "Woolworths",
    "weight": "1KG",
    "prices": [
      {
        "state": "QLD",
        "price": "2500",
        "price_per_unit": "2500",
        "price_unit": "KG"
      },
      {
        "state": "SA",
        "price": "2500",
        "price_per_unit": "2500",
        "price_unit": "KG"
      },
      {
        "state": "TAS",
        "price": "2500",
        "price_per_unit": "2500",
        "price_unit": "KG"
      },
      {
        "state": "ACT",
        "price": "2500",
        "price_per_unit": "2500",
        "price_unit": "KG"
      },
      {
        "state": "NT",
        "price": "2400",
        "price_per_unit": "2400",
        "price_unit": "KG"
      }
    ]
  },
  {
    "source_url": "https://www.woolworths.com.au/shop/productdetails/454527/woolworths-olives-mixed-marinated",
    "name": "Woolworths Olives Mixed Marinated Per Kg",
    "image_url": "https://cdn1.woolworths.media/content/wowproductimages/large/454527.jpg",
    "source_id": "Woolworths - 454527",
    "barcode": "0274460000003",
    "shop": "Woolworths",
    "weight": "1KG",
    "prices": [
      {
        "state": "QLD",
        "price": "2500",
        "price_per_unit": "2500",
        "price_unit": "KG"
      },
      {
        "state": "SA",
        "price": "2500",
        "price_per_unit": "2500",
        "price_unit": "KG"
      },
      {
        "state": "TAS",
        "price": "2500",
        "price_per_unit": "2500",
        "price_unit": "KG"
      },
      {
        "state": "ACT",
        "price": "2500",
        "price_per_unit": "2500",
        "price_unit": "KG"
      }
    ]
  },
  {
    "source_url": "https://www.woolworths.com.au/shop/productdetails/73258/d-orsogna-salami-cacciatora-hot",
    "name": "D'Orsogna Salami Cacciatora Hot 200g - 250g",
    "image_url": "https://cdn1.woolworths.media/content/wowproductimages/large/073258.jpg",
    "source_id": "Woolworths - 73258",
    "barcode": "2858130000005",
    "shop": "Woolworths",
    "weight": "1KG",
    "prices": [
      {
        "state": "WA",
        "price": "875",
        "price_per_unit": "3500",
        "price_unit": "KG"
      }
    ]
  },
  {
    "source_url": "https://www.woolworths.com.au/shop/productdetails/73277/d-orsogna-salami-cacciatora-mild",
    "name": "D'Orsogna Salami Cacciatora Mild 200g - 250g",
    "image_url": "https://cdn1.woolworths.media/content/wowproductimages/large/073277.jpg",
    "source_id": "Woolworths - 73277",
    "barcode": "2858120000008",
    "shop": "Woolworths",
    "weight": "1KG",
    "prices": [
      {
        "state": "WA",
        "price": "875",
        "price_per_unit": "3500",
        "price_unit": "KG"
      }
    ]
  },
  {
    "source_url": "https://www.woolworths.com.au/shop/productdetails/345421/d-orsogna-salami-romano",
    "name": "D'Orsogna Salami Romano 200g",
    "image_url": "https://cdn1.woolworths.media/content/wowproductimages/large/345421.jpg",
    "source_id": "Woolworths - 345421",
    "barcode": "9300767092487",
    "shop": "Woolworths",
    "weight": "1KG",
    "prices": [
      {
        "state": "WA",
        "price": "690",
        "price_per_unit": "3450",
        "price_unit": "KG"
      }
    ]
  },
  {
    "source_url": "https://www.woolworths.com.au/shop/productdetails/898462/valley-produce-company-muscatel-clusters",
    "name": "Valley Produce Company Muscatel Clusters 100g",
    "image_url": "https://cdn1.woolworths.media/content/wowproductimages/large/898462.jpg",
    "source_id": "Woolworths - 898462",
    "barcode": "9329772104916",
    "shop": "Woolworths",
    "weight": "100G",
    "prices": [
      {
        "state": "WA",
        "price": "1350",
        "price_per_unit": "1350",
        "price_unit": "G"
      }
    ]
  },
  {
    "source_url": "https://www.woolworths.com.au/shop/productdetails/90980/kalleske-pepperoni-tanunda",
    "name": "Kalleske Pepperoni Tanunda 125g",
    "image_url": "https://cdn1.woolworths.media/content/wowproductimages/large/090980.jpg",
    "source_id": "Woolworths - 90980",
    "barcode": "9316132000308",
    "shop": "Woolworths",
    "weight": "1KG",
    "prices": [
      {
        "state": "SA",
        "price": "480",
        "price_per_unit": "3840",
        "price_unit": "KG"
      },
      {
        "state": "NT",
        "price": "480",
        "price_per_unit": "3840",
        "price_unit": "KG"
      }
    ]
  },
  {
    "source_url": "https://www.woolworths.com.au/shop/productdetails/58247/woolworths-97-fat-free-semi-dried-tomato",
    "name": "Woolworths 97% Fat Free Semi Dried Tomato 1kg",
    "image_url": "https://cdn1.woolworths.media/content/wowproductimages/large/default.png",
    "source_id": "Woolworths - 58247",
    "barcode": "0272625000004",
    "shop": "Woolworths",
    "weight": "1KG",
    "prices": [
      {
        "state": "SA",
        "price": "2500",
        "price_per_unit": "2500",
        "price_unit": "KG"
      },
      {
        "state": "TAS",
        "price": "2500",
        "price_per_unit": "2500",
        "price_unit": "KG"
      },
      {
        "state": "ACT",
        "price": "2500",
        "price_per_unit": "2500",
        "price_unit": "KG"
      }
    ]
  },
  {
    "source_url": "https://www.woolworths.com.au/shop/productdetails/54679/woolworths-green-olive-stuffed-with-creamy-fetta",
    "name": "Woolworths Green Olive Stuffed With Creamy Fetta Per Kg",
    "image_url": "https://cdn1.woolworths.media/content/wowproductimages/large/054679.jpg",
    "source_id": "Woolworths - 54679",
    "barcode": "0278447000000",
    "shop": "Woolworths",
    "weight": "1KG",
    "prices": [
      {
        "state": "SA",
        "price": "2500",
        "price_per_unit": "2500",
        "price_unit": "KG"
      },
      {
        "state": "TAS",
        "price": "2500",
        "price_per_unit": "2500",
        "price_unit": "KG"
      },
      {
        "state": "ACT",
        "price": "2500",
        "price_per_unit": "2500",
        "price_unit": "KG"
      },
      {
        "state": "NT",
        "price": "2500",
        "price_per_unit": "2500",
        "price_unit": "KG"
      }
    ]
  },
  {
    "source_url": "https://www.woolworths.com.au/shop/productdetails/54689/woolworths-sweet-baby-peppers-with-cream-cheese",
    "name": "Woolworths Sweet Baby Peppers With Cream Cheese 1kg",
    "image_url": "https://cdn1.woolworths.media/content/wowproductimages/large/054689.jpg",
    "source_id": "Woolworths - 54689",
    "barcode": "0278537000002",
    "shop": "Woolworths",
    "weight": "1KG",
    "prices": [
      {
        "state": "SA",
        "price": "3998",
        "price_per_unit": "3998",
        "price_unit": "KG"
      },
      {
        "state": "ACT",
        "price": "3998",
        "price_per_unit": "3998",
        "price_unit": "KG"
      }
    ]
  },
  {
    "source_url": "https://www.woolworths.com.au/shop/productdetails/84690/wintulichs-salami-pepperoni",
    "name": "Wintulichs Salami Pepperoni 375G",
    "image_url": "https://cdn1.woolworths.media/content/wowproductimages/large/084690.jpg",
    "source_id": "Woolworths - 84690",
    "barcode": "9311007010840",
    "shop": "Woolworths",
    "weight": "1KG",
    "prices": [
      {
        "state": "NT",
        "price": "1250",
        "price_per_unit": "3333",
        "price_unit": "KG"
      }
    ]
  }
]