[
  {
    "source_url": "https://www.woolworths.com.au/shop/productdetails/277146/easy-eats-beef-stroganoff-pasta-beef-stroganoff-pasta",
    "name": "Easy Eats Beef Stroganoff Pasta 350g",
    "image_url": "https://cdn1.woolworths.media/content/wowproductimages/large/277146.jpg",
    "source_id": "Woolworths - 277146",
    "barcode": "793618109837",
    "shop": "Woolworths",
    "weight": "100G",
    "prices": [
      {
        "state": "NSW",
        "price": "900",
        "price_per_unit": "257",
        "price_unit": "G"
      },
      {
        "state": "NSW",
        "price": "900",
        "price_per_unit": "257",
        "price_unit": "G"
      },
      {
        "state": "QLD",
        "price": "900",
        "price_per_unit": "257",
        "price_unit": "G"
      },
      {
        "state": "QLD",
        "price": "900",
        "price_per_unit": "257",
        "price_unit": "G"
      },
      {
        "state": "WA",
        "price": "900",
        "price_per_unit": "257",
        "price_unit": "G"
      },
      {
        "state": "WA",
        "price": "900",
        "price_per_unit": "257",
        "price_unit": "G"
      },
      {
        "state": "SA",
        "price": "900",
        "price_per_unit": "257",
        "price_unit": "G"
      },
      {
        "state": "SA",
        "price": "900",
        "price_per_unit": "257",
        "price_unit": "G"
      },
      {
        "state": "TAS",
        "price": "900",
        "price_per_unit": "257",
        "price_unit": "G"
      },
      {
        "state": "TAS",
        "price": "900",
        "price_per_unit": "257",
        "price_unit": "G"
      },
      {
        "state": "ACT",
        "price": "900",
        "price_per_unit": "257",
        "price_unit": "G"
      },
      {
        "state": "ACT",
        "price": "900",
        "price_per_unit": "257",
        "price_unit": "G"
      }
    ]
  },
  {
    "source_url": "https://www.woolworths.com.au/shop/productdetails/277761/easy-eats-chicken-burrito-bowl-chicken-burrito-bowl",
    "name": "Easy Eats Chicken Burrito Bowl 350g",
    "image_url": "https://cdn1.woolworths.media/content/wowproductimages/large/277761.jpg",
    "source_id": "Woolworths - 277761",
    "barcode": "793618109820",
    "shop": "Woolworths",
    "weight": "100G",
    "prices": [
      {
        "state": "NSW",
        "price": "900",
        "price_per_unit": "257",
        "price_unit": "G"
      },
      {
        "state": "NSW",
        "price": "900",
        "price_per_unit": "257",
        "price_unit": "G"
      },
      {
        "state": "VIC",
        "price": "900",
        "price_per_unit": "257",
        "price_unit": "G"
      },
      {
        "state": "VIC",
        "price": "900",
        "price_per_unit": "257",
        "price_unit": "G"
      },
      {
        "state": "QLD",
        "price": "900",
        "price_per_unit": "257",
        "price_unit": "G"
      },
      {
        "state": "QLD",
        "price": "900",
        "price_per_unit": "257",
        "price_unit": "G"
      },
      {
        "state": "WA",
        "price": "900",
        "price_per_unit": "257",
        "price_unit": "G"
      },
      {
        "state": "WA",
        "price": "900",
        "price_per_unit": "257",
        "price_unit": "G"
      },
      {
        "state": "SA",
        "price": "900",
        "price_per_unit": "257",
        "price_unit": "G"
      },
      {
        "state": "SA",
        "price": "900",
        "price_per_unit": "257",
        "price_unit": "G"
      },
      {
        "state": "TAS",
        "price": "900",
        "price_per_unit": "257",
        "price_unit": "G"
      },
      {
        "state": "TAS",
        "price": "900",
        "price_per_unit": "257",
        "price_unit": "G"
      },
      {
        "state": "ACT",
        "price": "900",
        "price_per_unit": "257",
        "price_unit": "G"
      },
      {
        "state": "ACT",
        "price": "900",
        "price_per_unit": "257",
        "price_unit": "G"
      }
    ]
  },
  {
    "source_url": "https://www.woolworths.com.au/shop/productdetails/277320/easy-eats-chicken-pesto-pasta-chicken-pesto-pasta",
    "name": "Easy Eats Chicken Pesto Pasta 350g",
    "image_url": "https://cdn1.woolworths.media/content/wowproductimages/large/277320.jpg",
    "source_id": "Woolworths - 277320",
    "barcode": "793618109844",
    "shop": "Woolworths",
    "weight": "100G",
    "prices": [
      {
        "state": "NSW",
        "price": "900",
        "price_per_unit": "257",
        "price_unit": "G"
      },
      {
        "state": "NSW",
        "price": "900",
        "price_per_unit": "257",
        "price_unit": "G"
      },
      {
        "state": "VIC",
        "price": "900",
        "price_per_unit": "257",
        "price_unit": "G"
      },
      {
        "state": "VIC",
        "price": "900",
        "price_per_unit": "257",
        "price_unit": "G"
      },
      {
        "state": "QLD",
        "price": "900",
        "price_per_unit": "257",
        "price_unit": "G"
      },
      {
        "state": "QLD",
        "price": "900",
        "price_per_unit": "257",
        "price_unit": "G"
      },
      {
        "state": "SA",
        "price": "900",
        "price_per_unit": "257",
        "price_unit": "G"
      },
      {
        "state": "SA",
        "price": "900",
        "price_per_unit": "257",
        "price_unit": "G"
      },
      {
        "state": "TAS",
        "price": "900",
        "price_per_unit": "257",
        "price_unit": "G"
      },
      {
        "state": "TAS",
        "price": "900",
        "price_per_unit": "257",
        "price_unit": "G"
      },
      {
        "state": "ACT",
        "price": "900",
        "price_per_unit": "257",
        "price_unit": "G"
      },
      {
        "state": "ACT",
        "price": "900",
        "price_per_unit": "257",
        "price_unit": "G"
      }
    ]
  },
  {
    "source_url": "https://www.woolworths.com.au/shop/productdetails/354352/easy-eats-fried-chicken-potato-wedges",
    "name": "Easy Eats Fried Chicken & Potato Wedges 350g",
    "image_url": "https://cdn1.woolworths.media/content/wowproductimages/large/354352.jpg",
    "source_id": "Woolworths - 354352",
    "barcode": "793618109943",
    "shop": "Woolworths",
    "weight": "100G",
    "prices": [
      {
        "state": "NSW",
        "price": "900",
        "price_per_unit": "257",
        "price_unit": "G"
      },
      {
        "state": "NSW",
        "price": "900",
        "price_per_unit": "257",
        "price_unit": "G"
      },
      {
        "state": "VIC",
        "price": "900",
        "price_per_unit": "257",
        "price_unit": "G"
      },
      {
        "state": "VIC",
        "price": "900",
        "price_per_unit": "257",
        "price_unit": "G"
      },
      {
        "state": "QLD",
        "price": "900",
        "price_per_unit": "257",
        "price_unit": "G"
      },
      {
        "state": "QLD",
        "price": "900",
        "price_per_unit": "257",
        "price_unit": "G"
      },
      {
        "state": "WA",
        "price": "900",
        "price_per_unit": "257",
        "price_unit": "G"
      },
      {
        "state": "WA",
        "price": "900",
        "price_per_unit": "257",
        "price_unit": "G"
      },
      {
        "state": "SA",
        "price": "900",
        "price_per_unit": "257",
        "price_unit": "G"
      },
      {
        "state": "SA",
        "price": "900",
        "price_per_unit": "257",
        "price_unit": "G"
      },
      {
        "state": "TAS",
        "price": "900",
        "price_per_unit": "257",
        "price_unit": "G"
      },
      {
        "state": "TAS",
        "price": "900",
        "price_per_unit": "257",
        "price_unit": "G"
      },
      {
        "state": "ACT",
        "price": "900",
        "price_per_unit": "257",
        "price_unit": "G"
      },
      {
        "state": "ACT",
        "price": "900",
        "price_per_unit": "257",
        "price_unit": "G"
      }
    ]
  },
  {
    "source_url": "https://www.woolworths.com.au/shop/productdetails/278207/easy-eats-teriyaki-chicken-teriyaki-chicken",
    "name": "Easy Eats Teriyaki Chicken 350g",
    "image_url": "https://cdn1.woolworths.media/content/wowproductimages/large/278207.jpg",
    "source_id": "Woolworths - 278207",
    "barcode": "793618109851",
    "shop": "Woolworths",
    "weight": "100G",
    "prices": [
      {
        "state": "NSW",
        "price": "900",
        "price_per_unit": "257",
        "price_unit": "G"
      },
      {
        "state": "NSW",
        "price": "900",
        "price_per_unit": "257",
        "price_unit": "G"
      },
      {
        "state": "VIC",
        "price": "900",
        "price_per_unit": "257",
        "price_unit": "G"
      },
      {
        "state": "VIC",
        "price": "900",
        "price_per_unit": "257",
        "price_unit": "G"
      },
      {
        "state": "QLD",
        "price": "900",
        "price_per_unit": "257",
        "price_unit": "G"
      },
      {
        "state": "QLD",
        "price": "900",
        "price_per_unit": "257",
        "price_unit": "G"
      },
      {
        "state": "WA",
        "price": "900",
        "price_per_unit": "257",
        "price_unit": "G"
      },
      {
        "state": "WA",
        "price": "900",
        "price_per_unit": "257",
        "price_unit": "G"
      },
      {
        "state": "SA",
        "price": "900",
        "price_per_unit": "257",
        "price_unit": "G"
      },
      {
        "state": "SA",
        "price": "900",
        "price_per_unit": "257",
        "price_unit": "G"
      },
      {
        "state": "TAS",
        "price": "900",
        "price_per_unit": "257",
        "price_unit": "G"
      },
      {
        "state": "TAS",
        "price": "900",
        "price_per_unit": "257",
        "price_unit": "G"
      },
      {
        "state": "ACT",
        "price": "900",
        "price_per_unit": "257",
        "price_unit": "G"
      },
      {
        "state": "ACT",
        "price": "900",
        "price_per_unit": "257",
        "price_unit": "G"
      }
    ]
  },
  {
    "source_url": "https://www.woolworths.com.au/shop/productdetails/343250/fast-fuel-bbq-chicken-mac-cheese",
    "name": "Fast Fuel Bbq Chicken & Mac & Cheese 350g",
    "image_url": "https://cdn1.woolworths.media/content/wowproductimages/large/343250.jpg",
    "source_id": "Woolworths - 343250",
    "barcode": "793618109967",
    "shop": "Woolworths",
    "weight": "100G",
    "prices": [
      {
        "state": "QLD",
        "price": "995",
        "price_per_unit": "284",
        "price_unit": "G"
      },
      {
        "state": "QLD",
        "price": "995",
        "price_per_unit": "284",
        "price_unit": "G"
      },
      {
        "state": "ACT",
        "price": "995",
        "price_per_unit": "284",
        "price_unit": "G"
      },
      {
        "state": "ACT",
        "price": "995",
        "price_per_unit": "284",
        "price_unit": "G"
      }
    ]
  },
  {
    "source_url": "https://www.woolworths.com.au/shop/productdetails/240005/fast-fuel-chicken-katsudon-ready-meal",
    "name": "Fast Fuel Chicken Katsudon Ready Meal 350g",
    "image_url": "https://cdn1.woolworths.media/content/wowproductimages/large/240005.jpg",
    "source_id": "Woolworths - 240005",
    "barcode": "793618109691",
    "shop": "Woolworths",
    "weight": "100G",
    "prices": [
      {
        "state": "NSW",
        "price": "995",
        "price_per_unit": "284",
        "price_unit": "G"
      },
      {
        "state": "NSW",
        "price": "995",
        "price_per_unit": "284",
        "price_unit": "G"
      },
      {
        "state": "QLD",
        "price": "995",
        "price_per_unit": "284",
        "price_unit": "G"
      },
      {
        "state": "QLD",
        "price": "995",
        "price_per_unit": "284",
        "price_unit": "G"
      },
      {
        "state": "ACT",
        "price": "995",
        "price_per_unit": "284",
        "price_unit": "G"
      },
      {
        "state": "ACT",
        "price": "995",
        "price_per_unit": "284",
        "price_unit": "G"
      }
    ]
  },
  {
    "source_url": "https://www.woolworths.com.au/shop/productdetails/348599/fast-fuel-lemon-herb-schnitzel-rosemary-mash",
    "name": "Fast Fuel Lemon Herb Schnitzel & Rosemary Mash 350g",
    "image_url": "https://cdn1.woolworths.media/content/wowproductimages/large/348599.jpg",
    "source_id": "Woolworths - 348599",
    "barcode": "793618109950",
    "shop": "Woolworths",
    "weight": "100G",
    "prices": [
      {
        "state": "NSW",
        "price": "995",
        "price_per_unit": "284",
        "price_unit": "G"
      },
      {
        "state": "NSW",
        "price": "995",
        "price_per_unit": "284",
        "price_unit": "G"
      },
      {
        "state": "VIC",
        "price": "995",
        "price_per_unit": "284",
        "price_unit": "G"
      },
      {
        "state": "VIC",
        "price": "995",
        "price_per_unit": "284",
        "price_unit": "G"
      },
      {
        "state": "ACT",
        "price": "995",
        "price_per_unit": "284",
        "price_unit": "G"
      },
      {
        "state": "ACT",
        "price": "995",
        "price_per_unit": "284",
        "price_unit": "G"
      }
    ]
  },
  {
    "source_url": "https://www.woolworths.com.au/shop/productdetails/277321/fast-fuel-meals-south-fried-chicken",
    "name": "Fast Fuel Meals South Fried Chicken 350g",
    "image_url": "https://cdn1.woolworths.media/content/wowproductimages/large/277321.jpg",
    "source_id": "Woolworths - 277321",
    "barcode": "793618109769",
    "shop": "Woolworths",
    "weight": "100G",
    "prices": [
      {
        "state": "NSW",
        "price": "995",
        "price_per_unit": "284",
        "price_unit": "G"
      },
      {
        "state": "NSW",
        "price": "995",
        "price_per_unit": "284",
        "price_unit": "G"
      },
      {
        "state": "VIC",
        "price": "995",
        "price_per_unit": "284",
        "price_unit": "G"
      },
      {
        "state": "VIC",
        "price": "995",
        "price_per_unit": "284",
        "price_unit": "G"
      },
      {
        "state": "QLD",
        "price": "995",
        "price_per_unit": "284",
        "price_unit": "G"
      },
      {
        "state": "QLD",
        "price": "995",
        "price_per_unit": "284",
        "price_unit": "G"
      },
      {
        "state": "ACT",
        "price": "995",
        "price_per_unit": "284",
        "price_unit": "G"
      },
      {
        "state": "ACT",
        "price": "995",
        "price_per_unit": "284",
        "price_unit": "G"
      }
    ]
  },
  {
    "source_url": "https://www.woolworths.com.au/shop/productdetails/53030/fast-fuel-satay-chicken-hokkien-noodles",
    "name": "Fast Fuel Satay Chicken Hokkien Noodles 350g",
    "image_url": "https://cdn1.woolworths.media/content/wowproductimages/large/053030.jpg",
    "source_id": "Woolworths - 53030",
    "barcode": "781005646522",
    "shop": "Woolworths",
    "weight": "100G",
    "prices": [
      {
        "state": "NSW",
        "price": "995",
        "price_per_unit": "284",
        "price_unit": "G"
      },
      {
        "state": "NSW",
        "price": "995",
        "price_per_unit": "284",
        "price_unit": "G"
      },
      {
        "state": "QLD",
        "price": "995",
        "price_per_unit": "284",
        "price_unit": "G"
      },
      {
        "state": "QLD",
        "price": "995",
        "price_per_unit": "284",
        "price_unit": "G"
      },
      {
        "state": "ACT",
        "price": "995",
        "price_per_unit": "284",
        "price_unit": "G"
      },
      {
        "state": "ACT",
        "price": "995",
        "price_per_unit": "284",
        "price_unit": "G"
      }
    ]
  },
  {
    "source_url": "https://www.woolworths.com.au/shop/productdetails/71723/my-muscle-chef-asian-chicken-stir-fry-high-protein",
    "name": "My Muscle Chef Asian Chicken Stir Fry High Protein 420g",
    "image_url": "https://cdn1.woolworths.media/content/wowproductimages/large/071723.jpg",
    "source_id": "Woolworths - 71723",
    "barcode": "9353333006913",
    "shop": "Woolworths",
    "weight": "100G",
    "prices": [
      {
        "state": "NSW",
        "price": "1195",
        "price_per_unit": "285",
        "price_unit": "G"
      },
      {
        "state": "NSW",
        "price": "1195",
        "price_per_unit": "285",
        "price_unit": "G"
      },
      {
        "state": "QLD",
        "price": "1195",
        "price_per_unit": "285",
        "price_unit": "G"
      },
      {
        "state": "QLD",
        "price": "1195",
        "price_per_unit": "285",
        "price_unit": "G"
      },
      {
        "state": "ACT",
        "price": "1195",
        "price_per_unit": "285",
        "price_unit": "G"
      },
      {
        "state": "ACT",
        "price": "1195",
        "price_per_unit": "285",
        "price_unit": "G"
      }
    ]
  },
  {
    "source_url": "https://www.woolworths.com.au/shop/productdetails/278049/my-muscle-chef-beef-ravioli-with-napolitana-sauce",
    "name": "My Muscle Chef Beef Ravioli With Napolitana Sauce 380g",
    "image_url": "https://cdn1.woolworths.media/content/wowproductimages/large/278049.jpg",
    "source_id": "Woolworths - 278049",
    "barcode": "9353333004001",
    "shop": "Woolworths",
    "weight": "100G",
    "prices": [
      {
        "state": "NSW",
        "price": "1195",
        "price_per_unit": "314",
        "price_unit": "G"
      },
      {
        "state": "NSW",
        "price": "1195",
        "price_per_unit": "314",
        "price_unit": "G"
      },
      {
        "state": "VIC",
        "price": "1195",
        "price_per_unit": "314",
        "price_unit": "G"
      },
      {
        "state": "VIC",
        "price": "1195",
        "price_per_unit": "314",
        "price_unit": "G"
      },
      {
        "state": "QLD",
        "price": "1195",
        "price_per_unit": "314",
        "price_unit": "G"
      },
      {
        "state": "QLD",
        "price": "1195",
        "price_per_unit": "314",
        "price_unit": "G"
      },
      {
        "state": "WA",
        "price": "1195",
        "price_per_unit": "314",
        "price_unit": "G"
      },
      {
        "state": "WA",
        "price": "1195",
        "price_per_unit": "314",
        "price_unit": "G"
      },
      {
        "state": "ACT",
        "price": "1195",
        "price_per_unit": "314",
        "price_unit": "G"
      },
      {
        "state": "ACT",
        "price": "1195",
        "price_per_unit": "314",
        "price_unit": "G"
      }
    ]
  },
  {
    "source_url": "https://www.woolworths.com.au/shop/productdetails/60974/my-muscle-chef-chicken-vodka-penne-high-protein",
    "name": "My Muscle Chef Chicken Vodka Penne High Protein 350g",
    "image_url": "https://cdn1.woolworths.media/content/wowproductimages/large/060974.jpg",
    "source_id": "Woolworths - 60974",
    "barcode": "9353333005312",
    "shop": "Woolworths",
    "weight": "100G",
    "prices": [
      {
        "state": "VIC",
        "price": "1195",
        "price_per_unit": "341",
        "price_unit": "G"
      },
      {
        "state": "VIC",
        "price": "1195",
        "price_per_unit": "341",
        "price_unit": "G"
      },
      {
        "state": "QLD",
        "price": "1195",
        "price_per_unit": "341",
        "price_unit": "G"
      },
      {
        "state": "QLD",
        "price": "1195",
        "price_per_unit": "341",
        "price_unit": "G"
      },
      {
        "state": "SA",
        "price": "1195",
        "price_per_unit": "341",
        "price_unit": "G"
      },
      {
        "state": "SA",
        "price": "1195",
        "price_per_unit": "341",
        "price_unit": "G"
      },
      {
        "state": "ACT",
        "price": "1195",
        "price_per_unit": "341",
        "price_unit": "G"
      },
      {
        "state": "ACT",
        "price": "1195",
        "price_per_unit": "341",
        "price_unit": "G"
      }
    ]
  },
  {
    "source_url": "https://www.woolworths.com.au/shop/productdetails/91648/my-muscle-chef-chipotle-chick-burrito-bowl-chilled-meal",
    "name": "My Muscle Chef Chipotle Chick Burrito Bowl Chilled Meal 450g",
    "image_url": "https://cdn1.woolworths.media/content/wowproductimages/large/091648.jpg",
    "source_id": "Woolworths - 91648",
    "barcode": "9353333000638",
    "shop": "Woolworths",
    "weight": "100G",
    "prices": [
      {
        "state": "NSW",
        "price": "1195",
        "price_per_unit": "266",
        "price_unit": "G"
      },
      {
        "state": "NSW",
        "price": "1195",
        "price_per_unit": "266",
        "price_unit": "G"
      },
      {
        "state": "VIC",
        "price": "1195",
        "price_per_unit": "266",
        "price_unit": "G"
      },
      {
        "state": "VIC",
        "price": "1195",
        "price_per_unit": "266",
        "price_unit": "G"
      },
      {
        "state": "QLD",
        "price": "1195",
        "price_per_unit": "266",
        "price_unit": "G"
      },
      {
        "state": "QLD",
        "price": "1195",
        "price_per_unit": "266",
        "price_unit": "G"
      },
      {
        "state": "WA",
        "price": "1195",
        "price_per_unit": "266",
        "price_unit": "G"
      },
      {
        "state": "WA",
        "price": "1195",
        "price_per_unit": "266",
        "price_unit": "G"
      },
      {
        "state": "SA",
        "price": "1195",
        "price_per_unit": "266",
        "price_unit": "G"
      },
      {
        "state": "SA",
        "price": "1195",
        "price_per_unit": "266",
        "price_unit": "G"
      },
      {
        "state": "ACT",
        "price": "1195",
        "price_per_unit": "266",
        "price_unit": "G"
      },
      {
        "state": "ACT",
        "price": "1195",
        "price_per_unit": "266",
        "price_unit": "G"
      },
      {
        "state": "NT",
        "price": "1195",
        "price_per_unit": "266",
        "price_unit": "G"
      },
      {
        "state": "NT",
        "price": "1195",
        "price_per_unit": "266",
        "price_unit": "G"
      }
    ]
  },
  {
    "source_url": "https://www.woolworths.com.au/shop/productdetails/279762/my-muscle-chef-creamy-chicken-mushroom-pasta",
    "name": "My Muscle Chef Creamy Chicken & Mushroom Pasta 320g",
    "image_url": "https://cdn1.woolworths.media/content/wowproductimages/large/279762.jpg",
    "source_id": "Woolworths - 279762",
    "barcode": "9353333004292",
    "shop": "Woolworths",
    "weight": "100G",
    "prices": [
      {
        "state": "NSW",
        "price": "1195",
        "price_per_unit": "373",
        "price_unit": "G"
      },
      {
        "state": "NSW",
        "price": "1195",
        "price_per_unit": "373",
        "price_unit": "G"
      },
      {
        "state": "VIC",
        "price": "1195",
        "price_per_unit": "373",
        "price_unit": "G"
      },
      {
        "state": "VIC",
        "price": "1195",
        "price_per_unit": "373",
        "price_unit": "G"
      },
      {
        "state": "QLD",
        "price": "1195",
        "price_per_unit": "373",
        "price_unit": "G"
      },
      {
        "state": "QLD",
        "price": "1195",
        "price_per_unit": "373",
        "price_unit": "G"
      },
      {
        "state": "SA",
        "price": "1195",
        "price_per_unit": "373",
        "price_unit": "G"
      },
      {
        "state": "SA",
        "price": "1195",
        "price_per_unit": "373",
        "price_unit": "G"
      },
      {
        "state": "ACT",
        "price": "1195",
        "price_per_unit": "373",
        "price_unit": "G"
      },
      {
        "state": "ACT",
        "price": "1195",
        "price_per_unit": "373",
        "price_unit": "G"
      }
    ]
  },
  {
    "source_url": "https://www.woolworths.com.au/shop/productdetails/123591/my-muscle-chef-crumbed-chicken-roasted-potatoes-chilled-meal",
    "name": "My Muscle Chef Crumbed Chicken Roasted Potatoes Chilled Meal 340g",
    "image_url": "https://cdn1.woolworths.media/content/wowproductimages/large/123591.jpg",
    "source_id": "Woolworths - 123591",
    "barcode": "9353333000775",
    "shop": "Woolworths",
    "weight": "100G",
    "prices": [
      {
        "state": "NSW",
        "price": "1195",
        "price_per_unit": "351",
        "price_unit": "G"
      },
      {
        "state": "NSW",
        "price": "1195",
        "price_per_unit": "351",
        "price_unit": "G"
      },
      {
        "state": "VIC",
        "price": "1195",
        "price_per_unit": "351",
        "price_unit": "G"
      },
      {
        "state": "VIC",
        "price": "1195",
        "price_per_unit": "351",
        "price_unit": "G"
      },
      {
        "state": "QLD",
        "price": "1195",
        "price_per_unit": "351",
        "price_unit": "G"
      },
      {
        "state": "QLD",
        "price": "1195",
        "price_per_unit": "351",
        "price_unit": "G"
      },
      {
        "state": "WA",
        "price": "1195",
        "price_per_unit": "351",
        "price_unit": "G"
      },
      {
        "state": "WA",
        "price": "1195",
        "price_per_unit": "351",
        "price_unit": "G"
      },
      {
        "state": "SA",
        "price": "1195",
        "price_per_unit": "351",
        "price_unit": "G"
      },
      {
        "state": "SA",
        "price": "1195",
        "price_per_unit": "351",
        "price_unit": "G"
      },
      {
        "state": "ACT",
        "price": "1195",
        "price_per_unit": "351",
        "price_unit": "G"
      },
      {
        "state": "ACT",
        "price": "1195",
        "price_per_unit": "351",
        "price_unit": "G"
      },
      {
        "state": "NT",
        "price": "1195",
        "price_per_unit": "351",
        "price_unit": "G"
      },
      {
        "state": "NT",
        "price": "1195",
        "price_per_unit": "351",
        "price_unit": "G"
      }
    ]
  },
  {
    "source_url": "https://www.woolworths.com.au/shop/productdetails/91226/my-muscle-chef-pesto-chicken-pasta-chilled-meal",
    "name": "My Muscle Chef Pesto Chicken Pasta Chilled Meal 330g",
    "image_url": "https://cdn1.woolworths.media/content/wowproductimages/large/091226.jpg",
    "source_id": "Woolworths - 91226",
    "barcode": "9353333004360",
    "shop": "Woolworths",
    "weight": "100G",
    "prices": [
      {
        "state": "NSW",
        "price": "1195",
        "price_per_unit": "362",
        "price_unit": "G"
      },
      {
        "state": "NSW",
        "price": "1195",
        "price_per_unit": "362",
        "price_unit": "G"
      },
      {
        "state": "VIC",
        "price": "1195",
        "price_per_unit": "362",
        "price_unit": "G"
      },
      {
        "state": "VIC",
        "price": "1195",
        "price_per_unit": "362",
        "price_unit": "G"
      },
      {
        "state": "QLD",
        "price": "1195",
        "price_per_unit": "362",
        "price_unit": "G"
      },
      {
        "state": "QLD",
        "price": "1195",
        "price_per_unit": "362",
        "price_unit": "G"
      },
      {
        "state": "WA",
        "price": "1195",
        "price_per_unit": "362",
        "price_unit": "G"
      },
      {
        "state": "WA",
        "price": "1195",
        "price_per_unit": "362",
        "price_unit": "G"
      },
      {
        "state": "SA",
        "price": "1195",
        "price_per_unit": "362",
        "price_unit": "G"
      },
      {
        "state": "SA",
        "price": "1195",
        "price_per_unit": "362",
        "price_unit": "G"
      },
      {
        "state": "ACT",
        "price": "1195",
        "price_per_unit": "362",
        "price_unit": "G"
      },
      {
        "state": "ACT",
        "price": "1195",
        "price_per_unit": "362",
        "price_unit": "G"
      }
    ]
  },
  {
    "source_url": "https://www.woolworths.com.au/shop/productdetails/92802/my-muscle-chef-satay-chicken-with-basmati-rice-green-peas",
    "name": "My Muscle Chef Satay Chicken With Basmati Rice & Green Peas 330g",
    "image_url": "https://cdn1.woolworths.media/content/wowproductimages/large/092802.jpg",
    "source_id": "Woolworths - 92802",
    "barcode": "9353333000027",
    "shop": "Woolworths",
    "weight": "100G",
    "prices": [
      {
        "state": "NSW",
        "price": "1195",
        "price_per_unit": "362",
        "price_unit": "G"
      },
      {
        "state": "NSW",
        "price": "1195",
        "price_per_unit": "362",
        "price_unit": "G"
      },
      {
        "state": "VIC",
        "price": "1195",
        "price_per_unit": "362",
        "price_unit": "G"
      },
      {
        "state": "VIC",
        "price": "1195",
        "price_per_unit": "362",
        "price_unit": "G"
      },
      {
        "state": "QLD",
        "price": "1195",
        "price_per_unit": "362",
        "price_unit": "G"
      },
      {
        "state": "QLD",
        "price": "1195",
        "price_per_unit": "362",
        "price_unit": "G"
      },
      {
        "state": "WA",
        "price": "1195",
        "price_per_unit": "362",
        "price_unit": "G"
      },
      {
        "state": "WA",
        "price": "1195",
        "price_per_unit": "362",
        "price_unit": "G"
      },
      {
        "state": "SA",
        "price": "1195",
        "price_per_unit": "362",
        "price_unit": "G"
      },
      {
        "state": "SA",
        "price": "1195",
        "price_per_unit": "362",
        "price_unit": "G"
      },
      {
        "state": "ACT",
        "price": "1195",
        "price_per_unit": "362",
        "price_unit": "G"
      },
      {
        "state": "ACT",
        "price": "1195",
        "price_per_unit": "362",
        "price_unit": "G"
      }
    ]
  },
  {
    "source_url": "https://www.woolworths.com.au/shop/productdetails/178806/my-muscle-chef-spaghetti-bolognese",
    "name": "My Muscle Chef Spaghetti Bolognese 330g",
    "image_url": "https://cdn1.woolworths.media/content/wowproductimages/large/178806.jpg",
    "source_id": "Woolworths - 178806",
    "barcode": "9353333000133",
    "shop": "Woolworths",
    "weight": "100G",
    "prices": [
      {
        "state": "VIC",
        "price": "1195",
        "price_per_unit": "362",
        "price_unit": "G"
      },
      {
        "state": "VIC",
        "price": "1195",
        "price_per_unit": "362",
        "price_unit": "G"
      },
      {
        "state": "QLD",
        "price": "1195",
        "price_per_unit": "362",
        "price_unit": "G"
      },
      {
        "state": "QLD",
        "price": "1195",
        "price_per_unit": "362",
        "price_unit": "G"
      },
      {
        "state": "WA",
        "price": "1195",
        "price_per_unit": "362",
        "price_unit": "G"
      },
      {
        "state": "WA",
        "price": "1195",
        "price_per_unit": "362",
        "price_unit": "G"
      },
      {
        "state": "SA",
        "price": "1195",
        "price_per_unit": "362",
        "price_unit": "G"
      },
      {
        "state": "SA",
        "price": "1195",
        "price_per_unit": "362",
        "price_unit": "G"
      },
      {
        "state": "ACT",
        "price": "1195",
        "price_per_unit": "362",
        "price_unit": "G"
      },
      {
        "state": "ACT",
        "price": "1195",
        "price_per_unit": "362",
        "price_unit": "G"
      }
    ]
  },
  {
    "source_url": "https://www.woolworths.com.au/shop/productdetails/278461/my-muscle-chef-thai-green-chicken-curry-with-rice",
    "name": "My Muscle Chef Thai Green Chicken Curry With Rice 320g",
    "image_url": "https://cdn1.woolworths.media/content/wowproductimages/large/278461.jpg",
    "source_id": "Woolworths - 278461",
    "barcode": "9353333004049",
    "shop": "Woolworths",
    "weight": "100G",
    "prices": [
      {
        "state": "NSW",
        "price": "1195",
        "price_per_unit": "373",
        "price_unit": "G"
      },
      {
        "state": "NSW",
        "price": "1195",
        "price_per_unit": "373",
        "price_unit": "G"
      },
      {
        "state": "QLD",
        "price": "1195",
        "price_per_unit": "373",
        "price_unit": "G"
      },
      {
        "state": "QLD",
        "price": "1195",
        "price_per_unit": "373",
        "price_unit": "G"
      },
      {
        "state": "WA",
        "price": "1195",
        "price_per_unit": "373",
        "price_unit": "G"
      },
      {
        "state": "WA",
        "price": "1195",
        "price_per_unit": "373",
        "price_unit": "G"
      },
      {
        "state": "SA",
        "price": "1195",
        "price_per_unit": "373",
        "price_unit": "G"
      },
      {
        "state": "SA",
        "price": "1195",
        "price_per_unit": "373",
        "price_unit": "G"
      },
      {
        "state": "ACT",
        "price": "1195",
        "price_per_unit": "373",
        "price_unit": "G"
      },
      {
        "state": "ACT",
        "price": "1195",
        "price_per_unit": "373",
        "price_unit": "G"
      }
    ]
  },
  {
    "source_url": "https://www.woolworths.com.au/shop/productdetails/278007/ready-chef-chicken-curry-rice-chicken-curry-rice",
    "name": "Ready Chef Chicken Curry Rice 350g",
    "image_url": "https://cdn1.woolworths.media/content/wowproductimages/large/278007.jpg",
    "source_id": "Woolworths - 278007",
    "barcode": "9319946008393",
    "shop": "Woolworths",
    "weight": "100G",
    "prices": [
      {
        "state": "NSW",
        "price": "500",
        "price_per_unit": "143",
        "price_unit": "G"
      },
      {
        "state": "NSW",
        "price": "500",
        "price_per_unit": "143",
        "price_unit": "G"
      },
      {
        "state": "WA",
        "price": "500",
        "price_per_unit": "143",
        "price_unit": "G"
      },
      {
        "state": "WA",
        "price": "500",
        "price_per_unit": "143",
        "price_unit": "G"
      }
    ]
  },
  {
    "source_url": "https://www.woolworths.com.au/shop/productdetails/278160/ready-chef-creamy-pasta",
    "name": "Ready Chef Creamy Pasta 350g",
    "image_url": "https://cdn1.woolworths.media/content/wowproductimages/large/278160.jpg",
    "source_id": "Woolworths - 278160",
    "barcode": "9319946008386",
    "shop": "Woolworths",
    "weight": "100G",
    "prices": [
      {
        "state": "NSW",
        "price": "500",
        "price_per_unit": "143",
        "price_unit": "G"
      },
      {
        "state": "NSW",
        "price": "500",
        "price_per_unit": "143",
        "price_unit": "G"
      },
      {
        "state": "WA",
        "price": "500",
        "price_per_unit": "143",
        "price_unit": "G"
      },
      {
        "state": "WA",
        "price": "500",
        "price_per_unit": "143",
        "price_unit": "G"
      }
    ]
  },
  {
    "source_url": "https://www.woolworths.com.au/shop/productdetails/278425/ready-chef-penne-bolognaise-penne-bolognaise",
    "name": "Ready Chef Penne Bolognaise 350g",
    "image_url": "https://cdn1.woolworths.media/content/wowproductimages/large/278425.jpg",
    "source_id": "Woolworths - 278425",
    "barcode": "9319946008416",
    "shop": "Woolworths",
    "weight": "100G",
    "prices": [
      {
        "state": "NSW",
        "price": "500",
        "price_per_unit": "143",
        "price_unit": "G"
      },
      {
        "state": "NSW",
        "price": "500",
        "price_per_unit": "143",
        "price_unit": "G"
      },
      {
        "state": "WA",
        "price": "500",
        "price_per_unit": "143",
        "price_unit": "G"
      },
      {
        "state": "WA",
        "price": "500",
        "price_per_unit": "143",
        "price_unit": "G"
      }
    ]
  },
  {
    "source_url": "https://www.woolworths.com.au/shop/productdetails/278904/ready-chef-tomato-bacon-pasta-tomato-bacon-pasta",
    "name": "Ready Chef Tomato Bacon Pasta 350g",
    "image_url": "https://cdn1.woolworths.media/content/wowproductimages/large/278904.jpg",
    "source_id": "Woolworths - 278904",
    "barcode": "9319946008409",
    "shop": "Woolworths",
    "weight": "100G",
    "prices": [
      {
        "state": "NSW",
        "price": "500",
        "price_per_unit": "143",
        "price_unit": "G"
      },
      {
        "state": "NSW",
        "price": "500",
        "price_per_unit": "143",
        "price_unit": "G"
      },
      {
        "state": "WA",
        "price": "500",
        "price_per_unit": "143",
        "price_unit": "G"
      },
      {
        "state": "WA",
        "price": "500",
        "price_per_unit": "143",
        "price_unit": "G"
      }
    ]
  },
  {
    "source_url": "https://www.woolworths.com.au/shop/productdetails/238625/strength-meals-co-bbq-chicken-rice-with-roasted-vegetables",
    "name": "Strength Meals Co Bbq Chicken & Rice With Roasted Vegetables 350g",
    "image_url": "https://cdn1.woolworths.media/content/wowproductimages/large/238625.jpg",
    "source_id": "Woolworths - 238625",
    "barcode": "9319946007952",
    "shop": "Woolworths",
    "weight": "100G",
    "prices": [
      {
        "state": "NSW",
        "price": "995",
        "price_per_unit": "284",
        "price_unit": "G"
      },
      {
        "state": "NSW",
        "price": "995",
        "price_per_unit": "284",
        "price_unit": "G"
      },
      {
        "state": "VIC",
        "price": "995",
        "price_per_unit": "284",
        "price_unit": "G"
      },
      {
        "state": "VIC",
        "price": "995",
        "price_per_unit": "284",
        "price_unit": "G"
      },
      {
        "state": "WA",
        "price": "995",
        "price_per_unit": "284",
        "price_unit": "G"
      },
      {
        "state": "WA",
        "price": "995",
        "price_per_unit": "284",
        "price_unit": "G"
      },
      {
        "state": "SA",
        "price": "995",
        "price_per_unit": "284",
        "price_unit": "G"
      },
      {
        "state": "SA",
        "price": "995",
        "price_per_unit": "284",
        "price_unit": "G"
      },
      {
        "state": "TAS",
        "price": "995",
        "price_per_unit": "284",
        "price_unit": "G"
      },
      {
        "state": "TAS",
        "price": "995",
        "price_per_unit": "284",
        "price_unit": "G"
      },
      {
        "state": "ACT",
        "price": "995",
        "price_per_unit": "284",
        "price_unit": "G"
      },
      {
        "state": "ACT",
        "price": "995",
        "price_per_unit": "284",
        "price_unit": "G"
      }
    ]
  },
  {
    "source_url": "https://www.woolworths.com.au/shop/productdetails/353746/strength-meals-co-beef-tortellini-bolognese",
    "name": "Strength Meals Co Beef Tortellini Bolognese 350g",
    "image_url": "https://cdn1.woolworths.media/content/wowproductimages/large/353746.jpg",
    "source_id": "Woolworths - 353746",
    "barcode": "9319946008492",
    "shop": "Woolworths",
    "weight": "100G",
    "prices": [
      {
        "state": "NSW",
        "price": "995",
        "price_per_unit": "284",
        "price_unit": "G"
      },
      {
        "state": "NSW",
        "price": "995",
        "price_per_unit": "284",
        "price_unit": "G"
      },
      {
        "state": "TAS",
        "price": "995",
        "price_per_unit": "284",
        "price_unit": "G"
      },
      {
        "state": "TAS",
        "price": "995",
        "price_per_unit": "284",
        "price_unit": "G"
      },
      {
        "state": "ACT",
        "price": "995",
        "price_per_unit": "284",
        "price_unit": "G"
      },
      {
        "state": "ACT",
        "price": "995",
        "price_per_unit": "284",
        "price_unit": "G"
      }
    ]
  },
  {
    "source_url": "https://www.woolworths.com.au/shop/productdetails/110876/strength-meals-co-braised-beef-ragu-chilled-meal",
    "name": "Strength Meals Co Braised Beef Ragu Chilled Meal 350g",
    "image_url": "https://cdn1.woolworths.media/content/wowproductimages/large/110876.jpg",
    "source_id": "Woolworths - 110876",
    "barcode": "9319946006382",
    "shop": "Woolworths",
    "weight": "100G",
    "prices": [
      {
        "state": "NSW",
        "price": "995",
        "price_per_unit": "284",
        "price_unit": "G"
      },
      {
        "state": "NSW",
        "price": "995",
        "price_per_unit": "284",
        "price_unit": "G"
      },
      {
        "state": "VIC",
        "price": "995",
        "price_per_unit": "284",
        "price_unit": "G"
      },
      {
        "state": "VIC",
        "price": "995",
        "price_per_unit": "284",
        "price_unit": "G"
      },
      {
        "state": "SA",
        "price": "995",
        "price_per_unit": "284",
        "price_unit": "G"
      },
      {
        "state": "SA",
        "price": "995",
        "price_per_unit": "284",
        "price_unit": "G"
      },
      {
        "state": "TAS",
        "price": "995",
        "price_per_unit": "284",
        "price_unit": "G"
      },
      {
        "state": "TAS",
        "price": "995",
        "price_per_unit": "284",
        "price_unit": "G"
      },
      {
        "state": "ACT",
        "price": "995",
        "price_per_unit": "284",
        "price_unit": "G"
      },
      {
        "state": "ACT",
        "price": "995",
        "price_per_unit": "284",
        "price_unit": "G"
      }
    ]
  },
  {
    "source_url": "https://www.woolworths.com.au/shop/productdetails/354412/strength-meals-co-chicken-burrito-bowl",
    "name": "Strength Meals Co Chicken Burrito Bowl 350g",
    "image_url": "https://cdn1.woolworths.media/content/wowproductimages/large/354412.jpg",
    "source_id": "Woolworths - 354412",
    "barcode": "9319946008560",
    "shop": "Woolworths",
    "weight": "100G",
    "prices": [
      {
        "state": "NSW",
        "price": "995",
        "price_per_unit": "284",
        "price_unit": "G"
      },
      {
        "state": "NSW",
        "price": "995",
        "price_per_unit": "284",
        "price_unit": "G"
      },
      {
        "state": "VIC",
        "price": "995",
        "price_per_unit": "284",
        "price_unit": "G"
      },
      {
        "state": "VIC",
        "price": "995",
        "price_per_unit": "284",
        "price_unit": "G"
      },
      {
        "state": "SA",
        "price": "995",
        "price_per_unit": "284",
        "price_unit": "G"
      },
      {
        "state": "SA",
        "price": "995",
        "price_per_unit": "284",
        "price_unit": "G"
      },
      {
        "state": "TAS",
        "price": "995",
        "price_per_unit": "284",
        "price_unit": "G"
      },
      {
        "state": "TAS",
        "price": "995",
        "price_per_unit": "284",
        "price_unit": "G"
      },
      {
        "state": "ACT",
        "price": "995",
        "price_per_unit": "284",
        "price_unit": "G"
      },
      {
        "state": "ACT",
        "price": "995",
        "price_per_unit": "284",
        "price_unit": "G"
      }
    ]
  },
  {
    "source_url": "https://www.woolworths.com.au/shop/productdetails/110892/strength-meals-co-chicken-stroganoff-chilled-meal",
    "name": "Strength Meals Co Chicken Stroganoff Chilled Meal 350g",
    "image_url": "https://cdn1.woolworths.media/content/wowproductimages/large/110892.jpg",
    "source_id": "Woolworths - 110892",
    "barcode": "9319946006368",
    "shop": "Woolworths",
    "weight": "100G",
    "prices": [
      {
        "state": "NSW",
        "price": "995",
        "price_per_unit": "284",
        "price_unit": "G"
      },
      {
        "state": "NSW",
        "price": "995",
        "price_per_unit": "284",
        "price_unit": "G"
      },
      {
        "state": "VIC",
        "price": "995",
        "price_per_unit": "284",
        "price_unit": "G"
      },
      {
        "state": "VIC",
        "price": "995",
        "price_per_unit": "284",
        "price_unit": "G"
      },
      {
        "state": "QLD",
        "price": "995",
        "price_per_unit": "284",
        "price_unit": "G"
      },
      {
        "state": "QLD",
        "price": "995",
        "price_per_unit": "284",
        "price_unit": "G"
      },
      {
        "state": "WA",
        "price": "995",
        "price_per_unit": "284",
        "price_unit": "G"
      },
      {
        "state": "WA",
        "price": "995",
        "price_per_unit": "284",
        "price_unit": "G"
      },
      {
        "state": "SA",
        "price": "995",
        "price_per_unit": "284",
        "price_unit": "G"
      },
      {
        "state": "SA",
        "price": "995",
        "price_per_unit": "284",
        "price_unit": "G"
      },
      {
        "state": "TAS",
        "price": "995",
        "price_per_unit": "284",
        "price_unit": "G"
      },
      {
        "state": "TAS",
        "price": "995",
        "price_per_unit": "284",
        "price_unit": "G"
      },
      {
        "state": "ACT",
        "price": "995",
        "price_per_unit": "284",
        "price_unit": "G"
      },
      {
        "state": "ACT",
        "price": "995",
        "price_per_unit": "284",
        "price_unit": "G"
      },
      {
        "state": "NT",
        "price": "995",
        "price_per_unit": "284",
        "price_unit": "G"
      },
      {
        "state": "NT",
        "price": "995",
        "price_per_unit": "284",
        "price_unit": "G"
      }
    ]
  },
  {
    "source_url": "https://www.woolworths.com.au/shop/productdetails/349220/strength-meals-co-classic-chicken-dinner-with-gravy",
    "name": "Strength Meals Co Classic Chicken Dinner With Gravy 350g",
    "image_url": "https://cdn1.woolworths.media/content/wowproductimages/large/349220.jpg",
    "source_id": "Woolworths - 349220",
    "barcode": "9319946008485",
    "shop": "Woolworths",
    "weight": "100G",
    "prices": [
      {
        "state": "NSW",
        "price": "995",
        "price_per_unit": "284",
        "price_unit": "G"
      },
      {
        "state": "NSW",
        "price": "995",
        "price_per_unit": "284",
        "price_unit": "G"
      },
      {
        "state": "VIC",
        "price": "995",
        "price_per_unit": "284",
        "price_unit": "G"
      },
      {
        "state": "VIC",
        "price": "995",
        "price_per_unit": "284",
        "price_unit": "G"
      },
      {
        "state": "QLD",
        "price": "995",
        "price_per_unit": "284",
        "price_unit": "G"
      },
      {
        "state": "QLD",
        "price": "995",
        "price_per_unit": "284",
        "price_unit": "G"
      },
      {
        "state": "SA",
        "price": "995",
        "price_per_unit": "284",
        "price_unit": "G"
      },
      {
        "state": "SA",
        "price": "995",
        "price_per_unit": "284",
        "price_unit": "G"
      },
      {
        "state": "TAS",
        "price": "995",
        "price_per_unit": "284",
        "price_unit": "G"
      },
      {
        "state": "TAS",
        "price": "995",
        "price_per_unit": "284",
        "price_unit": "G"
      },
      {
        "state": "ACT",
        "price": "995",
        "price_per_unit": "284",
        "price_unit": "G"
      },
      {
        "state": "ACT",
        "price": "995",
        "price_per_unit": "284",
        "price_unit": "G"
      }
    ]
  },
  {
    "source_url": "https://www.woolworths.com.au/shop/productdetails/214085/strength-meals-co-high-protein-cajun-chicken",
    "name": "Strength Meals Co High Protein Cajun Chicken 350g",
    "image_url": "https://cdn1.woolworths.media/content/wowproductimages/large/214085.jpg",
    "source_id": "Woolworths - 214085",
    "barcode": "9319946007297",
    "shop": "Woolworths",
    "weight": "100G",
    "prices": [
      {
        "state": "NSW",
        "price": "995",
        "price_per_unit": "284",
        "price_unit": "G"
      },
      {
        "state": "NSW",
        "price": "995",
        "price_per_unit": "284",
        "price_unit": "G"
      },
      {
        "state": "VIC",
        "price": "995",
        "price_per_unit": "284",
        "price_unit": "G"
      },
      {
        "state": "VIC",
        "price": "995",
        "price_per_unit": "284",
        "price_unit": "G"
      },
      {
        "state": "WA",
        "price": "995",
        "price_per_unit": "284",
        "price_unit": "G"
      },
      {
        "state": "WA",
        "price": "995",
        "price_per_unit": "284",
        "price_unit": "G"
      },
      {
        "state": "SA",
        "price": "995",
        "price_per_unit": "284",
        "price_unit": "G"
      },
      {
        "state": "SA",
        "price": "995",
        "price_per_unit": "284",
        "price_unit": "G"
      },
      {
        "state": "TAS",
        "price": "995",
        "price_per_unit": "284",
        "price_unit": "G"
      },
      {
        "state": "TAS",
        "price": "995",
        "price_per_unit": "284",
        "price_unit": "G"
      },
      {
        "state": "ACT",
        "price": "995",
        "price_per_unit": "284",
        "price_unit": "G"
      },
      {
        "state": "ACT",
        "price": "995",
        "price_per_unit": "284",
        "price_unit": "G"
      }
    ]
  },
  {
    "source_url": "https://www.woolworths.com.au/shop/productdetails/52711/strength-meals-co-korean-style-bbq-chicken-with-rice",
    "name": "Strength Meals Co Korean Style BBQ Chicken With Rice 350g",
    "image_url": "https://cdn1.woolworths.media/content/wowproductimages/large/052711.jpg",
    "source_id": "Woolworths - 52711",
    "barcode": "9319946009314",
    "shop": "Woolworths",
    "weight": "100G",
    "prices": [
      {
        "state": "NSW",
        "price": "995",
        "price_per_unit": "284",
        "price_unit": "G"
      },
      {
        "state": "NSW",
        "price": "995",
        "price_per_unit": "284",
        "price_unit": "G"
      },
      {
        "state": "VIC",
        "price": "995",
        "price_per_unit": "284",
        "price_unit": "G"
      },
      {
        "state": "VIC",
        "price": "995",
        "price_per_unit": "284",
        "price_unit": "G"
      },
      {
        "state": "QLD",
        "price": "995",
        "price_per_unit": "284",
        "price_unit": "G"
      },
      {
        "state": "QLD",
        "price": "995",
        "price_per_unit": "284",
        "price_unit": "G"
      },
      {
        "state": "SA",
        "price": "995",
        "price_per_unit": "284",
        "price_unit": "G"
      },
      {
        "state": "SA",
        "price": "995",
        "price_per_unit": "284",
        "price_unit": "G"
      },
      {
        "state": "TAS",
        "price": "995",
        "price_per_unit": "284",
        "price_unit": "G"
      },
      {
        "state": "TAS",
        "price": "995",
        "price_per_unit": "284",
        "price_unit": "G"
      },
      {
        "state": "ACT",
        "price": "995",
        "price_per_unit": "284",
        "price_unit": "G"
      },
      {
        "state": "ACT",
        "price": "995",
        "price_per_unit": "284",
        "price_unit": "G"
      }
    ]
  },
  {
    "source_url": "https://www.woolworths.com.au/shop/productdetails/110878/strength-meals-co-lemon-herb-chicken-chilled-meal",
    "name": "Strength Meals Co Lemon Herb Chicken Chilled Meal 350g",
    "image_url": "https://cdn1.woolworths.media/content/wowproductimages/large/110878.jpg",
    "source_id": "Woolworths - 110878",
    "barcode": "9319946006405",
    "shop": "Woolworths",
    "weight": "100G",
    "prices": [
      {
        "state": "NSW",
        "price": "995",
        "price_per_unit": "284",
        "price_unit": "G"
      },
      {
        "state": "NSW",
        "price": "995",
        "price_per_unit": "284",
        "price_unit": "G"
      },
      {
        "state": "VIC",
        "price": "995",
        "price_per_unit": "284",
        "price_unit": "G"
      },
      {
        "state": "VIC",
        "price": "995",
        "price_per_unit": "284",
        "price_unit": "G"
      },
      {
        "state": "SA",
        "price": "995",
        "price_per_unit": "284",
        "price_unit": "G"
      },
      {
        "state": "SA",
        "price": "995",
        "price_per_unit": "284",
        "price_unit": "G"
      },
      {
        "state": "TAS",
        "price": "995",
        "price_per_unit": "284",
        "price_unit": "G"
      },
      {
        "state": "TAS",
        "price": "995",
        "price_per_unit": "284",
        "price_unit": "G"
      },
      {
        "state": "ACT",
        "price": "995",
        "price_per_unit": "284",
        "price_unit": "G"
      },
      {
        "state": "ACT",
        "price": "995",
        "price_per_unit": "284",
        "price_unit": "G"
      },
      {
        "state": "NT",
        "price": "995",
        "price_per_unit": "284",
        "price_unit": "G"
      },
      {
        "state": "NT",
        "price": "995",
        "price_per_unit": "284",
        "price_unit": "G"
      }
    ]
  },
  {
    "source_url": "https://www.woolworths.com.au/shop/productdetails/277297/strength-meals-co-slow-cooked-beef-lasagne-beef-lasagne",
    "name": "Strength Meals Co Slow Cooked Beef Lasagne Beef Lasagne 350g",
    "image_url": "https://cdn1.woolworths.media/content/wowproductimages/large/277297.jpg",
    "source_id": "Woolworths - 277297",
    "barcode": "9319946008140",
    "shop": "Woolworths",
    "weight": "100G",
    "prices": [
      {
        "state": "NSW",
        "price": "995",
        "price_per_unit": "284",
        "price_unit": "G"
      },
      {
        "state": "NSW",
        "price": "995",
        "price_per_unit": "284",
        "price_unit": "G"
      },
      {
        "state": "VIC",
        "price": "995",
        "price_per_unit": "284",
        "price_unit": "G"
      },
      {
        "state": "VIC",
        "price": "995",
        "price_per_unit": "284",
        "price_unit": "G"
      },
      {
        "state": "QLD",
        "price": "995",
        "price_per_unit": "284",
        "price_unit": "G"
      },
      {
        "state": "QLD",
        "price": "995",
        "price_per_unit": "284",
        "price_unit": "G"
      },
      {
        "state": "WA",
        "price": "995",
        "price_per_unit": "284",
        "price_unit": "G"
      },
      {
        "state": "WA",
        "price": "995",
        "price_per_unit": "284",
        "price_unit": "G"
      },
      {
        "state": "SA",
        "price": "995",
        "price_per_unit": "284",
        "price_unit": "G"
      },
      {
        "state": "SA",
        "price": "995",
        "price_per_unit": "284",
        "price_unit": "G"
      },
      {
        "state": "TAS",
        "price": "995",
        "price_per_unit": "284",
        "price_unit": "G"
      },
      {
        "state": "TAS",
        "price": "995",
        "price_per_unit": "284",
        "price_unit": "G"
      },
      {
        "state": "ACT",
        "price": "995",
        "price_per_unit": "284",
        "price_unit": "G"
      },
      {
        "state": "ACT",
        "price": "995",
        "price_per_unit": "284",
        "price_unit": "G"
      }
    ]
  },
  {
    "source_url": "https://www.woolworths.com.au/shop/productdetails/693324/woolworths-bangers-mash-chilled-meal",
    "name": "Woolworths Bangers & Mash Chilled Meal 350g",
    "image_url": "https://cdn1.woolworths.media/content/wowproductimages/large/693324.jpg",
    "source_id": "Woolworths - 693324",
    "barcode": "9339687216482",
    "shop": "Woolworths",
    "weight": "100G",
    "prices": [
      {
        "state": "NSW",
        "price": "800",
        "price_per_unit": "229",
        "price_unit": "G"
      },
      {
        "state": "NSW",
        "price": "800",
        "price_per_unit": "229",
        "price_unit": "G"
      },
      {
        "state": "VIC",
        "price": "800",
        "price_per_unit": "229",
        "price_unit": "G"
      },
      {
        "state": "VIC",
        "price": "800",
        "price_per_unit": "229",
        "price_unit": "G"
      },
      {
        "state": "QLD",
        "price": "800",
        "price_per_unit": "229",
        "price_unit": "G"
      },
      {
        "state": "QLD",
        "price": "800",
        "price_per_unit": "229",
        "price_unit": "G"
      },
      {
        "state": "WA",
        "price": "800",
        "price_per_unit": "229",
        "price_unit": "G"
      },
      {
        "state": "WA",
        "price": "800",
        "price_per_unit": "229",
        "price_unit": "G"
      },
      {
        "state": "TAS",
        "price": "800",
        "price_per_unit": "229",
        "price_unit": "G"
      },
      {
        "state": "TAS",
        "price": "800",
        "price_per_unit": "229",
        "price_unit": "G"
      },
      {
        "state": "ACT",
        "price": "800",
        "price_per_unit": "229",
        "price_unit": "G"
      },
      {
        "state": "ACT",
        "price": "800",
        "price_per_unit": "229",
        "price_unit": "G"
      }
    ]
  },
  {
    "source_url": "https://www.woolworths.com.au/shop/productdetails/507633/woolworths-beef-black-bean-with-basmati-rice",
    "name": "Woolworths Beef & Black Bean With Basmati Rice 350g",
    "image_url": "https://cdn1.woolworths.media/content/wowproductimages/large/507633.jpg",
    "source_id": "Woolworths - 507633",
    "barcode": "9339687363018",
    "shop": "Woolworths",
    "weight": "100G",
    "prices": [
      {
        "state": "NSW",
        "price": "800",
        "price_per_unit": "229",
        "price_unit": "G"
      },
      {
        "state": "NSW",
        "price": "800",
        "price_per_unit": "229",
        "price_unit": "G"
      },
      {
        "state": "VIC",
        "price": "800",
        "price_per_unit": "229",
        "price_unit": "G"
      },
      {
        "state": "VIC",
        "price": "800",
        "price_per_unit": "229",
        "price_unit": "G"
      },
      {
        "state": "QLD",
        "price": "800",
        "price_per_unit": "229",
        "price_unit": "G"
      },
      {
        "state": "QLD",
        "price": "800",
        "price_per_unit": "229",
        "price_unit": "G"
      },
      {
        "state": "WA",
        "price": "800",
        "price_per_unit": "229",
        "price_unit": "G"
      },
      {
        "state": "WA",
        "price": "800",
        "price_per_unit": "229",
        "price_unit": "G"
      },
      {
        "state": "SA",
        "price": "800",
        "price_per_unit": "229",
        "price_unit": "G"
      },
      {
        "state": "SA",
        "price": "800",
        "price_per_unit": "229",
        "price_unit": "G"
      },
      {
        "state": "TAS",
        "price": "800",
        "price_per_unit": "229",
        "price_unit": "G"
      },
      {
        "state": "TAS",
        "price": "800",
        "price_per_unit": "229",
        "price_unit": "G"
      },
      {
        "state": "ACT",
        "price": "800",
        "price_per_unit": "229",
        "price_unit": "G"
      },
      {
        "state": "ACT",
        "price": "800",
        "price_per_unit": "229",
        "price_unit": "G"
      }
    ]
  },
  {
    "source_url": "https://www.woolworths.com.au/shop/productdetails/161979/woolworths-beef-lasagne-null",
    "name": "Woolworths Beef Lasagne 350g",
    "image_url": "https://cdn1.woolworths.media/content/wowproductimages/large/161979.jpg",
    "source_id": "Woolworths - 161979",
    "barcode": "9339687264018",
    "shop": "Woolworths",
    "weight": "100G",
    "prices": [
      {
        "state": "NSW",
        "price": "800",
        "price_per_unit": "229",
        "price_unit": "G"
      },
      {
        "state": "NSW",
        "price": "800",
        "price_per_unit": "229",
        "price_unit": "G"
      },
      {
        "state": "VIC",
        "price": "800",
        "price_per_unit": "229",
        "price_unit": "G"
      },
      {
        "state": "VIC",
        "price": "800",
        "price_per_unit": "229",
        "price_unit": "G"
      },
      {
        "state": "QLD",
        "price": "800",
        "price_per_unit": "229",
        "price_unit": "G"
      },
      {
        "state": "QLD",
        "price": "800",
        "price_per_unit": "229",
        "price_unit": "G"
      },
      {
        "state": "TAS",
        "price": "800",
        "price_per_unit": "229",
        "price_unit": "G"
      },
      {
        "state": "TAS",
        "price": "800",
        "price_per_unit": "229",
        "price_unit": "G"
      }
    ]
  },
  {
    "source_url": "https://www.woolworths.com.au/shop/productdetails/827205/woolworths-beef-tortellini-with-creamy-mushroom-sauce-chilled-meal",
    "name": "Woolworths Beef Tortellini With Creamy Mushroom Sauce Chilled Meal 350g",
    "image_url": "https://cdn1.woolworths.media/content/wowproductimages/large/827205.jpg",
    "source_id": "Woolworths - 827205",
    "barcode": "9300633718367",
    "shop": "Woolworths",
    "weight": "100G",
    "prices": [
      {
        "state": "VIC",
        "price": "800",
        "price_per_unit": "229",
        "price_unit": "G"
      },
      {
        "state": "VIC",
        "price": "800",
        "price_per_unit": "229",
        "price_unit": "G"
      },
      {
        "state": "QLD",
        "price": "800",
        "price_per_unit": "229",
        "price_unit": "G"
      },
      {
        "state": "QLD",
        "price": "800",
        "price_per_unit": "229",
        "price_unit": "G"
      },
      {
        "state": "SA",
        "price": "800",
        "price_per_unit": "229",
        "price_unit": "G"
      },
      {
        "state": "SA",
        "price": "800",
        "price_per_unit": "229",
        "price_unit": "G"
      },
      {
        "state": "ACT",
        "price": "800",
        "price_per_unit": "229",
        "price_unit": "G"
      },
      {
        "state": "ACT",
        "price": "800",
        "price_per_unit": "229",
        "price_unit": "G"
      }
    ]
  },
  {
    "source_url": "https://www.woolworths.com.au/shop/productdetails/507676/woolworths-bolognese-pasta-bake",
    "name": "Woolworths Bolognese Pasta Bake 350g",
    "image_url": "https://cdn1.woolworths.media/content/wowproductimages/large/507676.jpg",
    "source_id": "Woolworths - 507676",
    "barcode": "9339687362981",
    "shop": "Woolworths",
    "weight": "100G",
    "prices": [
      {
        "state": "NSW",
        "price": "800",
        "price_per_unit": "229",
        "price_unit": "G"
      },
      {
        "state": "NSW",
        "price": "800",
        "price_per_unit": "229",
        "price_unit": "G"
      },
      {
        "state": "VIC",
        "price": "800",
        "price_per_unit": "229",
        "price_unit": "G"
      },
      {
        "state": "VIC",
        "price": "800",
        "price_per_unit": "229",
        "price_unit": "G"
      },
      {
        "state": "QLD",
        "price": "800",
        "price_per_unit": "229",
        "price_unit": "G"
      },
      {
        "state": "QLD",
        "price": "800",
        "price_per_unit": "229",
        "price_unit": "G"
      },
      {
        "state": "WA",
        "price": "800",
        "price_per_unit": "229",
        "price_unit": "G"
      },
      {
        "state": "WA",
        "price": "800",
        "price_per_unit": "229",
        "price_unit": "G"
      },
      {
        "state": "SA",
        "price": "800",
        "price_per_unit": "229",
        "price_unit": "G"
      },
      {
        "state": "SA",
        "price": "800",
        "price_per_unit": "229",
        "price_unit": "G"
      },
      {
        "state": "TAS",
        "price": "800",
        "price_per_unit": "229",
        "price_unit": "G"
      },
      {
        "state": "TAS",
        "price": "800",
        "price_per_unit": "229",
        "price_unit": "G"
      },
      {
        "state": "ACT",
        "price": "800",
        "price_per_unit": "229",
        "price_unit": "G"
      },
      {
        "state": "ACT",
        "price": "800",
        "price_per_unit": "229",
        "price_unit": "G"
      }
    ]
  },
  {
    "source_url": "https://www.woolworths.com.au/shop/productdetails/504928/woolworths-braised-beef-with-creamy-mash",
    "name": "Woolworths Braised Beef With Creamy Mash 350g",
    "image_url": "https://cdn1.woolworths.media/content/wowproductimages/large/504928.jpg",
    "source_id": "Woolworths - 504928",
    "barcode": "9339687362950",
    "shop": "Woolworths",
    "weight": "100G",
    "prices": [
      {
        "state": "NSW",
        "price": "800",
        "price_per_unit": "229",
        "price_unit": "G"
      },
      {
        "state": "NSW",
        "price": "800",
        "price_per_unit": "229",
        "price_unit": "G"
      },
      {
        "state": "VIC",
        "price": "800",
        "price_per_unit": "229",
        "price_unit": "G"
      },
      {
        "state": "VIC",
        "price": "800",
        "price_per_unit": "229",
        "price_unit": "G"
      },
      {
        "state": "QLD",
        "price": "800",
        "price_per_unit": "229",
        "price_unit": "G"
      },
      {
        "state": "QLD",
        "price": "800",
        "price_per_unit": "229",
        "price_unit": "G"
      },
      {
        "state": "WA",
        "price": "800",
        "price_per_unit": "229",
        "price_unit": "G"
      },
      {
        "state": "WA",
        "price": "800",
        "price_per_unit": "229",
        "price_unit": "G"
      },
      {
        "state": "SA",
        "price": "800",
        "price_per_unit": "229",
        "price_unit": "G"
      },
      {
        "state": "SA",
        "price": "800",
        "price_per_unit": "229",
        "price_unit": "G"
      },
      {
        "state": "ACT",
        "price": "800",
        "price_per_unit": "229",
        "price_unit": "G"
      },
      {
        "state": "ACT",
        "price": "800",
        "price_per_unit": "229",
        "price_unit": "G"
      }
    ]
  },
  {
    "source_url": "https://www.woolworths.com.au/shop/productdetails/830497/woolworths-butter-chicken-with-rice-chilled-meal",
    "name": "Woolworths Butter Chicken With Rice Chilled Meal 350g",
    "image_url": "https://cdn1.woolworths.media/content/wowproductimages/large/830497.jpg",
    "source_id": "Woolworths - 830497",
    "barcode": "9339687216529",
    "shop": "Woolworths",
    "weight": "100G",
    "prices": [
      {
        "state": "NSW",
        "price": "800",
        "price_per_unit": "229",
        "price_unit": "G"
      },
      {
        "state": "NSW",
        "price": "800",
        "price_per_unit": "229",
        "price_unit": "G"
      },
      {
        "state": "VIC",
        "price": "800",
        "price_per_unit": "229",
        "price_unit": "G"
      },
      {
        "state": "VIC",
        "price": "800",
        "price_per_unit": "229",
        "price_unit": "G"
      },
      {
        "state": "QLD",
        "price": "800",
        "price_per_unit": "229",
        "price_unit": "G"
      },
      {
        "state": "QLD",
        "price": "800",
        "price_per_unit": "229",
        "price_unit": "G"
      },
      {
        "state": "WA",
        "price": "800",
        "price_per_unit": "229",
        "price_unit": "G"
      },
      {
        "state": "WA",
        "price": "800",
        "price_per_unit": "229",
        "price_unit": "G"
      },
      {
        "state": "SA",
        "price": "800",
        "price_per_unit": "229",
        "price_unit": "G"
      },
      {
        "state": "SA",
        "price": "800",
        "price_per_unit": "229",
        "price_unit": "G"
      },
      {
        "state": "TAS",
        "price": "800",
        "price_per_unit": "229",
        "price_unit": "G"
      },
      {
        "state": "TAS",
        "price": "800",
        "price_per_unit": "229",
        "price_unit": "G"
      },
      {
        "state": "ACT",
        "price": "800",
        "price_per_unit": "229",
        "price_unit": "G"
      },
      {
        "state": "ACT",
        "price": "800",
        "price_per_unit": "229",
        "price_unit": "G"
      },
      {
        "state": "NT",
        "price": "800",
        "price_per_unit": "229",
        "price_unit": "G"
      },
      {
        "state": "NT",
        "price": "800",
        "price_per_unit": "229",
        "price_unit": "G"
      }
    ]
  },
  {
    "source_url": "https://www.woolworths.com.au/shop/productdetails/183797/woolworths-calorie-controlled-beef-casserole-with-mash",
    "name": "Woolworths Calorie Controlled Beef Casserole With Mash 350g",
    "image_url": "https://cdn1.woolworths.media/content/wowproductimages/large/183797.jpg",
    "source_id": "Woolworths - 183797",
    "barcode": "9339687276424",
    "shop": "Woolworths",
    "weight": "100G",
    "prices": [
      {
        "state": "NSW",
        "price": "800",
        "price_per_unit": "229",
        "price_unit": "G"
      },
      {
        "state": "NSW",
        "price": "800",
        "price_per_unit": "229",
        "price_unit": "G"
      },
      {
        "state": "VIC",
        "price": "800",
        "price_per_unit": "229",
        "price_unit": "G"
      },
      {
        "state": "VIC",
        "price": "800",
        "price_per_unit": "229",
        "price_unit": "G"
      },
      {
        "state": "QLD",
        "price": "800",
        "price_per_unit": "229",
        "price_unit": "G"
      },
      {
        "state": "QLD",
        "price": "800",
        "price_per_unit": "229",
        "price_unit": "G"
      },
      {
        "state": "WA",
        "price": "800",
        "price_per_unit": "229",
        "price_unit": "G"
      },
      {
        "state": "WA",
        "price": "800",
        "price_per_unit": "229",
        "price_unit": "G"
      },
      {
        "state": "SA",
        "price": "800",
        "price_per_unit": "229",
        "price_unit": "G"
      },
      {
        "state": "SA",
        "price": "800",
        "price_per_unit": "229",
        "price_unit": "G"
      },
      {
        "state": "ACT",
        "price": "800",
        "price_per_unit": "229",
        "price_unit": "G"
      },
      {
        "state": "ACT",
        "price": "800",
        "price_per_unit": "229",
        "price_unit": "G"
      }
    ]
  },
  {
    "source_url": "https://www.woolworths.com.au/shop/productdetails/248072/woolworths-chargrilled-sage-onion-stuffed-chicken-breast",
    "name": "Woolworths Chargrilled Sage & Onion Stuffed Chicken Breast 400g",
    "image_url": "https://cdn1.woolworths.media/content/wowproductimages/large/248072.jpg",
    "source_id": "Woolworths - 248072",
    "barcode": "9339687315963",
    "shop": "Woolworths",
    "weight": "100G",
    "prices": [
      {
        "state": "NSW",
        "price": "1300",
        "price_per_unit": "325",
        "price_unit": "G"
      },
      {
        "state": "NSW",
        "price": "1300",
        "price_per_unit": "325",
        "price_unit": "G"
      },
      {
        "state": "QLD",
        "price": "1300",
        "price_per_unit": "325",
        "price_unit": "G"
      },
      {
        "state": "QLD",
        "price": "1300",
        "price_per_unit": "325",
        "price_unit": "G"
      },
      {
        "state": "WA",
        "price": "1300",
        "price_per_unit": "325",
        "price_unit": "G"
      },
      {
        "state": "WA",
        "price": "1300",
        "price_per_unit": "325",
        "price_unit": "G"
      },
      {
        "state": "SA",
        "price": "1300",
        "price_per_unit": "325",
        "price_unit": "G"
      },
      {
        "state": "SA",
        "price": "1300",
        "price_per_unit": "325",
        "price_unit": "G"
      },
      {
        "state": "ACT",
        "price": "1300",
        "price_per_unit": "325",
        "price_unit": "G"
      },
      {
        "state": "ACT",
        "price": "1300",
        "price_per_unit": "325",
        "price_unit": "G"
      }
    ]
  },
  {
    "source_url": "https://www.woolworths.com.au/shop/productdetails/502338/woolworths-chicken-leek-potato-pie",
    "name": "Woolworths Chicken & Leek Potato Pie 350g",
    "image_url": "https://cdn1.woolworths.media/content/wowproductimages/large/502338.jpg",
    "source_id": "Woolworths - 502338",
    "barcode": "9339687362967",
    "shop": "Woolworths",
    "weight": "100G",
    "prices": [
      {
        "state": "NSW",
        "price": "800",
        "price_per_unit": "229",
        "price_unit": "G"
      },
      {
        "state": "NSW",
        "price": "800",
        "price_per_unit": "229",
        "price_unit": "G"
      },
      {
        "state": "VIC",
        "price": "800",
        "price_per_unit": "229",
        "price_unit": "G"
      },
      {
        "state": "VIC",
        "price": "800",
        "price_per_unit": "229",
        "price_unit": "G"
      },
      {
        "state": "QLD",
        "price": "800",
        "price_per_unit": "229",
        "price_unit": "G"
      },
      {
        "state": "QLD",
        "price": "800",
        "price_per_unit": "229",
        "price_unit": "G"
      },
      {
        "state": "WA",
        "price": "800",
        "price_per_unit": "229",
        "price_unit": "G"
      },
      {
        "state": "WA",
        "price": "800",
        "price_per_unit": "229",
        "price_unit": "G"
      },
      {
        "state": "SA",
        "price": "800",
        "price_per_unit": "229",
        "price_unit": "G"
      },
      {
        "state": "SA",
        "price": "800",
        "price_per_unit": "229",
        "price_unit": "G"
      },
      {
        "state": "TAS",
        "price": "800",
        "price_per_unit": "229",
        "price_unit": "G"
      },
      {
        "state": "TAS",
        "price": "800",
        "price_per_unit": "229",
        "price_unit": "G"
      },
      {
        "state": "ACT",
        "price": "800",
        "price_per_unit": "229",
        "price_unit": "G"
      },
      {
        "state": "ACT",
        "price": "800",
        "price_per_unit": "229",
        "price_unit": "G"
      }
    ]
  },
  {
    "source_url": "https://www.woolworths.com.au/shop/productdetails/507409/woolworths-chicken-casserole-with-mash",
    "name": "Woolworths Chicken Casserole With Mash 350g",
    "image_url": "https://cdn1.woolworths.media/content/wowproductimages/large/507409.jpg",
    "source_id": "Woolworths - 507409",
    "barcode": "9339687362998",
    "shop": "Woolworths",
    "weight": "100G",
    "prices": [
      {
        "state": "NSW",
        "price": "800",
        "price_per_unit": "229",
        "price_unit": "G"
      },
      {
        "state": "NSW",
        "price": "800",
        "price_per_unit": "229",
        "price_unit": "G"
      },
      {
        "state": "VIC",
        "price": "800",
        "price_per_unit": "229",
        "price_unit": "G"
      },
      {
        "state": "VIC",
        "price": "800",
        "price_per_unit": "229",
        "price_unit": "G"
      },
      {
        "state": "QLD",
        "price": "800",
        "price_per_unit": "229",
        "price_unit": "G"
      },
      {
        "state": "QLD",
        "price": "800",
        "price_per_unit": "229",
        "price_unit": "G"
      },
      {
        "state": "WA",
        "price": "800",
        "price_per_unit": "229",
        "price_unit": "G"
      },
      {
        "state": "WA",
        "price": "800",
        "price_per_unit": "229",
        "price_unit": "G"
      },
      {
        "state": "SA",
        "price": "800",
        "price_per_unit": "229",
        "price_unit": "G"
      },
      {
        "state": "SA",
        "price": "800",
        "price_per_unit": "229",
        "price_unit": "G"
      },
      {
        "state": "TAS",
        "price": "800",
        "price_per_unit": "229",
        "price_unit": "G"
      },
      {
        "state": "TAS",
        "price": "800",
        "price_per_unit": "229",
        "price_unit": "G"
      },
      {
        "state": "ACT",
        "price": "800",
        "price_per_unit": "229",
        "price_unit": "G"
      },
      {
        "state": "ACT",
        "price": "800",
        "price_per_unit": "229",
        "price_unit": "G"
      }
    ]
  },
  {
    "source_url": "https://www.woolworths.com.au/shop/productdetails/507598/woolworths-chicken-pesto-pasta-bake",
    "name": "Woolworths Chicken Pesto Pasta Bake 350g",
    "image_url": "https://cdn1.woolworths.media/content/wowproductimages/large/507598.jpg",
    "source_id": "Woolworths - 507598",
    "barcode": "9339687363032",
    "shop": "Woolworths",
    "weight": "100G",
    "prices": [
      {
        "state": "NSW",
        "price": "800",
        "price_per_unit": "229",
        "price_unit": "G"
      },
      {
        "state": "NSW",
        "price": "800",
        "price_per_unit": "229",
        "price_unit": "G"
      },
      {
        "state": "QLD",
        "price": "800",
        "price_per_unit": "229",
        "price_unit": "G"
      },
      {
        "state": "QLD",
        "price": "800",
        "price_per_unit": "229",
        "price_unit": "G"
      },
      {
        "state": "WA",
        "price": "800",
        "price_per_unit": "229",
        "price_unit": "G"
      },
      {
        "state": "WA",
        "price": "800",
        "price_per_unit": "229",
        "price_unit": "G"
      },
      {
        "state": "TAS",
        "price": "800",
        "price_per_unit": "229",
        "price_unit": "G"
      },
      {
        "state": "TAS",
        "price": "800",
        "price_per_unit": "229",
        "price_unit": "G"
      },
      {
        "state": "ACT",
        "price": "800",
        "price_per_unit": "229",
        "price_unit": "G"
      },
      {
        "state": "ACT",
        "price": "800",
        "price_per_unit": "229",
        "price_unit": "G"
      }
    ]
  },
  {
    "source_url": "https://www.woolworths.com.au/shop/productdetails/281010/woolworths-chicken-stroganoff-rice",
    "name": "Woolworths Chicken Stroganoff & Rice 350g",
    "image_url": "https://cdn1.woolworths.media/content/wowproductimages/large/281010.jpg",
    "source_id": "Woolworths - 281010",
    "barcode": "9339687338726",
    "shop": "Woolworths",
    "weight": "100G",
    "prices": [
      {
        "state": "NSW",
        "price": "800",
        "price_per_unit": "229",
        "price_unit": "G"
      },
      {
        "state": "NSW",
        "price": "800",
        "price_per_unit": "229",
        "price_unit": "G"
      },
      {
        "state": "VIC",
        "price": "800",
        "price_per_unit": "229",
        "price_unit": "G"
      },
      {
        "state": "VIC",
        "price": "800",
        "price_per_unit": "229",
        "price_unit": "G"
      },
      {
        "state": "QLD",
        "price": "800",
        "price_per_unit": "229",
        "price_unit": "G"
      },
      {
        "state": "QLD",
        "price": "800",
        "price_per_unit": "229",
        "price_unit": "G"
      },
      {
        "state": "WA",
        "price": "800",
        "price_per_unit": "229",
        "price_unit": "G"
      },
      {
        "state": "WA",
        "price": "800",
        "price_per_unit": "229",
        "price_unit": "G"
      },
      {
        "state": "SA",
        "price": "800",
        "price_per_unit": "229",
        "price_unit": "G"
      },
      {
        "state": "SA",
        "price": "800",
        "price_per_unit": "229",
        "price_unit": "G"
      },
      {
        "state": "TAS",
        "price": "800",
        "price_per_unit": "229",
        "price_unit": "G"
      },
      {
        "state": "TAS",
        "price": "800",
        "price_per_unit": "229",
        "price_unit": "G"
      },
      {
        "state": "ACT",
        "price": "800",
        "price_per_unit": "229",
        "price_unit": "G"
      },
      {
        "state": "ACT",
        "price": "800",
        "price_per_unit": "229",
        "price_unit": "G"
      }
    ]
  },
  {
    "source_url": "https://www.woolworths.com.au/shop/productdetails/281009/woolworths-chilli-con-carne-rice",
    "name": "Woolworths Chilli Con Carne & Rice 350g",
    "image_url": "https://cdn1.woolworths.media/content/wowproductimages/large/281009.jpg",
    "source_id": "Woolworths - 281009",
    "barcode": "9339687338719",
    "shop": "Woolworths",
    "weight": "100G",
    "prices": [
      {
        "state": "NSW",
        "price": "800",
        "price_per_unit": "229",
        "price_unit": "G"
      },
      {
        "state": "NSW",
        "price": "800",
        "price_per_unit": "229",
        "price_unit": "G"
      },
      {
        "state": "VIC",
        "price": "800",
        "price_per_unit": "229",
        "price_unit": "G"
      },
      {
        "state": "VIC",
        "price": "800",
        "price_per_unit": "229",
        "price_unit": "G"
      },
      {
        "state": "QLD",
        "price": "800",
        "price_per_unit": "229",
        "price_unit": "G"
      },
      {
        "state": "QLD",
        "price": "800",
        "price_per_unit": "229",
        "price_unit": "G"
      },
      {
        "state": "WA",
        "price": "800",
        "price_per_unit": "229",
        "price_unit": "G"
      },
      {
        "state": "WA",
        "price": "800",
        "price_per_unit": "229",
        "price_unit": "G"
      },
      {
        "state": "SA",
        "price": "800",
        "price_per_unit": "229",
        "price_unit": "G"
      },
      {
        "state": "SA",
        "price": "800",
        "price_per_unit": "229",
        "price_unit": "G"
      },
      {
        "state": "TAS",
        "price": "800",
        "price_per_unit": "229",
        "price_unit": "G"
      },
      {
        "state": "TAS",
        "price": "800",
        "price_per_unit": "229",
        "price_unit": "G"
      },
      {
        "state": "ACT",
        "price": "800",
        "price_per_unit": "229",
        "price_unit": "G"
      },
      {
        "state": "ACT",
        "price": "800",
        "price_per_unit": "229",
        "price_unit": "G"
      }
    ]
  },
  {
    "source_url": "https://www.woolworths.com.au/shop/productdetails/693325/woolworths-cottage-pie-null",
    "name": "Woolworths Cottage Pie 350g",
    "image_url": "https://cdn1.woolworths.media/content/wowproductimages/large/693325.jpg",
    "source_id": "Woolworths - 693325",
    "barcode": "9339687216499",
    "shop": "Woolworths",
    "weight": "100G",
    "prices": [
      {
        "state": "NSW",
        "price": "800",
        "price_per_unit": "229",
        "price_unit": "G"
      },
      {
        "state": "NSW",
        "price": "800",
        "price_per_unit": "229",
        "price_unit": "G"
      },
      {
        "state": "QLD",
        "price": "800",
        "price_per_unit": "229",
        "price_unit": "G"
      },
      {
        "state": "QLD",
        "price": "800",
        "price_per_unit": "229",
        "price_unit": "G"
      },
      {
        "state": "WA",
        "price": "800",
        "price_per_unit": "229",
        "price_unit": "G"
      },
      {
        "state": "WA",
        "price": "800",
        "price_per_unit": "229",
        "price_unit": "G"
      },
      {
        "state": "SA",
        "price": "800",
        "price_per_unit": "229",
        "price_unit": "G"
      },
      {
        "state": "SA",
        "price": "800",
        "price_per_unit": "229",
        "price_unit": "G"
      },
      {
        "state": "TAS",
        "price": "800",
        "price_per_unit": "229",
        "price_unit": "G"
      },
      {
        "state": "TAS",
        "price": "800",
        "price_per_unit": "229",
        "price_unit": "G"
      },
      {
        "state": "ACT",
        "price": "800",
        "price_per_unit": "229",
        "price_unit": "G"
      },
      {
        "state": "ACT",
        "price": "800",
        "price_per_unit": "229",
        "price_unit": "G"
      },
      {
        "state": "NT",
        "price": "800",
        "price_per_unit": "229",
        "price_unit": "G"
      },
      {
        "state": "NT",
        "price": "800",
        "price_per_unit": "229",
        "price_unit": "G"
      }
    ]
  },
  {
    "source_url": "https://www.woolworths.com.au/shop/productdetails/281011/woolworths-cottage-pie-with-sweet-potato-mash",
    "name": "Woolworths Cottage Pie With Sweet Potato Mash 350g",
    "image_url": "https://cdn1.woolworths.media/content/wowproductimages/large/281011.jpg",
    "source_id": "Woolworths - 281011",
    "barcode": "9339687338733",
    "shop": "Woolworths",
    "weight": "100G",
    "prices": [
      {
        "state": "NSW",
        "price": "800",
        "price_per_unit": "229",
        "price_unit": "G"
      },
      {
        "state": "NSW",
        "price": "800",
        "price_per_unit": "229",
        "price_unit": "G"
      },
      {
        "state": "VIC",
        "price": "800",
        "price_per_unit": "229",
        "price_unit": "G"
      },
      {
        "state": "VIC",
        "price": "800",
        "price_per_unit": "229",
        "price_unit": "G"
      },
      {
        "state": "QLD",
        "price": "800",
        "price_per_unit": "229",
        "price_unit": "G"
      },
      {
        "state": "QLD",
        "price": "800",
        "price_per_unit": "229",
        "price_unit": "G"
      },
      {
        "state": "WA",
        "price": "800",
        "price_per_unit": "229",
        "price_unit": "G"
      },
      {
        "state": "WA",
        "price": "800",
        "price_per_unit": "229",
        "price_unit": "G"
      },
      {
        "state": "TAS",
        "price": "800",
        "price_per_unit": "229",
        "price_unit": "G"
      },
      {
        "state": "TAS",
        "price": "800",
        "price_per_unit": "229",
        "price_unit": "G"
      },
      {
        "state": "ACT",
        "price": "800",
        "price_per_unit": "229",
        "price_unit": "G"
      },
      {
        "state": "ACT",
        "price": "800",
        "price_per_unit": "229",
        "price_unit": "G"
      }
    ]
  },
  {
    "source_url": "https://www.woolworths.com.au/shop/productdetails/281007/woolworths-curried-sausages-mash",
    "name": "Woolworths Curried Sausages & Mash 350g",
    "image_url": "https://cdn1.woolworths.media/content/wowproductimages/large/281007.jpg",
    "source_id": "Woolworths - 281007",
    "barcode": "9339687338702",
    "shop": "Woolworths",
    "weight": "100G",
    "prices": [
      {
        "state": "NSW",
        "price": "800",
        "price_per_unit": "229",
        "price_unit": "G"
      },
      {
        "state": "NSW",
        "price": "800",
        "price_per_unit": "229",
        "price_unit": "G"
      },
      {
        "state": "VIC",
        "price": "800",
        "price_per_unit": "229",
        "price_unit": "G"
      },
      {
        "state": "VIC",
        "price": "800",
        "price_per_unit": "229",
        "price_unit": "G"
      },
      {
        "state": "SA",
        "price": "800",
        "price_per_unit": "229",
        "price_unit": "G"
      },
      {
        "state": "SA",
        "price": "800",
        "price_per_unit": "229",
        "price_unit": "G"
      },
      {
        "state": "TAS",
        "price": "800",
        "price_per_unit": "229",
        "price_unit": "G"
      },
      {
        "state": "TAS",
        "price": "800",
        "price_per_unit": "229",
        "price_unit": "G"
      }
    ]
  },
  {
    "source_url": "https://www.woolworths.com.au/shop/productdetails/652062/woolworths-fettuccine-carbonara-chilled-meal",
    "name": "Woolworths Fettuccine Carbonara Chilled Meal 350g",
    "image_url": "https://cdn1.woolworths.media/content/wowproductimages/large/652062.jpg",
    "source_id": "Woolworths - 652062",
    "barcode": "9300633686451",
    "shop": "Woolworths",
    "weight": "100G",
    "prices": [
      {
        "state": "NSW",
        "price": "800",
        "price_per_unit": "229",
        "price_unit": "G"
      },
      {
        "state": "NSW",
        "price": "800",
        "price_per_unit": "229",
        "price_unit": "G"
      },
      {
        "state": "VIC",
        "price": "800",
        "price_per_unit": "229",
        "price_unit": "G"
      },
      {
        "state": "VIC",
        "price": "800",
        "price_per_unit": "229",
        "price_unit": "G"
      },
      {
        "state": "QLD",
        "price": "800",
        "price_per_unit": "229",
        "price_unit": "G"
      },
      {
        "state": "QLD",
        "price": "800",
        "price_per_unit": "229",
        "price_unit": "G"
      },
      {
        "state": "WA",
        "price": "800",
        "price_per_unit": "229",
        "price_unit": "G"
      },
      {
        "state": "WA",
        "price": "800",
        "price_per_unit": "229",
        "price_unit": "G"
      },
      {
        "state": "SA",
        "price": "800",
        "price_per_unit": "229",
        "price_unit": "G"
      },
      {
        "state": "SA",
        "price": "800",
        "price_per_unit": "229",
        "price_unit": "G"
      },
      {
        "state": "TAS",
        "price": "800",
        "price_per_unit": "229",
        "price_unit": "G"
      },
      {
        "state": "TAS",
        "price": "800",
        "price_per_unit": "229",
        "price_unit": "G"
      },
      {
        "state": "ACT",
        "price": "800",
        "price_per_unit": "229",
        "price_unit": "G"
      },
      {
        "state": "ACT",
        "price": "800",
        "price_per_unit": "229",
        "price_unit": "G"
      },
      {
        "state": "NT",
        "price": "800",
        "price_per_unit": "229",
        "price_unit": "G"
      },
      {
        "state": "NT",
        "price": "800",
        "price_per_unit": "229",
        "price_unit": "G"
      }
    ]
  },
  {
    "source_url": "https://www.woolworths.com.au/shop/productdetails/507642/woolworths-lamb-rogan-josh-with-basmati-rice",
    "name": "Woolworths Lamb Rogan Josh With Basmati Rice 350g",
    "image_url": "https://cdn1.woolworths.media/content/wowproductimages/large/507642.jpg",
    "source_id": "Woolworths - 507642",
    "barcode": "9339687362929",
    "shop": "Woolworths",
    "weight": "100G",
    "prices": [
      {
        "state": "NSW",
        "price": "800",
        "price_per_unit": "229",
        "price_unit": "G"
      },
      {
        "state": "NSW",
        "price": "800",
        "price_per_unit": "229",
        "price_unit": "G"
      },
      {
        "state": "VIC",
        "price": "800",
        "price_per_unit": "229",
        "price_unit": "G"
      },
      {
        "state": "VIC",
        "price": "800",
        "price_per_unit": "229",
        "price_unit": "G"
      },
      {
        "state": "QLD",
        "price": "800",
        "price_per_unit": "229",
        "price_unit": "G"
      },
      {
        "state": "QLD",
        "price": "800",
        "price_per_unit": "229",
        "price_unit": "G"
      },
      {
        "state": "WA",
        "price": "800",
        "price_per_unit": "229",
        "price_unit": "G"
      },
      {
        "state": "WA",
        "price": "800",
        "price_per_unit": "229",
        "price_unit": "G"
      },
      {
        "state": "SA",
        "price": "800",
        "price_per_unit": "229",
        "price_unit": "G"
      },
      {
        "state": "SA",
        "price": "800",
        "price_per_unit": "229",
        "price_unit": "G"
      },
      {
        "state": "TAS",
        "price": "800",
        "price_per_unit": "229",
        "price_unit": "G"
      },
      {
        "state": "TAS",
        "price": "800",
        "price_per_unit": "229",
        "price_unit": "G"
      },
      {
        "state": "ACT",
        "price": "800",
        "price_per_unit": "229",
        "price_unit": "G"
      },
      {
        "state": "ACT",
        "price": "800",
        "price_per_unit": "229",
        "price_unit": "G"
      }
    ]
  },
  {
    "source_url": "https://www.woolworths.com.au/shop/productdetails/827222/woolworths-macaroni-cheese-chilled-meal",
    "name": "Woolworths Macaroni & Cheese Chilled Meal 350g",
    "image_url": "https://cdn1.woolworths.media/content/wowproductimages/large/827222.jpg",
    "source_id": "Woolworths - 827222",
    "barcode": "9300633718398",
    "shop": "Woolworths",
    "weight": "100G",
    "prices": [
      {
        "state": "NSW",
        "price": "800",
        "price_per_unit": "229",
        "price_unit": "G"
      },
      {
        "state": "NSW",
        "price": "800",
        "price_per_unit": "229",
        "price_unit": "G"
      },
      {
        "state": "VIC",
        "price": "800",
        "price_per_unit": "229",
        "price_unit": "G"
      },
      {
        "state": "VIC",
        "price": "800",
        "price_per_unit": "229",
        "price_unit": "G"
      },
      {
        "state": "QLD",
        "price": "800",
        "price_per_unit": "229",
        "price_unit": "G"
      },
      {
        "state": "QLD",
        "price": "800",
        "price_per_unit": "229",
        "price_unit": "G"
      },
      {
        "state": "WA",
        "price": "800",
        "price_per_unit": "229",
        "price_unit": "G"
      },
      {
        "state": "WA",
        "price": "800",
        "price_per_unit": "229",
        "price_unit": "G"
      },
      {
        "state": "SA",
        "price": "800",
        "price_per_unit": "229",
        "price_unit": "G"
      },
      {
        "state": "SA",
        "price": "800",
        "price_per_unit": "229",
        "price_unit": "G"
      },
      {
        "state": "TAS",
        "price": "800",
        "price_per_unit": "229",
        "price_unit": "G"
      },
      {
        "state": "TAS",
        "price": "800",
        "price_per_unit": "229",
        "price_unit": "G"
      },
      {
        "state": "ACT",
        "price": "800",
        "price_per_unit": "229",
        "price_unit": "G"
      },
      {
        "state": "ACT",
        "price": "800",
        "price_per_unit": "229",
        "price_unit": "G"
      },
      {
        "state": "NT",
        "price": "800",
        "price_per_unit": "229",
        "price_unit": "G"
      },
      {
        "state": "NT",
        "price": "800",
        "price_per_unit": "229",
        "price_unit": "G"
      }
    ]
  },
  {
    "source_url": "https://www.woolworths.com.au/shop/productdetails/827477/woolworths-new-york-pepper-steak-chilled-meal",
    "name": "Woolworths New York Pepper Steak Chilled Meal 400g",
    "image_url": "https://cdn1.woolworths.media/content/wowproductimages/large/827477.jpg",
    "source_id": "Woolworths - 827477",
    "barcode": "9300633717025",
    "shop": "Woolworths",
    "weight": "100G",
    "prices": [
      {
        "state": "NSW",
        "price": "1300",
        "price_per_unit": "325",
        "price_unit": "G"
      },
      {
        "state": "NSW",
        "price": "1300",
        "price_per_unit": "325",
        "price_unit": "G"
      },
      {
        "state": "QLD",
        "price": "1300",
        "price_per_unit": "325",
        "price_unit": "G"
      },
      {
        "state": "QLD",
        "price": "1300",
        "price_per_unit": "325",
        "price_unit": "G"
      },
      {
        "state": "WA",
        "price": "1300",
        "price_per_unit": "325",
        "price_unit": "G"
      },
      {
        "state": "WA",
        "price": "1300",
        "price_per_unit": "325",
        "price_unit": "G"
      },
      {
        "state": "SA",
        "price": "1300",
        "price_per_unit": "325",
        "price_unit": "G"
      },
      {
        "state": "SA",
        "price": "1300",
        "price_per_unit": "325",
        "price_unit": "G"
      },
      {
        "state": "TAS",
        "price": "1300",
        "price_per_unit": "325",
        "price_unit": "G"
      },
      {
        "state": "TAS",
        "price": "1300",
        "price_per_unit": "325",
        "price_unit": "G"
      },
      {
        "state": "ACT",
        "price": "1300",
        "price_per_unit": "325",
        "price_unit": "G"
      },
      {
        "state": "ACT",
        "price": "1300",
        "price_per_unit": "325",
        "price_unit": "G"
      }
    ]
  },
  {
    "source_url": "https://www.woolworths.com.au/shop/productdetails/827476/woolworths-prosciutto-wrapped-chicken-chilled-meal",
    "name": "Woolworths Prosciutto Wrapped Chicken Chilled Meal 400g",
    "image_url": "https://cdn1.woolworths.media/content/wowproductimages/large/827476.jpg",
    "source_id": "Woolworths - 827476",
    "barcode": "9300633717018",
    "shop": "Woolworths",
    "weight": "100G",
    "prices": [
      {
        "state": "NSW",
        "price": "1300",
        "price_per_unit": "325",
        "price_unit": "G"
      },
      {
        "state": "NSW",
        "price": "1300",
        "price_per_unit": "325",
        "price_unit": "G"
      },
      {
        "state": "QLD",
        "price": "1300",
        "price_per_unit": "325",
        "price_unit": "G"
      },
      {
        "state": "QLD",
        "price": "1300",
        "price_per_unit": "325",
        "price_unit": "G"
      },
      {
        "state": "WA",
        "price": "1300",
        "price_per_unit": "325",
        "price_unit": "G"
      },
      {
        "state": "WA",
        "price": "1300",
        "price_per_unit": "325",
        "price_unit": "G"
      },
      {
        "state": "SA",
        "price": "1300",
        "price_per_unit": "325",
        "price_unit": "G"
      },
      {
        "state": "SA",
        "price": "1300",
        "price_per_unit": "325",
        "price_unit": "G"
      },
      {
        "state": "TAS",
        "price": "1300",
        "price_per_unit": "325",
        "price_unit": "G"
      },
      {
        "state": "TAS",
        "price": "1300",
        "price_per_unit": "325",
        "price_unit": "G"
      },
      {
        "state": "ACT",
        "price": "1300",
        "price_per_unit": "325",
        "price_unit": "G"
      },
      {
        "state": "ACT",
        "price": "1300",
        "price_per_unit": "325",
        "price_unit": "G"
      }
    ]
  },
  {
    "source_url": "https://www.woolworths.com.au/shop/productdetails/506567/woolworths-roasted-capsicum-pork-rigatoni",
    "name": "Woolworths Roasted Capsicum Pork Rigatoni 350g",
    "image_url": "https://cdn1.woolworths.media/content/wowproductimages/large/506567.jpg",
    "source_id": "Woolworths - 506567",
    "barcode": "9339687363261",
    "shop": "Woolworths",
    "weight": "100G",
    "prices": [
      {
        "state": "NSW",
        "price": "800",
        "price_per_unit": "229",
        "price_unit": "G"
      },
      {
        "state": "NSW",
        "price": "800",
        "price_per_unit": "229",
        "price_unit": "G"
      },
      {
        "state": "QLD",
        "price": "800",
        "price_per_unit": "229",
        "price_unit": "G"
      },
      {
        "state": "QLD",
        "price": "800",
        "price_per_unit": "229",
        "price_unit": "G"
      },
      {
        "state": "WA",
        "price": "800",
        "price_per_unit": "229",
        "price_unit": "G"
      },
      {
        "state": "WA",
        "price": "800",
        "price_per_unit": "229",
        "price_unit": "G"
      },
      {
        "state": "TAS",
        "price": "800",
        "price_per_unit": "229",
        "price_unit": "G"
      },
      {
        "state": "TAS",
        "price": "800",
        "price_per_unit": "229",
        "price_unit": "G"
      },
      {
        "state": "ACT",
        "price": "800",
        "price_per_unit": "229",
        "price_unit": "G"
      },
      {
        "state": "ACT",
        "price": "800",
        "price_per_unit": "229",
        "price_unit": "G"
      }
    ]
  },
  {
    "source_url": "https://www.woolworths.com.au/shop/productdetails/810227/woolworths-singapore-noodles-chilled-meal",
    "name": "Woolworths Singapore Noodles Chilled Meal 350g",
    "image_url": "https://cdn1.woolworths.media/content/wowproductimages/large/810227.jpg",
    "source_id": "Woolworths - 810227",
    "barcode": "9339687216468",
    "shop": "Woolworths",
    "weight": "100G",
    "prices": [
      {
        "state": "NSW",
        "price": "800",
        "price_per_unit": "229",
        "price_unit": "G"
      },
      {
        "state": "NSW",
        "price": "800",
        "price_per_unit": "229",
        "price_unit": "G"
      },
      {
        "state": "VIC",
        "price": "800",
        "price_per_unit": "229",
        "price_unit": "G"
      },
      {
        "state": "VIC",
        "price": "800",
        "price_per_unit": "229",
        "price_unit": "G"
      },
      {
        "state": "WA",
        "price": "800",
        "price_per_unit": "229",
        "price_unit": "G"
      },
      {
        "state": "WA",
        "price": "800",
        "price_per_unit": "229",
        "price_unit": "G"
      },
      {
        "state": "SA",
        "price": "800",
        "price_per_unit": "229",
        "price_unit": "G"
      },
      {
        "state": "SA",
        "price": "800",
        "price_per_unit": "229",
        "price_unit": "G"
      },
      {
        "state": "TAS",
        "price": "800",
        "price_per_unit": "229",
        "price_unit": "G"
      },
      {
        "state": "TAS",
        "price": "800",
        "price_per_unit": "229",
        "price_unit": "G"
      },
      {
        "state": "ACT",
        "price": "800",
        "price_per_unit": "229",
        "price_unit": "G"
      },
      {
        "state": "ACT",
        "price": "800",
        "price_per_unit": "229",
        "price_unit": "G"
      }
    ]
  },
  {
    "source_url": "https://www.woolworths.com.au/shop/productdetails/248073/woolworths-slow-cooked-bbq-beef-brisket-with-sweet-potato-mash",
    "name": "Woolworths Slow Cooked Bbq Beef Brisket With Sweet Potato Mash 400g",
    "image_url": "https://cdn1.woolworths.media/content/wowproductimages/large/248073.jpg",
    "source_id": "Woolworths - 248073",
    "barcode": "9339687315970",
    "shop": "Woolworths",
    "weight": "100G",
    "prices": [
      {
        "state": "NSW",
        "price": "1300",
        "price_per_unit": "325",
        "price_unit": "G"
      },
      {
        "state": "NSW",
        "price": "1300",
        "price_per_unit": "325",
        "price_unit": "G"
      },
      {
        "state": "WA",
        "price": "1300",
        "price_per_unit": "325",
        "price_unit": "G"
      },
      {
        "state": "WA",
        "price": "1300",
        "price_per_unit": "325",
        "price_unit": "G"
      },
      {
        "state": "SA",
        "price": "1300",
        "price_per_unit": "325",
        "price_unit": "G"
      },
      {
        "state": "SA",
        "price": "1300",
        "price_per_unit": "325",
        "price_unit": "G"
      },
      {
        "state": "TAS",
        "price": "1300",
        "price_per_unit": "325",
        "price_unit": "G"
      },
      {
        "state": "TAS",
        "price": "1300",
        "price_per_unit": "325",
        "price_unit": "G"
      },
      {
        "state": "ACT",
        "price": "1300",
        "price_per_unit": "325",
        "price_unit": "G"
      },
      {
        "state": "ACT",
        "price": "1300",
        "price_per_unit": "325",
        "price_unit": "G"
      }
    ]
  },
  {
    "source_url": "https://www.woolworths.com.au/shop/productdetails/248178/woolworths-slow-cooked-beef-bourguignon-with-roasted-garlic-mash",
    "name": "Woolworths Slow Cooked Beef Bourguignon With Roasted Garlic Mash 400g",
    "image_url": "https://cdn1.woolworths.media/content/wowproductimages/large/248178.jpg",
    "source_id": "Woolworths - 248178",
    "barcode": "9339687316007",
    "shop": "Woolworths",
    "weight": "100G",
    "prices": [
      {
        "state": "NSW",
        "price": "1300",
        "price_per_unit": "325",
        "price_unit": "G"
      },
      {
        "state": "NSW",
        "price": "1300",
        "price_per_unit": "325",
        "price_unit": "G"
      },
      {
        "state": "VIC",
        "price": "1300",
        "price_per_unit": "325",
        "price_unit": "G"
      },
      {
        "state": "VIC",
        "price": "1300",
        "price_per_unit": "325",
        "price_unit": "G"
      },
      {
        "state": "WA",
        "price": "1300",
        "price_per_unit": "325",
        "price_unit": "G"
      },
      {
        "state": "WA",
        "price": "1300",
        "price_per_unit": "325",
        "price_unit": "G"
      },
      {
        "state": "SA",
        "price": "1300",
        "price_per_unit": "325",
        "price_unit": "G"
      },
      {
        "state": "SA",
        "price": "1300",
        "price_per_unit": "325",
        "price_unit": "G"
      },
      {
        "state": "TAS",
        "price": "1300",
        "price_per_unit": "325",
        "price_unit": "G"
      },
      {
        "state": "TAS",
        "price": "1300",
        "price_per_unit": "325",
        "price_unit": "G"
      },
      {
        "state": "ACT",
        "price": "1300",
        "price_per_unit": "325",
        "price_unit": "G"
      },
      {
        "state": "ACT",
        "price": "1300",
        "price_per_unit": "325",
        "price_unit": "G"
      }
    ]
  },
  {
    "source_url": "https://www.woolworths.com.au/shop/productdetails/507632/woolworths-slow-cooked-lamb-with-gravy-roasted-garlic-mash-peas",
    "name": "Woolworths Slow Cooked Lamb With Gravy Roasted Garlic Mash & Peas 400g",
    "image_url": "https://cdn1.woolworths.media/content/wowproductimages/large/507632.jpg",
    "source_id": "Woolworths - 507632",
    "barcode": "9339687362899",
    "shop": "Woolworths",
    "weight": "100G",
    "prices": [
      {
        "state": "NSW",
        "price": "1300",
        "price_per_unit": "325",
        "price_unit": "G"
      },
      {
        "state": "NSW",
        "price": "1300",
        "price_per_unit": "325",
        "price_unit": "G"
      },
      {
        "state": "VIC",
        "price": "1300",
        "price_per_unit": "325",
        "price_unit": "G"
      },
      {
        "state": "VIC",
        "price": "1300",
        "price_per_unit": "325",
        "price_unit": "G"
      },
      {
        "state": "QLD",
        "price": "1300",
        "price_per_unit": "325",
        "price_unit": "G"
      },
      {
        "state": "QLD",
        "price": "1300",
        "price_per_unit": "325",
        "price_unit": "G"
      },
      {
        "state": "SA",
        "price": "1300",
        "price_per_unit": "325",
        "price_unit": "G"
      },
      {
        "state": "SA",
        "price": "1300",
        "price_per_unit": "325",
        "price_unit": "G"
      },
      {
        "state": "TAS",
        "price": "1300",
        "price_per_unit": "325",
        "price_unit": "G"
      },
      {
        "state": "TAS",
        "price": "1300",
        "price_per_unit": "325",
        "price_unit": "G"
      },
      {
        "state": "ACT",
        "price": "1300",
        "price_per_unit": "325",
        "price_unit": "G"
      },
      {
        "state": "ACT",
        "price": "1300",
        "price_per_unit": "325",
        "price_unit": "G"
      }
    ]
  },
  {
    "source_url": "https://www.woolworths.com.au/shop/productdetails/646134/woolworths-spaghetti-bolognese-chilled-meal",
    "name": "Woolworths Spaghetti Bolognese Chilled Meal 350g",
    "image_url": "https://cdn1.woolworths.media/content/wowproductimages/large/646134.jpg",
    "source_id": "Woolworths - 646134",
    "barcode": "9300633686901",
    "shop": "Woolworths",
    "weight": "100G",
    "prices": [
      {
        "state": "NSW",
        "price": "800",
        "price_per_unit": "229",
        "price_unit": "G"
      },
      {
        "state": "NSW",
        "price": "800",
        "price_per_unit": "229",
        "price_unit": "G"
      },
      {
        "state": "VIC",
        "price": "800",
        "price_per_unit": "229",
        "price_unit": "G"
      },
      {
        "state": "VIC",
        "price": "800",
        "price_per_unit": "229",
        "price_unit": "G"
      },
      {
        "state": "QLD",
        "price": "800",
        "price_per_unit": "229",
        "price_unit": "G"
      },
      {
        "state": "QLD",
        "price": "800",
        "price_per_unit": "229",
        "price_unit": "G"
      },
      {
        "state": "WA",
        "price": "800",
        "price_per_unit": "229",
        "price_unit": "G"
      },
      {
        "state": "WA",
        "price": "800",
        "price_per_unit": "229",
        "price_unit": "G"
      },
      {
        "state": "SA",
        "price": "800",
        "price_per_unit": "229",
        "price_unit": "G"
      },
      {
        "state": "SA",
        "price": "800",
        "price_per_unit": "229",
        "price_unit": "G"
      },
      {
        "state": "TAS",
        "price": "800",
        "price_per_unit": "229",
        "price_unit": "G"
      },
      {
        "state": "TAS",
        "price": "800",
        "price_per_unit": "229",
        "price_unit": "G"
      },
      {
        "state": "ACT",
        "price": "800",
        "price_per_unit": "229",
        "price_unit": "G"
      },
      {
        "state": "ACT",
        "price": "800",
        "price_per_unit": "229",
        "price_unit": "G"
      },
      {
        "state": "NT",
        "price": "800",
        "price_per_unit": "229",
        "price_unit": "G"
      },
      {
        "state": "NT",
        "price": "800",
        "price_per_unit": "229",
        "price_unit": "G"
      }
    ]
  },
  {
    "source_url": "https://www.woolworths.com.au/shop/productdetails/507622/woolworths-spinach-ricotta-cannelloni",
    "name": "Woolworths Spinach & Ricotta Cannelloni 350g",
    "image_url": "https://cdn1.woolworths.media/content/wowproductimages/large/507622.jpg",
    "source_id": "Woolworths - 507622",
    "barcode": "9339687362875",
    "shop": "Woolworths",
    "weight": "100G",
    "prices": [
      {
        "state": "NSW",
        "price": "800",
        "price_per_unit": "229",
        "price_unit": "G"
      },
      {
        "state": "NSW",
        "price": "800",
        "price_per_unit": "229",
        "price_unit": "G"
      },
      {
        "state": "QLD",
        "price": "800",
        "price_per_unit": "229",
        "price_unit": "G"
      },
      {
        "state": "QLD",
        "price": "800",
        "price_per_unit": "229",
        "price_unit": "G"
      },
      {
        "state": "WA",
        "price": "800",
        "price_per_unit": "229",
        "price_unit": "G"
      },
      {
        "state": "WA",
        "price": "800",
        "price_per_unit": "229",
        "price_unit": "G"
      },
      {
        "state": "SA",
        "price": "800",
        "price_per_unit": "229",
        "price_unit": "G"
      },
      {
        "state": "SA",
        "price": "800",
        "price_per_unit": "229",
        "price_unit": "G"
      },
      {
        "state": "TAS",
        "price": "800",
        "price_per_unit": "229",
        "price_unit": "G"
      },
      {
        "state": "TAS",
        "price": "800",
        "price_per_unit": "229",
        "price_unit": "G"
      },
      {
        "state": "ACT",
        "price": "800",
        "price_per_unit": "229",
        "price_unit": "G"
      },
      {
        "state": "ACT",
        "price": "800",
        "price_per_unit": "229",
        "price_unit": "G"
      }
    ]
  },
  {
    "source_url": "https://www.woolworths.com.au/shop/productdetails/507670/woolworths-sweet-sour-chicken-with-basmati-rice",
    "name": "Woolworths Sweet & Sour Chicken With Basmati Rice 350g",
    "image_url": "https://cdn1.woolworths.media/content/wowproductimages/large/507670.jpg",
    "source_id": "Woolworths - 507670",
    "barcode": "9339687363117",
    "shop": "Woolworths",
    "weight": "100G",
    "prices": [
      {
        "state": "NSW",
        "price": "800",
        "price_per_unit": "229",
        "price_unit": "G"
      },
      {
        "state": "NSW",
        "price": "800",
        "price_per_unit": "229",
        "price_unit": "G"
      },
      {
        "state": "VIC",
        "price": "800",
        "price_per_unit": "229",
        "price_unit": "G"
      },
      {
        "state": "VIC",
        "price": "800",
        "price_per_unit": "229",
        "price_unit": "G"
      },
      {
        "state": "QLD",
        "price": "800",
        "price_per_unit": "229",
        "price_unit": "G"
      },
      {
        "state": "QLD",
        "price": "800",
        "price_per_unit": "229",
        "price_unit": "G"
      },
      {
        "state": "WA",
        "price": "800",
        "price_per_unit": "229",
        "price_unit": "G"
      },
      {
        "state": "WA",
        "price": "800",
        "price_per_unit": "229",
        "price_unit": "G"
      },
      {
        "state": "SA",
        "price": "800",
        "price_per_unit": "229",
        "price_unit": "G"
      },
      {
        "state": "SA",
        "price": "800",
        "price_per_unit": "229",
        "price_unit": "G"
      },
      {
        "state": "TAS",
        "price": "800",
        "price_per_unit": "229",
        "price_unit": "G"
      },
      {
        "state": "TAS",
        "price": "800",
        "price_per_unit": "229",
        "price_unit": "G"
      },
      {
        "state": "ACT",
        "price": "800",
        "price_per_unit": "229",
        "price_unit": "G"
      },
      {
        "state": "ACT",
        "price": "800",
        "price_per_unit": "229",
        "price_unit": "G"
      }
    ]
  },
  {
    "source_url": "https://www.woolworths.com.au/shop/productdetails/673742/woolworths-tasmanian-salmon-with-rice-chilled-meal",
    "name": "Woolworths Tasmanian Salmon With Rice Chilled Meal 400g",
    "image_url": "https://cdn1.woolworths.media/content/wowproductimages/large/673742.jpg",
    "source_id": "Woolworths - 673742",
    "barcode": "9339687028306",
    "shop": "Woolworths",
    "weight": "100G",
    "prices": [
      {
        "state": "NSW",
        "price": "1300",
        "price_per_unit": "325",
        "price_unit": "G"
      },
      {
        "state": "NSW",
        "price": "1300",
        "price_per_unit": "325",
        "price_unit": "G"
      },
      {
        "state": "QLD",
        "price": "1300",
        "price_per_unit": "325",
        "price_unit": "G"
      },
      {
        "state": "QLD",
        "price": "1300",
        "price_per_unit": "325",
        "price_unit": "G"
      },
      {
        "state": "WA",
        "price": "1300",
        "price_per_unit": "325",
        "price_unit": "G"
      },
      {
        "state": "WA",
        "price": "1300",
        "price_per_unit": "325",
        "price_unit": "G"
      },
      {
        "state": "SA",
        "price": "1300",
        "price_per_unit": "325",
        "price_unit": "G"
      },
      {
        "state": "SA",
        "price": "1300",
        "price_per_unit": "325",
        "price_unit": "G"
      },
      {
        "state": "TAS",
        "price": "1300",
        "price_per_unit": "325",
        "price_unit": "G"
      },
      {
        "state": "TAS",
        "price": "1300",
        "price_per_unit": "325",
        "price_unit": "G"
      },
      {
        "state": "ACT",
        "price": "1300",
        "price_per_unit": "325",
        "price_unit": "G"
      },
      {
        "state": "ACT",
        "price": "1300",
        "price_per_unit": "325",
        "price_unit": "G"
      }
    ]
  },
  {
    "source_url": "https://www.woolworths.com.au/shop/productdetails/504868/woolworths-teriyaki-chicken-with-basmati-rice",
    "name": "Woolworths Teriyaki Chicken With Basmati Rice 350g",
    "image_url": "https://cdn1.woolworths.media/content/wowproductimages/large/504868.jpg",
    "source_id": "Woolworths - 504868",
    "barcode": "9339687362936",
    "shop": "Woolworths",
    "weight": "100G",
    "prices": [
      {
        "state": "NSW",
        "price": "800",
        "price_per_unit": "229",
        "price_unit": "G"
      },
      {
        "state": "NSW",
        "price": "800",
        "price_per_unit": "229",
        "price_unit": "G"
      },
      {
        "state": "VIC",
        "price": "800",
        "price_per_unit": "229",
        "price_unit": "G"
      },
      {
        "state": "VIC",
        "price": "800",
        "price_per_unit": "229",
        "price_unit": "G"
      },
      {
        "state": "QLD",
        "price": "800",
        "price_per_unit": "229",
        "price_unit": "G"
      },
      {
        "state": "QLD",
        "price": "800",
        "price_per_unit": "229",
        "price_unit": "G"
      },
      {
        "state": "WA",
        "price": "800",
        "price_per_unit": "229",
        "price_unit": "G"
      },
      {
        "state": "WA",
        "price": "800",
        "price_per_unit": "229",
        "price_unit": "G"
      },
      {
        "state": "SA",
        "price": "800",
        "price_per_unit": "229",
        "price_unit": "G"
      },
      {
        "state": "SA",
        "price": "800",
        "price_per_unit": "229",
        "price_unit": "G"
      },
      {
        "state": "TAS",
        "price": "800",
        "price_per_unit": "229",
        "price_unit": "G"
      },
      {
        "state": "TAS",
        "price": "800",
        "price_per_unit": "229",
        "price_unit": "G"
      },
      {
        "state": "ACT",
        "price": "800",
        "price_per_unit": "229",
        "price_unit": "G"
      },
      {
        "state": "ACT",
        "price": "800",
        "price_per_unit": "229",
        "price_unit": "G"
      }
    ]
  },
  {
    "source_url": "https://www.woolworths.com.au/shop/productdetails/504795/woolworths-thai-satay-chicken-with-rice-chilled-meal",
    "name": "Woolworths Thai Satay Chicken With Rice Chilled Meal 350g",
    "image_url": "https://cdn1.woolworths.media/content/wowproductimages/large/504795.jpg",
    "source_id": "Woolworths - 504795",
    "barcode": "9339687216444",
    "shop": "Woolworths",
    "weight": "100G",
    "prices": [
      {
        "state": "NSW",
        "price": "800",
        "price_per_unit": "229",
        "price_unit": "G"
      },
      {
        "state": "NSW",
        "price": "800",
        "price_per_unit": "229",
        "price_unit": "G"
      },
      {
        "state": "VIC",
        "price": "800",
        "price_per_unit": "229",
        "price_unit": "G"
      },
      {
        "state": "VIC",
        "price": "800",
        "price_per_unit": "229",
        "price_unit": "G"
      },
      {
        "state": "QLD",
        "price": "800",
        "price_per_unit": "229",
        "price_unit": "G"
      },
      {
        "state": "QLD",
        "price": "800",
        "price_per_unit": "229",
        "price_unit": "G"
      },
      {
        "state": "WA",
        "price": "800",
        "price_per_unit": "229",
        "price_unit": "G"
      },
      {
        "state": "WA",
        "price": "800",
        "price_per_unit": "229",
        "price_unit": "G"
      },
      {
        "state": "SA",
        "price": "800",
        "price_per_unit": "229",
        "price_unit": "G"
      },
      {
        "state": "SA",
        "price": "800",
        "price_per_unit": "229",
        "price_unit": "G"
      },
      {
        "state": "TAS",
        "price": "800",
        "price_per_unit": "229",
        "price_unit": "G"
      },
      {
        "state": "TAS",
        "price": "800",
        "price_per_unit": "229",
        "price_unit": "G"
      },
      {
        "state": "ACT",
        "price": "800",
        "price_per_unit": "229",
        "price_unit": "G"
      },
      {
        "state": "ACT",
        "price": "800",
        "price_per_unit": "229",
        "price_unit": "G"
      }
    ]
  },
  {
    "source_url": "https://www.woolworths.com.au/shop/productdetails/504817/woolworths-tuna-mornay-bake",
    "name": "Woolworths Tuna Mornay Bake 350g",
    "image_url": "https://cdn1.woolworths.media/content/wowproductimages/large/504817.jpg",
    "source_id": "Woolworths - 504817",
    "barcode": "9339687363025",
    "shop": "Woolworths",
    "weight": "100G",
    "prices": [
      {
        "state": "NSW",
        "price": "800",
        "price_per_unit": "229",
        "price_unit": "G"
      },
      {
        "state": "NSW",
        "price": "800",
        "price_per_unit": "229",
        "price_unit": "G"
      },
      {
        "state": "VIC",
        "price": "800",
        "price_per_unit": "229",
        "price_unit": "G"
      },
      {
        "state": "VIC",
        "price": "800",
        "price_per_unit": "229",
        "price_unit": "G"
      },
      {
        "state": "QLD",
        "price": "800",
        "price_per_unit": "229",
        "price_unit": "G"
      },
      {
        "state": "QLD",
        "price": "800",
        "price_per_unit": "229",
        "price_unit": "G"
      },
      {
        "state": "WA",
        "price": "800",
        "price_per_unit": "229",
        "price_unit": "G"
      },
      {
        "state": "WA",
        "price": "800",
        "price_per_unit": "229",
        "price_unit": "G"
      },
      {
        "state": "SA",
        "price": "800",
        "price_per_unit": "229",
        "price_unit": "G"
      },
      {
        "state": "SA",
        "price": "800",
        "price_per_unit": "229",
        "price_unit": "G"
      },
      {
        "state": "TAS",
        "price": "800",
        "price_per_unit": "229",
        "price_unit": "G"
      },
      {
        "state": "TAS",
        "price": "800",
        "price_per_unit": "229",
        "price_unit": "G"
      },
      {
        "state": "ACT",
        "price": "800",
        "price_per_unit": "229",
        "price_unit": "G"
      },
      {
        "state": "ACT",
        "price": "800",
        "price_per_unit": "229",
        "price_unit": "G"
      }
    ]
  },
  {
    "source_url": "https://www.woolworths.com.au/shop/productdetails/182722/dineamic-beef-bolognese-with-broccoli-pasta-chilled-meal",
    "name": "Dineamic Beef Bolognese With Broccoli Pasta Chilled Meal 360g",
    "image_url": "https://cdn1.woolworths.media/content/wowproductimages/large/182722.jpg",
    "source_id": "Woolworths - 182722",
    "barcode": "9346473000507",
    "shop": "Woolworths",
    "weight": "100G",
    "prices": []
  },
  {
    "source_url": "https://www.woolworths.com.au/shop/productdetails/210800/dineamic-braised-beef-mushroom-with-mash-garden-peas-chilled-meal",
    "name": "Dineamic Braised Beef & Mushroom With Mash, Garden Peas Chilled Meal 360g",
    "image_url": "https://cdn1.woolworths.media/content/wowproductimages/large/210800.jpg",
    "source_id": "Woolworths - 210800",
    "barcode": "9346473002617",
    "shop": "Woolworths",
    "weight": "100G",
    "prices": []
  },
  {
    "source_url": "https://www.woolworths.com.au/shop/productdetails/182008/dineamic-chicken-chorizo-paella-chilled-meal",
    "name": "Dineamic Chicken & Chorizo Paella Chilled Meal 360g",
    "image_url": "https://cdn1.woolworths.media/content/wowproductimages/large/182008.jpg",
    "source_id": "Woolworths - 182008",
    "barcode": "9346473002259",
    "shop": "Woolworths",
    "weight": "100G",
    "prices": []
  },
  {
    "source_url": "https://www.woolworths.com.au/shop/productdetails/182360/dineamic-chicken-mushroom-risotto-chilled-meal",
    "name": "Dineamic Chicken & Mushroom Risotto Chilled Meal 360g",
    "image_url": "https://cdn1.woolworths.media/content/wowproductimages/large/182360.jpg",
    "source_id": "Woolworths - 182360",
    "barcode": "9346473002242",
    "shop": "Woolworths",
    "weight": "100G",
    "prices": []
  },
  {
    "source_url": "https://www.woolworths.com.au/shop/productdetails/180581/dineamic-smokey-chicken-with-potatoes-corn-bean-salsa-chilled-meal",
    "name": "Dineamic Smokey Chicken With Potatoes Corn & Bean Salsa Chilled Meal 360g",
    "image_url": "https://cdn1.woolworths.media/content/wowproductimages/large/180581.jpg",
    "source_id": "Woolworths - 180581",
    "barcode": "9346473000699",
    "shop": "Woolworths",
    "weight": "100G",
    "prices": []
  },
  {
    "source_url": "https://www.woolworths.com.au/shop/productdetails/58384/easy-eats-chicken-enchiladas-ready-meal",
    "name": "Easy Eats Chicken Enchiladas Ready Meal 500g",
    "image_url": "https://cdn1.woolworths.media/content/wowproductimages/large/058384.jpg",
    "source_id": "Woolworths - 58384",
    "barcode": "781005646430",
    "shop": "Woolworths",
    "weight": "100G",
    "prices": [
      {
        "state": "VIC",
        "price": "950",
        "price_per_unit": "190",
        "price_unit": "G"
      },
      {
        "state": "VIC",
        "price": "950",
        "price_per_unit": "190",
        "price_unit": "G"
      },
      {
        "state": "QLD",
        "price": "950",
        "price_per_unit": "190",
        "price_unit": "G"
      },
      {
        "state": "QLD",
        "price": "950",
        "price_per_unit": "190",
        "price_unit": "G"
      },
      {
        "state": "ACT",
        "price": "950",
        "price_per_unit": "190",
        "price_unit": "G"
      },
      {
        "state": "ACT",
        "price": "950",
        "price_per_unit": "190",
        "price_unit": "G"
      }
    ]
  },
  {
    "source_url": "https://www.woolworths.com.au/shop/productdetails/52829/easy-eats-honey-fried-chicken-chow-mein-ready-meal",
    "name": "Easy Eats Honey Fried Chicken & Chow Mein Ready Meal 350g",
    "image_url": "https://cdn1.woolworths.media/content/wowproductimages/large/052829.jpg",
    "source_id": "Woolworths - 52829",
    "barcode": "781005646539",
    "shop": "Woolworths",
    "weight": "100G",
    "prices": [
      {
        "state": "QLD",
        "price": "900",
        "price_per_unit": "257",
        "price_unit": "G"
      },
      {
        "state": "QLD",
        "price": "900",
        "price_per_unit": "257",
        "price_unit": "G"
      },
      {
        "state": "WA",
        "price": "900",
        "price_per_unit": "257",
        "price_unit": "G"
      },
      {
        "state": "WA",
        "price": "900",
        "price_per_unit": "257",
        "price_unit": "G"
      },
      {
        "state": "SA",
        "price": "900",
        "price_per_unit": "257",
        "price_unit": "G"
      },
      {
        "state": "SA",
        "price": "900",
        "price_per_unit": "257",
        "price_unit": "G"
      },
      {
        "state": "ACT",
        "price": "900",
        "price_per_unit": "257",
        "price_unit": "G"
      },
      {
        "state": "ACT",
        "price": "900",
        "price_per_unit": "257",
        "price_unit": "G"
      }
    ]
  },
  {
    "source_url": "https://www.woolworths.com.au/shop/productdetails/549036/easy-eats-honey-sriracha-chicken",
    "name": "Easy Eats Honey Sriracha Chicken 350g",
    "image_url": "https://cdn1.woolworths.media/content/wowproductimages/large/549036.jpg",
    "source_id": "Woolworths - 549036",
    "barcode": "781005646058",
    "shop": "Woolworths",
    "weight": "100G",
    "prices": [
      {
        "state": "QLD",
        "price": "900",
        "price_per_unit": "257",
        "price_unit": "G"
      },
      {
        "state": "QLD",
        "price": "900",
        "price_per_unit": "257",
        "price_unit": "G"
      },
      {
        "state": "WA",
        "price": "900",
        "price_per_unit": "257",
        "price_unit": "G"
      },
      {
        "state": "WA",
        "price": "900",
        "price_per_unit": "257",
        "price_unit": "G"
      },
      {
        "state": "SA",
        "price": "900",
        "price_per_unit": "257",
        "price_unit": "G"
      },
      {
        "state": "SA",
        "price": "900",
        "price_per_unit": "257",
        "price_unit": "G"
      },
      {
        "state": "TAS",
        "price": "900",
        "price_per_unit": "257",
        "price_unit": "G"
      },
      {
        "state": "TAS",
        "price": "900",
        "price_per_unit": "257",
        "price_unit": "G"
      },
      {
        "state": "ACT",
        "price": "900",
        "price_per_unit": "257",
        "price_unit": "G"
      },
      {
        "state": "ACT",
        "price": "900",
        "price_per_unit": "257",
        "price_unit": "G"
      }
    ]
  },
  {
    "source_url": "https://www.woolworths.com.au/shop/productdetails/123040/my-muscle-chef-beef-stroganoff-fettuccine-chilled-meal",
    "name": "My Muscle Chef Beef Stroganoff Fettuccine Chilled Meal 330g",
    "image_url": "https://cdn1.woolworths.media/content/wowproductimages/large/123040.jpg",
    "source_id": "Woolworths - 123040",
    "barcode": "9353333004353",
    "shop": "Woolworths",
    "weight": "100G",
    "prices": [
      {
        "state": "VIC",
        "price": "1195",
        "price_per_unit": "362",
        "price_unit": "G"
      },
      {
        "state": "VIC",
        "price": "1195",
        "price_per_unit": "362",
        "price_unit": "G"
      },
      {
        "state": "QLD",
        "price": "1195",
        "price_per_unit": "362",
        "price_unit": "G"
      },
      {
        "state": "QLD",
        "price": "1195",
        "price_per_unit": "362",
        "price_unit": "G"
      }
    ]
  },
  {
    "source_url": "https://www.woolworths.com.au/shop/productdetails/65399/my-muscle-chef-chicken-leek-pasta-bake-high-protein",
    "name": "My Muscle Chef Chicken & Leek Pasta Bake High Protein 370g",
    "image_url": "https://cdn1.woolworths.media/content/wowproductimages/large/065399.jpg",
    "source_id": "Woolworths - 65399",
    "barcode": "9353333005374",
    "shop": "Woolworths",
    "weight": "100G",
    "prices": [
      {
        "state": "VIC",
        "price": "1195",
        "price_per_unit": "323",
        "price_unit": "G"
      },
      {
        "state": "VIC",
        "price": "1195",
        "price_per_unit": "323",
        "price_unit": "G"
      },
      {
        "state": "QLD",
        "price": "1195",
        "price_per_unit": "323",
        "price_unit": "G"
      },
      {
        "state": "QLD",
        "price": "1195",
        "price_per_unit": "323",
        "price_unit": "G"
      },
      {
        "state": "ACT",
        "price": "1195",
        "price_per_unit": "323",
        "price_unit": "G"
      },
      {
        "state": "ACT",
        "price": "1195",
        "price_per_unit": "323",
        "price_unit": "G"
      }
    ]
  },
  {
    "source_url": "https://www.woolworths.com.au/shop/productdetails/288922/petite-cuisine-hash-brown",
    "name": "Petite Cuisine Hash Brown Each",
    "image_url": "https://cdn1.woolworths.media/content/wowproductimages/large/288922.jpg",
    "source_id": "Woolworths - 288922",
    "barcode": "0273329000000",
    "shop": "Woolworths",
    "weight": "1EA",
    "prices": [
      {
        "state": "QLD",
        "price": "80",
        "price_per_unit": "80",
        "price_unit": "EA"
      },
      {
        "state": "WA",
        "price": "80",
        "price_per_unit": "80",
        "price_unit": "EA"
      },
      {
        "state": "SA",
        "price": "80",
        "price_per_unit": "80",
        "price_unit": "EA"
      },
      {
        "state": "TAS",
        "price": "80",
        "price_per_unit": "80",
        "price_unit": "EA"
      },
      {
        "state": "ACT",
        "price": "80",
        "price_per_unit": "80",
        "price_unit": "EA"
      },
      {
        "state": "NT",
        "price": "80",
        "price_per_unit": "80",
        "price_unit": "EA"
      }
    ]
  },
  {
    "source_url": "https://www.woolworths.com.au/shop/productdetails/543419/strength-meals-co-beef-casserole-with-mash",
    "name": "Strength Meals Co Beef Casserole With Mash 350g",
    "image_url": "https://cdn1.woolworths.media/content/wowproductimages/large/543419.jpg",
    "source_id": "Woolworths - 543419",
    "barcode": "9319946008720",
    "shop": "Woolworths",
    "weight": "100G",
    "prices": [
      {
        "state": "VIC",
        "price": "995",
        "price_per_unit": "284",
        "price_unit": "G"
      },
      {
        "state": "VIC",
        "price": "995",
        "price_per_unit": "284",
        "price_unit": "G"
      },
      {
        "state": "QLD",
        "price": "995",
        "price_per_unit": "284",
        "price_unit": "G"
      },
      {
        "state": "QLD",
        "price": "995",
        "price_per_unit": "284",
        "price_unit": "G"
      },
      {
        "state": "WA",
        "price": "995",
        "price_per_unit": "284",
        "price_unit": "G"
      },
      {
        "state": "WA",
        "price": "995",
        "price_per_unit": "284",
        "price_unit": "G"
      },
      {
        "state": "SA",
        "price": "995",
        "price_per_unit": "284",
        "price_unit": "G"
      },
      {
        "state": "SA",
        "price": "995",
        "price_per_unit": "284",
        "price_unit": "G"
      },
      {
        "state": "TAS",
        "price": "995",
        "price_per_unit": "284",
        "price_unit": "G"
      },
      {
        "state": "TAS",
        "price": "995",
        "price_per_unit": "284",
        "price_unit": "G"
      },
      {
        "state": "ACT",
        "price": "995",
        "price_per_unit": "284",
        "price_unit": "G"
      },
      {
        "state": "ACT",
        "price": "995",
        "price_per_unit": "284",
        "price_unit": "G"
      }
    ]
  },
  {
    "source_url": "https://www.woolworths.com.au/shop/productdetails/552350/strength-meals-co-high-protein-teriyaki-chicken-with-edamame-brown-rice",
    "name": "Strength Meals Co High Protein Teriyaki Chicken With Edamame & Brown Rice 350g",
    "image_url": "https://cdn1.woolworths.media/content/wowproductimages/large/552350.jpg",
    "source_id": "Woolworths - 552350",
    "barcode": "9319946008706",
    "shop": "Woolworths",
    "weight": "100G",
    "prices": [
      {
        "state": "QLD",
        "price": "995",
        "price_per_unit": "284",
        "price_unit": "G"
      },
      {
        "state": "QLD",
        "price": "995",
        "price_per_unit": "284",
        "price_unit": "G"
      },
      {
        "state": "SA",
        "price": "995",
        "price_per_unit": "284",
        "price_unit": "G"
      },
      {
        "state": "SA",
        "price": "995",
        "price_per_unit": "284",
        "price_unit": "G"
      },
      {
        "state": "TAS",
        "price": "995",
        "price_per_unit": "284",
        "price_unit": "G"
      },
      {
        "state": "TAS",
        "price": "995",
        "price_per_unit": "284",
        "price_unit": "G"
      },
      {
        "state": "ACT",
        "price": "995",
        "price_per_unit": "284",
        "price_unit": "G"
      },
      {
        "state": "ACT",
        "price": "995",
        "price_per_unit": "284",
        "price_unit": "G"
      }
    ]
  },
  {
    "source_url": "https://www.woolworths.com.au/shop/productdetails/55748/strength-meals-co-mongolian-beef-with-vegetables-brown-rice",
    "name": "Strength Meals Co Mongolian Beef With Vegetables & Brown Rice 350g",
    "image_url": "https://cdn1.woolworths.media/content/wowproductimages/large/055748.jpg",
    "source_id": "Woolworths - 55748",
    "barcode": "9319946009307",
    "shop": "Woolworths",
    "weight": "100G",
    "prices": [
      {
        "state": "VIC",
        "price": "995",
        "price_per_unit": "284",
        "price_unit": "G"
      },
      {
        "state": "VIC",
        "price": "995",
        "price_per_unit": "284",
        "price_unit": "G"
      },
      {
        "state": "QLD",
        "price": "995",
        "price_per_unit": "284",
        "price_unit": "G"
      },
      {
        "state": "QLD",
        "price": "995",
        "price_per_unit": "284",
        "price_unit": "G"
      },
      {
        "state": "TAS",
        "price": "995",
        "price_per_unit": "284",
        "price_unit": "G"
      },
      {
        "state": "TAS",
        "price": "995",
        "price_per_unit": "284",
        "price_unit": "G"
      },
      {
        "state": "ACT",
        "price": "995",
        "price_per_unit": "284",
        "price_unit": "G"
      },
      {
        "state": "ACT",
        "price": "995",
        "price_per_unit": "284",
        "price_unit": "G"
      }
    ]
  },
  {
    "source_url": "https://www.woolworths.com.au/shop/productdetails/777414/temptations-pork-meat-pie-small-small",
    "name": "Temptations Pork Meat Pie Small 160g",
    "image_url": "https://cdn1.woolworths.media/content/wowproductimages/large/777414.jpg",
    "source_id": "Woolworths - 777414",
    "barcode": "0273593000003",
    "shop": "Woolworths",
    "weight": "100G",
    "prices": [
      {
        "state": "VIC",
        "price": "345",
        "price_per_unit": "216",
        "price_unit": "G"
      },
      {
        "state": "QLD",
        "price": "345",
        "price_per_unit": "216",
        "price_unit": "G"
      },
      {
        "state": "WA",
        "price": "345",
        "price_per_unit": "216",
        "price_unit": "G"
      },
      {
        "state": "SA",
        "price": "345",
        "price_per_unit": "216",
        "price_unit": "G"
      },
      {
        "state": "TAS",
        "price": "345",
        "price_per_unit": "216",
        "price_unit": "G"
      },
      {
        "state": "ACT",
        "price": "345",
        "price_per_unit": "216",
        "price_unit": "G"
      }
    ]
  },
  {
    "source_url": "https://www.woolworths.com.au/shop/productdetails/830498/woolworths-chicken-tikka-masala-with-rice-chilled-meal",
    "name": "Woolworths Chicken Tikka Masala With Rice Chilled Meal 350g",
    "image_url": "https://cdn1.woolworths.media/content/wowproductimages/large/830498.jpg",
    "source_id": "Woolworths - 830498",
    "barcode": "9339687216536",
    "shop": "Woolworths",
    "weight": "100G",
    "prices": [
      {
        "state": "VIC",
        "price": "800",
        "price_per_unit": "229",
        "price_unit": "G"
      },
      {
        "state": "VIC",
        "price": "800",
        "price_per_unit": "229",
        "price_unit": "G"
      },
      {
        "state": "QLD",
        "price": "800",
        "price_per_unit": "229",
        "price_unit": "G"
      },
      {
        "state": "QLD",
        "price": "800",
        "price_per_unit": "229",
        "price_unit": "G"
      },
      {
        "state": "WA",
        "price": "800",
        "price_per_unit": "229",
        "price_unit": "G"
      },
      {
        "state": "WA",
        "price": "800",
        "price_per_unit": "229",
        "price_unit": "G"
      },
      {
        "state": "SA",
        "price": "800",
        "price_per_unit": "229",
        "price_unit": "G"
      },
      {
        "state": "SA",
        "price": "800",
        "price_per_unit": "229",
        "price_unit": "G"
      },
      {
        "state": "TAS",
        "price": "800",
        "price_per_unit": "229",
        "price_unit": "G"
      },
      {
        "state": "TAS",
        "price": "800",
        "price_per_unit": "229",
        "price_unit": "G"
      }
    ]
  },
  {
    "source_url": "https://www.woolworths.com.au/shop/productdetails/827224/woolworths-spinach-ricotta-tortellini-napolitana-sauce-chilled-meal",
    "name": "Woolworths Spinach & Ricotta Tortellini Napolitana Sauce Chilled Meal 350g",
    "image_url": "https://cdn1.woolworths.media/content/wowproductimages/large/827224.jpg",
    "source_id": "Woolworths - 827224",
    "barcode": "9300633718411",
    "shop": "Woolworths",
    "weight": "100G",
    "prices": [
      {
        "state": "VIC",
        "price": "800",
        "price_per_unit": "229",
        "price_unit": "G"
      },
      {
        "state": "VIC",
        "price": "800",
        "price_per_unit": "229",
        "price_unit": "G"
      },
      {
        "state": "QLD",
        "price": "800",
        "price_per_unit": "229",
        "price_unit": "G"
      },
      {
        "state": "QLD",
        "price": "800",
        "price_per_unit": "229",
        "price_unit": "G"
      },
      {
        "state": "WA",
        "price": "800",
        "price_per_unit": "229",
        "price_unit": "G"
      },
      {
        "state": "WA",
        "price": "800",
        "price_per_unit": "229",
        "price_unit": "G"
      },
      {
        "state": "SA",
        "price": "800",
        "price_per_unit": "229",
        "price_unit": "G"
      },
      {
        "state": "SA",
        "price": "800",
        "price_per_unit": "229",
        "price_unit": "G"
      },
      {
        "state": "ACT",
        "price": "800",
        "price_per_unit": "229",
        "price_unit": "G"
      },
      {
        "state": "ACT",
        "price": "800",
        "price_per_unit": "229",
        "price_unit": "G"
      }
    ]
  },
  {
    "source_url": "https://www.woolworths.com.au/shop/productdetails/504792/woolworths-thai-green-chicken-curry-with-rice-chilled-meal",
    "name": "Woolworths Thai Green Chicken Curry With Rice Chilled Meal 350g",
    "image_url": "https://cdn1.woolworths.media/content/wowproductimages/large/504792.jpg",
    "source_id": "Woolworths - 504792",
    "barcode": "9339687216437",
    "shop": "Woolworths",
    "weight": "100G",
    "prices": [
      {
        "state": "QLD",
        "price": "800",
        "price_per_unit": "229",
        "price_unit": "G"
      },
      {
        "state": "QLD",
        "price": "800",
        "price_per_unit": "229",
        "price_unit": "G"
      },
      {
        "state": "WA",
        "price": "800",
        "price_per_unit": "229",
        "price_unit": "G"
      },
      {
        "state": "WA",
        "price": "800",
        "price_per_unit": "229",
        "price_unit": "G"
      },
      {
        "state": "SA",
        "price": "800",
        "price_per_unit": "229",
        "price_unit": "G"
      },
      {
        "state": "SA",
        "price": "800",
        "price_per_unit": "229",
        "price_unit": "G"
      },
      {
        "state": "TAS",
        "price": "800",
        "price_per_unit": "229",
        "price_unit": "G"
      },
      {
        "state": "TAS",
        "price": "800",
        "price_per_unit": "229",
        "price_unit": "G"
      }
    ]
  },
  {
    "source_url": "https://www.woolworths.com.au/shop/productdetails/213222/mt-barker-chicken-tikka-masala",
    "name": "Mt Barker Chicken Tikka Masala 400g",
    "image_url": "https://cdn1.woolworths.media/content/wowproductimages/large/213222.jpg",
    "source_id": "Woolworths - 213222",
    "barcode": "9334864004937",
    "shop": "Woolworths",
    "weight": "100G",
    "prices": [
      {
        "state": "WA",
        "price": "1000",
        "price_per_unit": "250",
        "price_unit": "G"
      },
      {
        "state": "WA",
        "price": "1000",
        "price_per_unit": "250",
        "price_unit": "G"
      }
    ]
  },
  {
    "source_url": "https://www.woolworths.com.au/shop/productdetails/117185/mt-barker-french-chicken-mushrooms-chilled-meal",
    "name": "Mt Barker French Chicken & Mushrooms Chilled Meal 400g",
    "image_url": "https://cdn1.woolworths.media/content/wowproductimages/large/117185.jpg",
    "source_id": "Woolworths - 117185",
    "barcode": "9334864004258",
    "shop": "Woolworths",
    "weight": "100G",
    "prices": [
      {
        "state": "WA",
        "price": "1000",
        "price_per_unit": "250",
        "price_unit": "G"
      },
      {
        "state": "WA",
        "price": "1000",
        "price_per_unit": "250",
        "price_unit": "G"
      }
    ]
  },
  {
    "source_url": "https://www.woolworths.com.au/shop/productdetails/152663/mt-barker-massaman-chicken-curry-chilled-meal",
    "name": "Mt Barker Massaman Chicken Curry Chilled Meal 400g",
    "image_url": "https://cdn1.woolworths.media/content/wowproductimages/large/152663.jpg",
    "source_id": "Woolworths - 152663",
    "barcode": "9334864004210",
    "shop": "Woolworths",
    "weight": "100G",
    "prices": [
      {
        "state": "WA",
        "price": "1000",
        "price_per_unit": "250",
        "price_unit": "G"
      },
      {
        "state": "WA",
        "price": "1000",
        "price_per_unit": "250",
        "price_unit": "G"
      }
    ]
  },
  {
    "source_url": "https://www.woolworths.com.au/shop/productdetails/183798/woolworths-calorie-controlled-butter-chicken-with-rice",
    "name": "Woolworths Calorie Controlled Butter Chicken With Rice 350g",
    "image_url": "https://cdn1.woolworths.media/content/wowproductimages/large/183798.jpg",
    "source_id": "Woolworths - 183798",
    "barcode": "9339687276431",
    "shop": "Woolworths",
    "weight": "100G",
    "prices": [
      {
        "state": "WA",
        "price": "800",
        "price_per_unit": "229",
        "price_unit": "G"
      },
      {
        "state": "WA",
        "price": "800",
        "price_per_unit": "229",
        "price_unit": "G"
      },
      {
        "state": "SA",
        "price": "800",
        "price_per_unit": "229",
        "price_unit": "G"
      },
      {
        "state": "SA",
        "price": "800",
        "price_per_unit": "229",
        "price_unit": "G"
      }
    ]
  },
  {
    "source_url": "https://www.woolworths.com.au/shop/productdetails/830499/woolworths-chicken-korma-with-rice-chilled-meal",
    "name": "Woolworths Chicken Korma With Rice Chilled Meal 350g",
    "image_url": "https://cdn1.woolworths.media/content/wowproductimages/large/830499.jpg",
    "source_id": "Woolworths - 830499",
    "barcode": "9339687216543",
    "shop": "Woolworths",
    "weight": "100G",
    "prices": [
      {
        "state": "WA",
        "price": "800",
        "price_per_unit": "229",
        "price_unit": "G"
      },
      {
        "state": "WA",
        "price": "800",
        "price_per_unit": "229",
        "price_unit": "G"
      },
      {
        "state": "SA",
        "price": "800",
        "price_per_unit": "229",
        "price_unit": "G"
      },
      {
        "state": "SA",
        "price": "800",
        "price_per_unit": "229",
        "price_unit": "G"
      },
      {
        "state": "TAS",
        "price": "800",
        "price_per_unit": "229",
        "price_unit": "G"
      },
      {
        "state": "TAS",
        "price": "800",
        "price_per_unit": "229",
        "price_unit": "G"
      },
      {
        "state": "ACT",
        "price": "800",
        "price_per_unit": "229",
        "price_unit": "G"
      },
      {
        "state": "ACT",
        "price": "800",
        "price_per_unit": "229",
        "price_unit": "G"
      }
    ]
  },
  {
    "source_url": "https://www.woolworths.com.au/shop/productdetails/238159/cucina-classica-beef-ravioli-napoletana",
    "name": "Cucina Classica Beef Ravioli Napoletana 350g",
    "image_url": "https://cdn1.woolworths.media/content/wowproductimages/large/238159.jpg",
    "source_id": "Woolworths - 238159",
    "barcode": "9345682003262",
    "shop": "Woolworths",
    "weight": "100G",
    "prices": [
      {
        "state": "SA",
        "price": "920",
        "price_per_unit": "263",
        "price_unit": "G"
      },
      {
        "state": "SA",
        "price": "920",
        "price_per_unit": "263",
        "price_unit": "G"
      }
    ]
  },
  {
    "source_url": "https://www.woolworths.com.au/shop/productdetails/237481/cucina-classica-cucina-rigatoni-bolognese",
    "name": "Cucina Classica Cucina Rigatoni Bolognese 320g",
    "image_url": "https://cdn1.woolworths.media/content/wowproductimages/large/237481.jpg",
    "source_id": "Woolworths - 237481",
    "barcode": "9345682003255",
    "shop": "Woolworths",
    "weight": "100G",
    "prices": [
      {
        "state": "SA",
        "price": "920",
        "price_per_unit": "288",
        "price_unit": "G"
      },
      {
        "state": "SA",
        "price": "920",
        "price_per_unit": "288",
        "price_unit": "G"
      }
    ]
  },
  {
    "source_url": "https://www.woolworths.com.au/shop/productdetails/767481/cucina-classica-pasta-blue-swimmer-crab-chilled-meal",
    "name": "Cucina Classica Pasta Blue Swimmer Crab Chilled Meal 300g",
    "image_url": "https://cdn1.woolworths.media/content/wowproductimages/large/767481.jpg",
    "source_id": "Woolworths - 767481",
    "barcode": "9345682003026",
    "shop": "Woolworths",
    "weight": "100G",
    "prices": [
      {
        "state": "SA",
        "price": "920",
        "price_per_unit": "263",
        "price_unit": "G"
      },
      {
        "state": "SA",
        "price": "920",
        "price_per_unit": "263",
        "price_unit": "G"
      }
    ]
  },
  {
    "source_url": "https://www.woolworths.com.au/shop/productdetails/760099/cucina-classica-tagliatelle-beef-ragu-chilled-meal",
    "name": "Cucina Classica Tagliatelle Beef Ragu Chilled Meal 300G",
    "image_url": "https://cdn1.woolworths.media/content/wowproductimages/large/760099.jpg",
    "source_id": "Woolworths - 760099",
    "barcode": "9345682000445",
    "shop": "Woolworths",
    "weight": "100G",
    "prices": [
      {
        "state": "SA",
        "price": "920",
        "price_per_unit": "307",
        "price_unit": "G"
      },
      {
        "state": "SA",
        "price": "920",
        "price_per_unit": "307",
        "price_unit": "G"
      }
    ]
  },
  {
    "source_url": "https://www.woolworths.com.au/shop/productdetails/760206/cucina-classica-traditional-lasagne-null",
    "name": "Cucina Classica Traditional Lasagne 350g",
    "image_url": "https://cdn1.woolworths.media/content/wowproductimages/large/760206.jpg",
    "source_id": "Woolworths - 760206",
    "barcode": "9345682000216",
    "shop": "Woolworths",
    "weight": "100G",
    "prices": [
      {
        "state": "SA",
        "price": "920",
        "price_per_unit": "263",
        "price_unit": "G"
      },
      {
        "state": "SA",
        "price": "920",
        "price_per_unit": "263",
        "price_unit": "G"
      }
    ]
  },
  {
    "source_url": "https://www.woolworths.com.au/shop/productdetails/183800/woolworths-calorie-controlled-ricotta-pumpkin-spinach-cannelloni",
    "name": "Woolworths Calorie Controlled Ricotta, Pumpkin & Spinach Cannelloni 350g",
    "image_url": "https://cdn1.woolworths.media/content/wowproductimages/large/183800.jpg",
    "source_id": "Woolworths - 183800",
    "barcode": "9339687276448",
    "shop": "Woolworths",
    "weight": "100G",
    "prices": [
      {
        "state": "SA",
        "price": "800",
        "price_per_unit": "229",
        "price_unit": "G"
      },
      {
        "state": "SA",
        "price": "800",
        "price_per_unit": "229",
        "price_unit": "G"
      }
    ]
  }
]