[
  {
    "source_url": "https://www.woolworths.com.au/shop/productdetails/1075480632/acure-brightening-day-cream-50ml",
    "name": "Acure Brightening Day Cream 50ml",
    "image_url": "https://cdn1.woolworths.media/content/wowproductimages/large/1075480632.jpg",
    "source_id": "Woolworths - 1075480632",
    "barcode": null,
    "shop": "Woolworths",
    "weight": "100ML",
    "prices": [
      {
        "state": "NSW",
        "price": "3116",
        "price_per_unit": "6232",
        "price_unit": "ML"
      },
      {
        "state": "VIC",
        "price": "3116",
        "price_per_unit": "6232",
        "price_unit": "ML"
      },
      {
        "state": "QLD",
        "price": "3116",
        "price_per_unit": "6232",
        "price_unit": "ML"
      },
      {
        "state": "WA",
        "price": "3116",
        "price_per_unit": "6232",
        "price_unit": "ML"
      },
      {
        "state": "SA",
        "price": "3116",
        "price_per_unit": "6232",
        "price_unit": "ML"
      },
      {
        "state": "TAS",
        "price": "3116",
        "price_per_unit": "6232",
        "price_unit": "ML"
      },
      {
        "state": "ACT",
        "price": "3116",
        "price_per_unit": "6232",
        "price_unit": "ML"
      },
      {
        "state": "NT",
        "price": "3116",
        "price_per_unit": "6232",
        "price_unit": "ML"
      }
    ]
  },
  {
    "source_url": "https://www.woolworths.com.au/shop/productdetails/1075479382/acure-brightening-night-cream-50ml",
    "name": "Acure Brightening Night Cream 50ml",
    "image_url": "https://cdn1.woolworths.media/content/wowproductimages/large/1075479382.jpg",
    "source_id": "Woolworths - 1075479382",
    "barcode": null,
    "shop": "Woolworths",
    "weight": "100ML",
    "prices": [
      {
        "state": "NSW",
        "price": "3356",
        "price_per_unit": "6712",
        "price_unit": "ML"
      },
      {
        "state": "VIC",
        "price": "3356",
        "price_per_unit": "6712",
        "price_unit": "ML"
      },
      {
        "state": "QLD",
        "price": "3356",
        "price_per_unit": "6712",
        "price_unit": "ML"
      },
      {
        "state": "WA",
        "price": "3356",
        "price_per_unit": "6712",
        "price_unit": "ML"
      },
      {
        "state": "SA",
        "price": "3356",
        "price_per_unit": "6712",
        "price_unit": "ML"
      },
      {
        "state": "TAS",
        "price": "3356",
        "price_per_unit": "6712",
        "price_unit": "ML"
      },
      {
        "state": "ACT",
        "price": "3356",
        "price_per_unit": "6712",
        "price_unit": "ML"
      },
      {
        "state": "NT",
        "price": "3356",
        "price_per_unit": "6712",
        "price_unit": "ML"
      }
    ]
  },
  {
    "source_url": "https://www.woolworths.com.au/shop/productdetails/1075345554/acure-ultra-hydrating-12-hour-facial-moisturiser-30ml",
    "name": "Acure Ultra Hydrating 12 Hour Facial Moisturiser 30ml",
    "image_url": "https://cdn1.woolworths.media/content/wowproductimages/large/1075345554.jpg",
    "source_id": "Woolworths - 1075345554",
    "barcode": null,
    "shop": "Woolworths",
    "weight": "100ML",
    "prices": [
      {
        "state": "NSW",
        "price": "3116",
        "price_per_unit": "10387",
        "price_unit": "ML"
      },
      {
        "state": "VIC",
        "price": "3116",
        "price_per_unit": "10387",
        "price_unit": "ML"
      },
      {
        "state": "QLD",
        "price": "3116",
        "price_per_unit": "10387",
        "price_unit": "ML"
      },
      {
        "state": "WA",
        "price": "3116",
        "price_per_unit": "10387",
        "price_unit": "ML"
      },
      {
        "state": "SA",
        "price": "3116",
        "price_per_unit": "10387",
        "price_unit": "ML"
      },
      {
        "state": "TAS",
        "price": "3116",
        "price_per_unit": "10387",
        "price_unit": "ML"
      },
      {
        "state": "ACT",
        "price": "3116",
        "price_per_unit": "10387",
        "price_unit": "ML"
      },
      {
        "state": "NT",
        "price": "3116",
        "price_per_unit": "10387",
        "price_unit": "ML"
      }
    ]
  },
  {
    "source_url": "https://www.woolworths.com.au/shop/productdetails/1075351502/aesop-b-triple-c-facial-balancing-gel-60ml-2-21oz",
    "name": "Aesop B Triple C Facial Balancing Gel 60ml/2.21oz",
    "image_url": "https://cdn1.woolworths.media/content/wowproductimages/large/1075351502.jpg",
    "source_id": "Woolworths - 1075351502",
    "barcode": null,
    "shop": "Woolworths",
    "weight": "100ML",
    "prices": [
      {
        "state": "NSW",
        "price": "20000",
        "price_per_unit": "33333",
        "price_unit": "ML"
      },
      {
        "state": "VIC",
        "price": "20000",
        "price_per_unit": "33333",
        "price_unit": "ML"
      },
      {
        "state": "QLD",
        "price": "20000",
        "price_per_unit": "33333",
        "price_unit": "ML"
      },
      {
        "state": "WA",
        "price": "20000",
        "price_per_unit": "33333",
        "price_unit": "ML"
      },
      {
        "state": "SA",
        "price": "20000",
        "price_per_unit": "33333",
        "price_unit": "ML"
      },
      {
        "state": "TAS",
        "price": "20000",
        "price_per_unit": "33333",
        "price_unit": "ML"
      },
      {
        "state": "ACT",
        "price": "20000",
        "price_per_unit": "33333",
        "price_unit": "ML"
      },
      {
        "state": "NT",
        "price": "20000",
        "price_per_unit": "33333",
        "price_unit": "ML"
      }
    ]
  },
  {
    "source_url": "https://www.woolworths.com.au/shop/productdetails/1075498417/aesop-mandarin-facial-hydrating-cream-60ml-2-01oz",
    "name": "Aesop Mandarin Facial Hydrating Cream 60ml/2.01oz",
    "image_url": "https://cdn1.woolworths.media/content/wowproductimages/large/1075498417.jpg",
    "source_id": "Woolworths - 1075498417",
    "barcode": null,
    "shop": "Woolworths",
    "weight": "100ML",
    "prices": [
      {
        "state": "NSW",
        "price": "9000",
        "price_per_unit": "15000",
        "price_unit": "ML"
      },
      {
        "state": "VIC",
        "price": "9000",
        "price_per_unit": "15000",
        "price_unit": "ML"
      },
      {
        "state": "QLD",
        "price": "9000",
        "price_per_unit": "15000",
        "price_unit": "ML"
      },
      {
        "state": "WA",
        "price": "9000",
        "price_per_unit": "15000",
        "price_unit": "ML"
      },
      {
        "state": "SA",
        "price": "9000",
        "price_per_unit": "15000",
        "price_unit": "ML"
      },
      {
        "state": "TAS",
        "price": "9000",
        "price_per_unit": "15000",
        "price_unit": "ML"
      },
      {
        "state": "ACT",
        "price": "9000",
        "price_per_unit": "15000",
        "price_unit": "ML"
      },
      {
        "state": "NT",
        "price": "9000",
        "price_per_unit": "15000",
        "price_unit": "ML"
      }
    ]
  },
  {
    "source_url": "https://www.woolworths.com.au/shop/productdetails/1075351526/aesop-perfect-facial-hydrating-cream-60ml-2oz",
    "name": "Aesop Perfect Facial Hydrating Cream 60ml/2oz",
    "image_url": "https://cdn1.woolworths.media/content/wowproductimages/large/1075351526.jpg",
    "source_id": "Woolworths - 1075351526",
    "barcode": null,
    "shop": "Woolworths",
    "weight": "100ML",
    "prices": [
      {
        "state": "NSW",
        "price": "20400",
        "price_per_unit": "34000",
        "price_unit": "ML"
      },
      {
        "state": "VIC",
        "price": "20400",
        "price_per_unit": "34000",
        "price_unit": "ML"
      },
      {
        "state": "QLD",
        "price": "20400",
        "price_per_unit": "34000",
        "price_unit": "ML"
      },
      {
        "state": "WA",
        "price": "20400",
        "price_per_unit": "34000",
        "price_unit": "ML"
      },
      {
        "state": "SA",
        "price": "20400",
        "price_per_unit": "34000",
        "price_unit": "ML"
      },
      {
        "state": "TAS",
        "price": "20400",
        "price_per_unit": "34000",
        "price_unit": "ML"
      },
      {
        "state": "ACT",
        "price": "20400",
        "price_per_unit": "34000",
        "price_unit": "ML"
      },
      {
        "state": "NT",
        "price": "20400",
        "price_per_unit": "34000",
        "price_unit": "ML"
      }
    ]
  },
  {
    "source_url": "https://www.woolworths.com.au/shop/productdetails/1075180505/ahava-mineral-radiance-energizing-day-cream-spf-15-50ml-1-7oz",
    "name": "Ahava Mineral Radiance Energizing Day Cream SPF 15 50ml/1.7oz",
    "image_url": "https://cdn1.woolworths.media/content/wowproductimages/large/1075180505.jpg",
    "source_id": "Woolworths - 1075180505",
    "barcode": null,
    "shop": "Woolworths",
    "weight": "100ML",
    "prices": [
      {
        "state": "NSW",
        "price": "6700",
        "price_per_unit": "13400",
        "price_unit": "ML"
      },
      {
        "state": "VIC",
        "price": "6700",
        "price_per_unit": "13400",
        "price_unit": "ML"
      },
      {
        "state": "QLD",
        "price": "6700",
        "price_per_unit": "13400",
        "price_unit": "ML"
      },
      {
        "state": "WA",
        "price": "6700",
        "price_per_unit": "13400",
        "price_unit": "ML"
      },
      {
        "state": "SA",
        "price": "6700",
        "price_per_unit": "13400",
        "price_unit": "ML"
      },
      {
        "state": "TAS",
        "price": "6700",
        "price_per_unit": "13400",
        "price_unit": "ML"
      },
      {
        "state": "ACT",
        "price": "6700",
        "price_per_unit": "13400",
        "price_unit": "ML"
      },
      {
        "state": "NT",
        "price": "6700",
        "price_per_unit": "13400",
        "price_unit": "ML"
      }
    ]
  },
  {
    "source_url": "https://www.woolworths.com.au/shop/productdetails/1075180521/ahava-time-to-hydrate-essential-day-moisturizer-combination-skin-50ml-1-7oz",
    "name": "Ahava Time To Hydrate Essential Day Moisturizer (Combination Skin) 50ml/1.7oz",
    "image_url": "https://cdn1.woolworths.media/content/wowproductimages/large/1075180521.jpg",
    "source_id": "Woolworths - 1075180521",
    "barcode": null,
    "shop": "Woolworths",
    "weight": "100ML",
    "prices": [
      {
        "state": "NSW",
        "price": "6500",
        "price_per_unit": "13000",
        "price_unit": "ML"
      },
      {
        "state": "VIC",
        "price": "6500",
        "price_per_unit": "13000",
        "price_unit": "ML"
      },
      {
        "state": "QLD",
        "price": "6500",
        "price_per_unit": "13000",
        "price_unit": "ML"
      },
      {
        "state": "WA",
        "price": "6500",
        "price_per_unit": "13000",
        "price_unit": "ML"
      },
      {
        "state": "SA",
        "price": "6500",
        "price_per_unit": "13000",
        "price_unit": "ML"
      },
      {
        "state": "TAS",
        "price": "6500",
        "price_per_unit": "13000",
        "price_unit": "ML"
      },
      {
        "state": "ACT",
        "price": "6500",
        "price_per_unit": "13000",
        "price_unit": "ML"
      },
      {
        "state": "NT",
        "price": "6500",
        "price_per_unit": "13000",
        "price_unit": "ML"
      }
    ]
  },
  {
    "source_url": "https://www.woolworths.com.au/shop/productdetails/1075180522/ahava-time-to-hydrate-essential-day-moisturizer-normal-dry-skin-800150-50ml-1-7oz",
    "name": "Ahava Time To Hydrate Essential Day Moisturizer (Normal / Dry Skin) 800150 50ml/1.7oz",
    "image_url": "https://cdn1.woolworths.media/content/wowproductimages/large/1075180522.jpg",
    "source_id": "Woolworths - 1075180522",
    "barcode": null,
    "shop": "Woolworths",
    "weight": "100ML",
    "prices": [
      {
        "state": "NSW",
        "price": "6500",
        "price_per_unit": "13000",
        "price_unit": "ML"
      },
      {
        "state": "VIC",
        "price": "6500",
        "price_per_unit": "13000",
        "price_unit": "ML"
      },
      {
        "state": "QLD",
        "price": "6500",
        "price_per_unit": "13000",
        "price_unit": "ML"
      },
      {
        "state": "WA",
        "price": "6500",
        "price_per_unit": "13000",
        "price_unit": "ML"
      },
      {
        "state": "SA",
        "price": "6500",
        "price_per_unit": "13000",
        "price_unit": "ML"
      },
      {
        "state": "TAS",
        "price": "6500",
        "price_per_unit": "13000",
        "price_unit": "ML"
      },
      {
        "state": "ACT",
        "price": "6500",
        "price_per_unit": "13000",
        "price_unit": "ML"
      },
      {
        "state": "NT",
        "price": "6500",
        "price_per_unit": "13000",
        "price_unit": "ML"
      }
    ]
  },
  {
    "source_url": "https://www.woolworths.com.au/shop/productdetails/1075180523/ahava-time-to-hydrate-essential-day-moisturizer-very-dry-skin-50ml-1-7oz",
    "name": "Ahava Time To Hydrate Essential Day Moisturizer (Very Dry Skin) 50ml/1.7oz",
    "image_url": "https://cdn1.woolworths.media/content/wowproductimages/large/1075180523.jpg",
    "source_id": "Woolworths - 1075180523",
    "barcode": null,
    "shop": "Woolworths",
    "weight": "100ML",
    "prices": [
      {
        "state": "NSW",
        "price": "6800",
        "price_per_unit": "13600",
        "price_unit": "ML"
      },
      {
        "state": "VIC",
        "price": "6800",
        "price_per_unit": "13600",
        "price_unit": "ML"
      },
      {
        "state": "QLD",
        "price": "6800",
        "price_per_unit": "13600",
        "price_unit": "ML"
      },
      {
        "state": "WA",
        "price": "6800",
        "price_per_unit": "13600",
        "price_unit": "ML"
      },
      {
        "state": "SA",
        "price": "6800",
        "price_per_unit": "13600",
        "price_unit": "ML"
      },
      {
        "state": "TAS",
        "price": "6800",
        "price_per_unit": "13600",
        "price_unit": "ML"
      },
      {
        "state": "ACT",
        "price": "6800",
        "price_per_unit": "13600",
        "price_unit": "ML"
      },
      {
        "state": "NT",
        "price": "6800",
        "price_per_unit": "13600",
        "price_unit": "ML"
      }
    ]
  },
  {
    "source_url": "https://www.woolworths.com.au/shop/productdetails/1075566391/algenist-alerblue-algae-vitamin-c-dark-spot-correcting-peel-gel-45ml",
    "name": "Algenist Alerblue Algae Vitamin C Dark Spot Correcting Peel Gel 45ml",
    "image_url": "https://cdn1.woolworths.media/content/wowproductimages/large/1075566391.jpg",
    "source_id": "Woolworths - 1075566391",
    "barcode": null,
    "shop": "Woolworths",
    "weight": "1EA",
    "prices": [
      {
        "state": "NSW",
        "price": "6115",
        "price_per_unit": "6115",
        "price_unit": "EA"
      },
      {
        "state": "VIC",
        "price": "6115",
        "price_per_unit": "6115",
        "price_unit": "EA"
      },
      {
        "state": "QLD",
        "price": "6115",
        "price_per_unit": "6115",
        "price_unit": "EA"
      },
      {
        "state": "WA",
        "price": "6115",
        "price_per_unit": "6115",
        "price_unit": "EA"
      },
      {
        "state": "SA",
        "price": "6115",
        "price_per_unit": "6115",
        "price_unit": "EA"
      },
      {
        "state": "TAS",
        "price": "6115",
        "price_per_unit": "6115",
        "price_unit": "EA"
      },
      {
        "state": "ACT",
        "price": "6115",
        "price_per_unit": "6115",
        "price_unit": "EA"
      },
      {
        "state": "NT",
        "price": "6115",
        "price_per_unit": "6115",
        "price_unit": "EA"
      }
    ]
  },
  {
    "source_url": "https://www.woolworths.com.au/shop/productdetails/1075478344/amazing-oils-fix-my-face-magnesium-moisturiser-100g",
    "name": "Amazing Oils Fix My Face Magnesium Moisturiser 100g",
    "image_url": "https://cdn1.woolworths.media/content/wowproductimages/large/1075478344.jpg",
    "source_id": "Woolworths - 1075478344",
    "barcode": null,
    "shop": "Woolworths",
    "weight": "100G",
    "prices": [
      {
        "state": "NSW",
        "price": "3995",
        "price_per_unit": "3995",
        "price_unit": "G"
      },
      {
        "state": "VIC",
        "price": "3995",
        "price_per_unit": "3995",
        "price_unit": "G"
      },
      {
        "state": "QLD",
        "price": "3995",
        "price_per_unit": "3995",
        "price_unit": "G"
      },
      {
        "state": "WA",
        "price": "3995",
        "price_per_unit": "3995",
        "price_unit": "G"
      },
      {
        "state": "SA",
        "price": "3995",
        "price_per_unit": "3995",
        "price_unit": "G"
      },
      {
        "state": "TAS",
        "price": "3995",
        "price_per_unit": "3995",
        "price_unit": "G"
      },
      {
        "state": "ACT",
        "price": "3995",
        "price_per_unit": "3995",
        "price_unit": "G"
      },
      {
        "state": "NT",
        "price": "3995",
        "price_per_unit": "3995",
        "price_unit": "G"
      }
    ]
  },
  {
    "source_url": "https://www.woolworths.com.au/shop/productdetails/1074137546/amenas-sea-minerals-targeted-care-cream-100g",
    "name": "Amenas Sea Minerals Targeted Care Cream 100g",
    "image_url": "https://cdn1.woolworths.media/content/wowproductimages/large/1074137546.jpg",
    "source_id": "Woolworths - 1074137546",
    "barcode": null,
    "shop": "Woolworths",
    "weight": "100G",
    "prices": [
      {
        "state": "NSW",
        "price": "8140",
        "price_per_unit": "8140",
        "price_unit": "G"
      },
      {
        "state": "VIC",
        "price": "8140",
        "price_per_unit": "8140",
        "price_unit": "G"
      },
      {
        "state": "QLD",
        "price": "8140",
        "price_per_unit": "8140",
        "price_unit": "G"
      },
      {
        "state": "WA",
        "price": "8140",
        "price_per_unit": "8140",
        "price_unit": "G"
      },
      {
        "state": "SA",
        "price": "8140",
        "price_per_unit": "8140",
        "price_unit": "G"
      },
      {
        "state": "TAS",
        "price": "8140",
        "price_per_unit": "8140",
        "price_unit": "G"
      },
      {
        "state": "ACT",
        "price": "8140",
        "price_per_unit": "8140",
        "price_unit": "G"
      },
      {
        "state": "NT",
        "price": "8140",
        "price_per_unit": "8140",
        "price_unit": "G"
      }
    ]
  },
  {
    "source_url": "https://www.woolworths.com.au/shop/productdetails/1074131564/ancient-minerals-magnesium-oil-spray-118ml",
    "name": "Ancient Minerals Magnesium Oil Spray 118ml",
    "image_url": "https://cdn1.woolworths.media/content/wowproductimages/large/1074131564.jpg",
    "source_id": "Woolworths - 1074131564",
    "barcode": null,
    "shop": "Woolworths",
    "weight": "100ML",
    "prices": [
      {
        "state": "NSW",
        "price": "7150",
        "price_per_unit": "6059",
        "price_unit": "ML"
      },
      {
        "state": "VIC",
        "price": "7150",
        "price_per_unit": "6059",
        "price_unit": "ML"
      },
      {
        "state": "QLD",
        "price": "7150",
        "price_per_unit": "6059",
        "price_unit": "ML"
      },
      {
        "state": "WA",
        "price": "7150",
        "price_per_unit": "6059",
        "price_unit": "ML"
      },
      {
        "state": "SA",
        "price": "7150",
        "price_per_unit": "6059",
        "price_unit": "ML"
      },
      {
        "state": "TAS",
        "price": "7150",
        "price_per_unit": "6059",
        "price_unit": "ML"
      },
      {
        "state": "ACT",
        "price": "7150",
        "price_per_unit": "6059",
        "price_unit": "ML"
      },
      {
        "state": "NT",
        "price": "7150",
        "price_per_unit": "6059",
        "price_unit": "ML"
      }
    ]
  },
  {
    "source_url": "https://www.woolworths.com.au/shop/productdetails/1074131565/ancient-minerals-magnesium-oil-spray-237ml",
    "name": "Ancient Minerals Magnesium Oil Spray 237ml",
    "image_url": "https://cdn1.woolworths.media/content/wowproductimages/large/1074131565.jpg",
    "source_id": "Woolworths - 1074131565",
    "barcode": null,
    "shop": "Woolworths",
    "weight": "100ML",
    "prices": [
      {
        "state": "NSW",
        "price": "9020",
        "price_per_unit": "3806",
        "price_unit": "ML"
      },
      {
        "state": "VIC",
        "price": "9020",
        "price_per_unit": "3806",
        "price_unit": "ML"
      },
      {
        "state": "QLD",
        "price": "9020",
        "price_per_unit": "3806",
        "price_unit": "ML"
      },
      {
        "state": "WA",
        "price": "9020",
        "price_per_unit": "3806",
        "price_unit": "ML"
      },
      {
        "state": "SA",
        "price": "9020",
        "price_per_unit": "3806",
        "price_unit": "ML"
      },
      {
        "state": "TAS",
        "price": "9020",
        "price_per_unit": "3806",
        "price_unit": "ML"
      },
      {
        "state": "ACT",
        "price": "9020",
        "price_per_unit": "3806",
        "price_unit": "ML"
      },
      {
        "state": "NT",
        "price": "9020",
        "price_per_unit": "3806",
        "price_unit": "ML"
      }
    ]
  },
  {
    "source_url": "https://www.woolworths.com.au/shop/productdetails/1074131566/ancient-minerals-magnesium-oil-ultra-with-msm-spray-118ml",
    "name": "Ancient Minerals Magnesium Oil Ultra (with MSM) Spray 118ml",
    "image_url": "https://cdn1.woolworths.media/content/wowproductimages/large/1074131566.jpg",
    "source_id": "Woolworths - 1074131566",
    "barcode": null,
    "shop": "Woolworths",
    "weight": "100ML",
    "prices": [
      {
        "state": "NSW",
        "price": "7150",
        "price_per_unit": "6059",
        "price_unit": "ML"
      },
      {
        "state": "VIC",
        "price": "7150",
        "price_per_unit": "6059",
        "price_unit": "ML"
      },
      {
        "state": "QLD",
        "price": "7480",
        "price_per_unit": "6339",
        "price_unit": "ML"
      },
      {
        "state": "WA",
        "price": "7480",
        "price_per_unit": "6339",
        "price_unit": "ML"
      },
      {
        "state": "SA",
        "price": "7480",
        "price_per_unit": "6339",
        "price_unit": "ML"
      },
      {
        "state": "TAS",
        "price": "7480",
        "price_per_unit": "6339",
        "price_unit": "ML"
      },
      {
        "state": "ACT",
        "price": "7480",
        "price_per_unit": "6339",
        "price_unit": "ML"
      },
      {
        "state": "NT",
        "price": "7480",
        "price_per_unit": "6339",
        "price_unit": "ML"
      }
    ]
  },
  {
    "source_url": "https://www.woolworths.com.au/shop/productdetails/1074131567/ancient-minerals-magnesium-oil-ultra-with-msm-spray-237ml",
    "name": "Ancient Minerals Magnesium Oil Ultra (with MSM) Spray 237ml",
    "image_url": "https://cdn1.woolworths.media/content/wowproductimages/large/1074131567.jpg",
    "source_id": "Woolworths - 1074131567",
    "barcode": null,
    "shop": "Woolworths",
    "weight": "100ML",
    "prices": [
      {
        "state": "NSW",
        "price": "9790",
        "price_per_unit": "4131",
        "price_unit": "ML"
      },
      {
        "state": "VIC",
        "price": "9790",
        "price_per_unit": "4131",
        "price_unit": "ML"
      },
      {
        "state": "QLD",
        "price": "9790",
        "price_per_unit": "4131",
        "price_unit": "ML"
      },
      {
        "state": "WA",
        "price": "9790",
        "price_per_unit": "4131",
        "price_unit": "ML"
      },
      {
        "state": "SA",
        "price": "9790",
        "price_per_unit": "4131",
        "price_unit": "ML"
      },
      {
        "state": "TAS",
        "price": "9790",
        "price_per_unit": "4131",
        "price_unit": "ML"
      },
      {
        "state": "ACT",
        "price": "9790",
        "price_per_unit": "4131",
        "price_unit": "ML"
      },
      {
        "state": "NT",
        "price": "9790",
        "price_per_unit": "4131",
        "price_unit": "ML"
      }
    ]
  },
  {
    "source_url": "https://www.woolworths.com.au/shop/productdetails/1074649432/annemarie-borlind-3-in-1-facial-oil-for-dry-demanding-skin-30ml-1-01oz",
    "name": "Annemarie Borlind 3 In 1 Facial Oil - For Dry, Demanding Skin 30ml/1.01oz",
    "image_url": "https://cdn1.woolworths.media/content/wowproductimages/large/1074649432.jpg",
    "source_id": "Woolworths - 1074649432",
    "barcode": null,
    "shop": "Woolworths",
    "weight": "100ML",
    "prices": [
      {
        "state": "NSW",
        "price": "7100",
        "price_per_unit": "23667",
        "price_unit": "ML"
      },
      {
        "state": "VIC",
        "price": "7100",
        "price_per_unit": "23667",
        "price_unit": "ML"
      },
      {
        "state": "QLD",
        "price": "7100",
        "price_per_unit": "23667",
        "price_unit": "ML"
      },
      {
        "state": "WA",
        "price": "7100",
        "price_per_unit": "23667",
        "price_unit": "ML"
      },
      {
        "state": "SA",
        "price": "7100",
        "price_per_unit": "23667",
        "price_unit": "ML"
      },
      {
        "state": "TAS",
        "price": "7100",
        "price_per_unit": "23667",
        "price_unit": "ML"
      },
      {
        "state": "ACT",
        "price": "7100",
        "price_per_unit": "23667",
        "price_unit": "ML"
      },
      {
        "state": "NT",
        "price": "7100",
        "price_per_unit": "23667",
        "price_unit": "ML"
      }
    ]
  },
  {
    "source_url": "https://www.woolworths.com.au/shop/productdetails/1074649441/annemarie-borlind-aquanature-system-hydro-rehydrating-night-cream-for-dehydrated-skin-50ml-1-69oz",
    "name": "Annemarie Borlind Aquanature System Hydro Rehydrating Night Cream - For Dehydrated Skin 50ml/1.69oz",
    "image_url": "https://cdn1.woolworths.media/content/wowproductimages/large/1074649441.jpg",
    "source_id": "Woolworths - 1074649441",
    "barcode": null,
    "shop": "Woolworths",
    "weight": "100ML",
    "prices": [
      {
        "state": "NSW",
        "price": "7100",
        "price_per_unit": "14200",
        "price_unit": "ML"
      },
      {
        "state": "VIC",
        "price": "7100",
        "price_per_unit": "14200",
        "price_unit": "ML"
      },
      {
        "state": "QLD",
        "price": "7100",
        "price_per_unit": "14200",
        "price_unit": "ML"
      },
      {
        "state": "WA",
        "price": "7100",
        "price_per_unit": "14200",
        "price_unit": "ML"
      },
      {
        "state": "SA",
        "price": "7100",
        "price_per_unit": "14200",
        "price_unit": "ML"
      },
      {
        "state": "TAS",
        "price": "7100",
        "price_per_unit": "14200",
        "price_unit": "ML"
      },
      {
        "state": "ACT",
        "price": "7100",
        "price_per_unit": "14200",
        "price_unit": "ML"
      },
      {
        "state": "NT",
        "price": "7100",
        "price_per_unit": "14200",
        "price_unit": "ML"
      }
    ]
  },
  {
    "source_url": "https://www.woolworths.com.au/shop/productdetails/1075104761/annemarie-borlind-body-care-body-oil-for-dry-to-very-dry-skin-100ml-3-38oz",
    "name": "Annemarie Borlind Body Care Body Oil - For Dry To Very Dry Skin 100ml/3.38oz",
    "image_url": "https://cdn1.woolworths.media/content/wowproductimages/large/1075104761.jpg",
    "source_id": "Woolworths - 1075104761",
    "barcode": null,
    "shop": "Woolworths",
    "weight": "100ML",
    "prices": [
      {
        "state": "NSW",
        "price": "4500",
        "price_per_unit": "4500",
        "price_unit": "ML"
      },
      {
        "state": "VIC",
        "price": "4500",
        "price_per_unit": "4500",
        "price_unit": "ML"
      },
      {
        "state": "QLD",
        "price": "4500",
        "price_per_unit": "4500",
        "price_unit": "ML"
      },
      {
        "state": "WA",
        "price": "4500",
        "price_per_unit": "4500",
        "price_unit": "ML"
      },
      {
        "state": "SA",
        "price": "4500",
        "price_per_unit": "4500",
        "price_unit": "ML"
      },
      {
        "state": "TAS",
        "price": "4500",
        "price_per_unit": "4500",
        "price_unit": "ML"
      },
      {
        "state": "ACT",
        "price": "4500",
        "price_per_unit": "4500",
        "price_unit": "ML"
      },
      {
        "state": "NT",
        "price": "4500",
        "price_per_unit": "4500",
        "price_unit": "ML"
      }
    ]
  },
  {
    "source_url": "https://www.woolworths.com.au/shop/productdetails/1074649456/annemarie-borlind-energynature-system-pre-aging-regenerative-night-cream-for-normal-to-dry-skin-50ml-1-69oz",
    "name": "Annemarie Borlind Energynature System Pre-Aging Regenerative Night Cream - For Normal to Dry Skin 50ml/1.69oz",
    "image_url": "https://cdn1.woolworths.media/content/wowproductimages/large/1074649456.jpg",
    "source_id": "Woolworths - 1074649456",
    "barcode": null,
    "shop": "Woolworths",
    "weight": "100ML",
    "prices": [
      {
        "state": "NSW",
        "price": "5400",
        "price_per_unit": "10800",
        "price_unit": "ML"
      },
      {
        "state": "VIC",
        "price": "5400",
        "price_per_unit": "10800",
        "price_unit": "ML"
      },
      {
        "state": "QLD",
        "price": "5400",
        "price_per_unit": "10800",
        "price_unit": "ML"
      },
      {
        "state": "WA",
        "price": "5400",
        "price_per_unit": "10800",
        "price_unit": "ML"
      },
      {
        "state": "SA",
        "price": "5400",
        "price_per_unit": "10800",
        "price_unit": "ML"
      },
      {
        "state": "TAS",
        "price": "5400",
        "price_per_unit": "10800",
        "price_unit": "ML"
      },
      {
        "state": "ACT",
        "price": "5400",
        "price_per_unit": "10800",
        "price_unit": "ML"
      },
      {
        "state": "NT",
        "price": "5400",
        "price_per_unit": "10800",
        "price_unit": "ML"
      }
    ]
  },
  {
    "source_url": "https://www.woolworths.com.au/shop/productdetails/1074649461/annemarie-borlind-facial-oil-for-night-care-intensive-care-capsules-for-stress-skin-50caps",
    "name": "Annemarie Borlind Facial Oil For Night Care - Intensive Care Capsules For Stress Skin 50caps",
    "image_url": "https://cdn1.woolworths.media/content/wowproductimages/large/1074649461.jpg",
    "source_id": "Woolworths - 1074649461",
    "barcode": null,
    "shop": "Woolworths",
    "weight": "100EA",
    "prices": [
      {
        "state": "NSW",
        "price": "6500",
        "price_per_unit": "13000",
        "price_unit": "EA"
      },
      {
        "state": "VIC",
        "price": "6500",
        "price_per_unit": "13000",
        "price_unit": "EA"
      },
      {
        "state": "QLD",
        "price": "6500",
        "price_per_unit": "13000",
        "price_unit": "EA"
      },
      {
        "state": "WA",
        "price": "6500",
        "price_per_unit": "13000",
        "price_unit": "EA"
      },
      {
        "state": "SA",
        "price": "6500",
        "price_per_unit": "13000",
        "price_unit": "EA"
      },
      {
        "state": "TAS",
        "price": "6500",
        "price_per_unit": "13000",
        "price_unit": "EA"
      },
      {
        "state": "ACT",
        "price": "6500",
        "price_per_unit": "13000",
        "price_unit": "EA"
      },
      {
        "state": "NT",
        "price": "6500",
        "price_per_unit": "13000",
        "price_unit": "EA"
      }
    ]
  },
  {
    "source_url": "https://www.woolworths.com.au/shop/productdetails/1074649509/annemarie-borlind-system-absolute-system-anti-aging-regenerating-night-cream-light-for-mature-skin-50ml-1-69oz",
    "name": "Annemarie Borlind System Absolute System Anti-Aging Regenerating Night Cream Light - For Mature Skin 50ml/1.69oz",
    "image_url": "https://cdn1.woolworths.media/content/wowproductimages/large/1074649509.jpg",
    "source_id": "Woolworths - 1074649509",
    "barcode": null,
    "shop": "Woolworths",
    "weight": "100ML",
    "prices": [
      {
        "state": "NSW",
        "price": "11100",
        "price_per_unit": "22200",
        "price_unit": "ML"
      },
      {
        "state": "VIC",
        "price": "11100",
        "price_per_unit": "22200",
        "price_unit": "ML"
      },
      {
        "state": "QLD",
        "price": "11100",
        "price_per_unit": "22200",
        "price_unit": "ML"
      },
      {
        "state": "WA",
        "price": "11100",
        "price_per_unit": "22200",
        "price_unit": "ML"
      },
      {
        "state": "SA",
        "price": "11100",
        "price_per_unit": "22200",
        "price_unit": "ML"
      },
      {
        "state": "TAS",
        "price": "11100",
        "price_per_unit": "22200",
        "price_unit": "ML"
      },
      {
        "state": "ACT",
        "price": "11100",
        "price_per_unit": "22200",
        "price_unit": "ML"
      },
      {
        "state": "NT",
        "price": "11100",
        "price_per_unit": "22200",
        "price_unit": "ML"
      }
    ]
  },
  {
    "source_url": "https://www.woolworths.com.au/shop/productdetails/1074649522/annemarie-borlind-z-essential-night-cream-50ml-1-69oz",
    "name": "Annemarie Borlind Z Essential Night Cream 50ml/1.69oz",
    "image_url": "https://cdn1.woolworths.media/content/wowproductimages/large/1074649522.jpg",
    "source_id": "Woolworths - 1074649522",
    "barcode": null,
    "shop": "Woolworths",
    "weight": "100ML",
    "prices": [
      {
        "state": "NSW",
        "price": "4500",
        "price_per_unit": "9000",
        "price_unit": "ML"
      },
      {
        "state": "VIC",
        "price": "4500",
        "price_per_unit": "9000",
        "price_unit": "ML"
      },
      {
        "state": "QLD",
        "price": "4500",
        "price_per_unit": "9000",
        "price_unit": "ML"
      },
      {
        "state": "WA",
        "price": "4500",
        "price_per_unit": "9000",
        "price_unit": "ML"
      },
      {
        "state": "SA",
        "price": "4500",
        "price_per_unit": "9000",
        "price_unit": "ML"
      },
      {
        "state": "TAS",
        "price": "4500",
        "price_per_unit": "9000",
        "price_unit": "ML"
      },
      {
        "state": "ACT",
        "price": "4500",
        "price_per_unit": "9000",
        "price_unit": "ML"
      },
      {
        "state": "NT",
        "price": "4500",
        "price_per_unit": "9000",
        "price_unit": "ML"
      }
    ]
  },
  {
    "source_url": "https://www.woolworths.com.au/shop/productdetails/1074649523/annemarie-borlind-zz-sensitive-system-anti-stress-fortifying-night-cream-for-sensitive-skin-50ml-1-69oz",
    "name": "Annemarie Borlind ZZ Sensitive System Anti-Stress Fortifying Night Cream - For Sensitive Skin 50ml/1.69oz",
    "image_url": "https://cdn1.woolworths.media/content/wowproductimages/large/1074649523.jpg",
    "source_id": "Woolworths - 1074649523",
    "barcode": null,
    "shop": "Woolworths",
    "weight": "100ML",
    "prices": [
      {
        "state": "NSW",
        "price": "5400",
        "price_per_unit": "10800",
        "price_unit": "ML"
      },
      {
        "state": "VIC",
        "price": "5400",
        "price_per_unit": "10800",
        "price_unit": "ML"
      },
      {
        "state": "QLD",
        "price": "5400",
        "price_per_unit": "10800",
        "price_unit": "ML"
      },
      {
        "state": "WA",
        "price": "5400",
        "price_per_unit": "10800",
        "price_unit": "ML"
      },
      {
        "state": "SA",
        "price": "5400",
        "price_per_unit": "10800",
        "price_unit": "ML"
      },
      {
        "state": "TAS",
        "price": "5400",
        "price_per_unit": "10800",
        "price_unit": "ML"
      },
      {
        "state": "ACT",
        "price": "5400",
        "price_per_unit": "10800",
        "price_unit": "ML"
      },
      {
        "state": "NT",
        "price": "5400",
        "price_per_unit": "10800",
        "price_unit": "ML"
      }
    ]
  },
  {
    "source_url": "https://www.woolworths.com.au/shop/productdetails/1073900982/antibeauty-fragile-strengthening-moisturising-lotion-with-coconut-oil-and-jacaranda-flower-60ml",
    "name": "AntiBeauty Fragile Strengthening Moisturising Lotion with Coconut Oil and Jacaranda Flower 60ml",
    "image_url": "https://cdn1.woolworths.media/content/wowproductimages/large/1073900982.jpg",
    "source_id": "Woolworths - 1073900982",
    "barcode": null,
    "shop": "Woolworths",
    "weight": "100ML",
    "prices": [
      {
        "state": "NSW",
        "price": "4690",
        "price_per_unit": "7817",
        "price_unit": "ML"
      },
      {
        "state": "VIC",
        "price": "4690",
        "price_per_unit": "7817",
        "price_unit": "ML"
      },
      {
        "state": "QLD",
        "price": "4690",
        "price_per_unit": "7817",
        "price_unit": "ML"
      },
      {
        "state": "WA",
        "price": "4690",
        "price_per_unit": "7817",
        "price_unit": "ML"
      },
      {
        "state": "SA",
        "price": "4690",
        "price_per_unit": "7817",
        "price_unit": "ML"
      },
      {
        "state": "TAS",
        "price": "4690",
        "price_per_unit": "7817",
        "price_unit": "ML"
      },
      {
        "state": "ACT",
        "price": "4690",
        "price_per_unit": "7817",
        "price_unit": "ML"
      },
      {
        "state": "NT",
        "price": "4690",
        "price_per_unit": "7817",
        "price_unit": "ML"
      }
    ]
  },
  {
    "source_url": "https://www.woolworths.com.au/shop/productdetails/1073900993/antibeauty-potent-renewing-anti-ageing-moisturiser-infused-with-co-ezyme-q10-and-jojoba-oil-60ml",
    "name": "AntiBeauty Potent Renewing Anti Ageing Moisturiser infused with Co-Ezyme Q10 and Jojoba Oil 60ml",
    "image_url": "https://cdn1.woolworths.media/content/wowproductimages/large/1073900993.jpg",
    "source_id": "Woolworths - 1073900993",
    "barcode": null,
    "shop": "Woolworths",
    "weight": "100ML",
    "prices": [
      {
        "state": "NSW",
        "price": "6700",
        "price_per_unit": "11167",
        "price_unit": "ML"
      },
      {
        "state": "VIC",
        "price": "6700",
        "price_per_unit": "11167",
        "price_unit": "ML"
      },
      {
        "state": "QLD",
        "price": "6700",
        "price_per_unit": "11167",
        "price_unit": "ML"
      },
      {
        "state": "WA",
        "price": "6700",
        "price_per_unit": "11167",
        "price_unit": "ML"
      },
      {
        "state": "SA",
        "price": "6700",
        "price_per_unit": "11167",
        "price_unit": "ML"
      },
      {
        "state": "TAS",
        "price": "6700",
        "price_per_unit": "11167",
        "price_unit": "ML"
      },
      {
        "state": "ACT",
        "price": "6700",
        "price_per_unit": "11167",
        "price_unit": "ML"
      },
      {
        "state": "NT",
        "price": "6700",
        "price_per_unit": "11167",
        "price_unit": "ML"
      }
    ]
  },
  {
    "source_url": "https://www.woolworths.com.au/shop/productdetails/1073900977/antibeauty-reveal-regulating-moisturising-lotion-skincare-for-oily-and-problematic-skin-60ml",
    "name": "AntiBeauty Reveal Regulating Moisturising Lotion, Skincare for Oily and Problematic Skin 60ml",
    "image_url": "https://cdn1.woolworths.media/content/wowproductimages/large/1073900977.jpg",
    "source_id": "Woolworths - 1073900977",
    "barcode": null,
    "shop": "Woolworths",
    "weight": "100ML",
    "prices": [
      {
        "state": "NSW",
        "price": "4690",
        "price_per_unit": "7817",
        "price_unit": "ML"
      },
      {
        "state": "VIC",
        "price": "4690",
        "price_per_unit": "7817",
        "price_unit": "ML"
      },
      {
        "state": "QLD",
        "price": "4690",
        "price_per_unit": "7817",
        "price_unit": "ML"
      },
      {
        "state": "WA",
        "price": "4690",
        "price_per_unit": "7817",
        "price_unit": "ML"
      },
      {
        "state": "SA",
        "price": "4690",
        "price_per_unit": "7817",
        "price_unit": "ML"
      },
      {
        "state": "TAS",
        "price": "4690",
        "price_per_unit": "7817",
        "price_unit": "ML"
      },
      {
        "state": "ACT",
        "price": "4690",
        "price_per_unit": "7817",
        "price_unit": "ML"
      },
      {
        "state": "NT",
        "price": "4690",
        "price_per_unit": "7817",
        "price_unit": "ML"
      }
    ]
  },
  {
    "source_url": "https://www.woolworths.com.au/shop/productdetails/1073900972/antibeauty-saturate-glowing-moisturising-lotion-skincare-cream-for-normal-and-dry-skin-60ml",
    "name": "AntiBeauty Saturate Glowing Moisturising Lotion, Skincare Cream for Normal and Dry Skin 60ml",
    "image_url": "https://cdn1.woolworths.media/content/wowproductimages/large/1073900972.jpg",
    "source_id": "Woolworths - 1073900972",
    "barcode": null,
    "shop": "Woolworths",
    "weight": "100ML",
    "prices": [
      {
        "state": "NSW",
        "price": "4690",
        "price_per_unit": "7817",
        "price_unit": "ML"
      },
      {
        "state": "VIC",
        "price": "4690",
        "price_per_unit": "7817",
        "price_unit": "ML"
      },
      {
        "state": "QLD",
        "price": "4690",
        "price_per_unit": "7817",
        "price_unit": "ML"
      },
      {
        "state": "WA",
        "price": "4690",
        "price_per_unit": "7817",
        "price_unit": "ML"
      },
      {
        "state": "SA",
        "price": "4690",
        "price_per_unit": "7817",
        "price_unit": "ML"
      },
      {
        "state": "TAS",
        "price": "4690",
        "price_per_unit": "7817",
        "price_unit": "ML"
      },
      {
        "state": "ACT",
        "price": "4690",
        "price_per_unit": "7817",
        "price_unit": "ML"
      },
      {
        "state": "NT",
        "price": "4690",
        "price_per_unit": "7817",
        "price_unit": "ML"
      }
    ]
  },
  {
    "source_url": "https://www.woolworths.com.au/shop/productdetails/1075533638/antipodes-avocado-pear-collagen-boosting-night-cream-60ml",
    "name": "Antipodes Avocado Pear Collagen-Boosting Night Cream 60mL",
    "image_url": "https://cdn1.woolworths.media/content/wowproductimages/large/1075533638.jpg",
    "source_id": "Woolworths - 1075533638",
    "barcode": null,
    "shop": "Woolworths",
    "weight": "100ML",
    "prices": [
      {
        "state": "NSW",
        "price": "6600",
        "price_per_unit": "11000",
        "price_unit": "ML"
      },
      {
        "state": "VIC",
        "price": "6600",
        "price_per_unit": "11000",
        "price_unit": "ML"
      },
      {
        "state": "QLD",
        "price": "6600",
        "price_per_unit": "11000",
        "price_unit": "ML"
      },
      {
        "state": "WA",
        "price": "6600",
        "price_per_unit": "11000",
        "price_unit": "ML"
      },
      {
        "state": "SA",
        "price": "6600",
        "price_per_unit": "11000",
        "price_unit": "ML"
      },
      {
        "state": "TAS",
        "price": "6600",
        "price_per_unit": "11000",
        "price_unit": "ML"
      },
      {
        "state": "ACT",
        "price": "6600",
        "price_per_unit": "11000",
        "price_unit": "ML"
      },
      {
        "state": "NT",
        "price": "6600",
        "price_per_unit": "11000",
        "price_unit": "ML"
      }
    ]
  },
  {
    "source_url": "https://www.woolworths.com.au/shop/productdetails/1075349863/antipodes-avocado-pear-nourishing-night-cream-60ml",
    "name": "Antipodes Avocado Pear Nourishing Night Cream 60ml",
    "image_url": "https://cdn1.woolworths.media/content/wowproductimages/large/1075349863.jpg",
    "source_id": "Woolworths - 1075349863",
    "barcode": null,
    "shop": "Woolworths",
    "weight": "100ML",
    "prices": [
      {
        "state": "NSW",
        "price": "5250",
        "price_per_unit": "8750",
        "price_unit": "ML"
      },
      {
        "state": "VIC",
        "price": "5250",
        "price_per_unit": "8750",
        "price_unit": "ML"
      },
      {
        "state": "QLD",
        "price": "5250",
        "price_per_unit": "8750",
        "price_unit": "ML"
      },
      {
        "state": "WA",
        "price": "5250",
        "price_per_unit": "8750",
        "price_unit": "ML"
      },
      {
        "state": "SA",
        "price": "5250",
        "price_per_unit": "8750",
        "price_unit": "ML"
      },
      {
        "state": "TAS",
        "price": "5250",
        "price_per_unit": "8750",
        "price_unit": "ML"
      },
      {
        "state": "ACT",
        "price": "5250",
        "price_per_unit": "8750",
        "price_unit": "ML"
      },
      {
        "state": "NT",
        "price": "5250",
        "price_per_unit": "8750",
        "price_unit": "ML"
      }
    ]
  },
  {
    "source_url": "https://www.woolworths.com.au/shop/productdetails/1075447118/antipodes-baptise-h20-ultra-hydrating-water-gel-15ml-x-3",
    "name": "Antipodes Baptise H20 Ultra-Hydrating Water Gel 15mL x 3",
    "image_url": "https://cdn1.woolworths.media/content/wowproductimages/large/1075447118.jpg",
    "source_id": "Woolworths - 1075447118",
    "barcode": null,
    "shop": "Woolworths",
    "weight": "1EA",
    "prices": [
      {
        "state": "NSW",
        "price": "4195",
        "price_per_unit": "1398",
        "price_unit": "EA"
      },
      {
        "state": "VIC",
        "price": "4195",
        "price_per_unit": "1398",
        "price_unit": "EA"
      },
      {
        "state": "QLD",
        "price": "4195",
        "price_per_unit": "1398",
        "price_unit": "EA"
      },
      {
        "state": "WA",
        "price": "4195",
        "price_per_unit": "1398",
        "price_unit": "EA"
      },
      {
        "state": "SA",
        "price": "4195",
        "price_per_unit": "1398",
        "price_unit": "EA"
      },
      {
        "state": "TAS",
        "price": "4195",
        "price_per_unit": "1398",
        "price_unit": "EA"
      },
      {
        "state": "ACT",
        "price": "4195",
        "price_per_unit": "1398",
        "price_unit": "EA"
      },
      {
        "state": "NT",
        "price": "4195",
        "price_per_unit": "1398",
        "price_unit": "EA"
      }
    ]
  },
  {
    "source_url": "https://www.woolworths.com.au/shop/productdetails/1074131573/antipodes-baptise-h2o-ultra-hydrating-water-gel-15ml",
    "name": "Antipodes Baptise H2O Ultra-Hydrating Water Gel 15ml",
    "image_url": "https://cdn1.woolworths.media/content/wowproductimages/large/1074131573.jpg",
    "source_id": "Woolworths - 1074131573",
    "barcode": null,
    "shop": "Woolworths",
    "weight": "100ML",
    "prices": [
      {
        "state": "NSW",
        "price": "6050",
        "price_per_unit": "40333",
        "price_unit": "ML"
      },
      {
        "state": "VIC",
        "price": "6050",
        "price_per_unit": "40333",
        "price_unit": "ML"
      },
      {
        "state": "QLD",
        "price": "6050",
        "price_per_unit": "40333",
        "price_unit": "ML"
      },
      {
        "state": "WA",
        "price": "6050",
        "price_per_unit": "40333",
        "price_unit": "ML"
      },
      {
        "state": "SA",
        "price": "6050",
        "price_per_unit": "40333",
        "price_unit": "ML"
      },
      {
        "state": "TAS",
        "price": "6050",
        "price_per_unit": "40333",
        "price_unit": "ML"
      },
      {
        "state": "ACT",
        "price": "6050",
        "price_per_unit": "40333",
        "price_unit": "ML"
      },
      {
        "state": "NT",
        "price": "6050",
        "price_per_unit": "40333",
        "price_unit": "ML"
      }
    ]
  },
  {
    "source_url": "https://www.woolworths.com.au/shop/productdetails/1075347325/antipodes-baptise-h2o-ultra-hydrating-water-gel-15ml",
    "name": "Antipodes Baptise H2O Ultra-Hydrating Water Gel 15ml",
    "image_url": "https://cdn1.woolworths.media/content/wowproductimages/large/1075347325.jpg",
    "source_id": "Woolworths - 1075347325",
    "barcode": null,
    "shop": "Woolworths",
    "weight": "100ML",
    "prices": [
      {
        "state": "NSW",
        "price": "1445",
        "price_per_unit": "9633",
        "price_unit": "ML"
      },
      {
        "state": "VIC",
        "price": "1445",
        "price_per_unit": "9633",
        "price_unit": "ML"
      },
      {
        "state": "QLD",
        "price": "1445",
        "price_per_unit": "9633",
        "price_unit": "ML"
      },
      {
        "state": "WA",
        "price": "1445",
        "price_per_unit": "9633",
        "price_unit": "ML"
      },
      {
        "state": "SA",
        "price": "1445",
        "price_per_unit": "9633",
        "price_unit": "ML"
      },
      {
        "state": "TAS",
        "price": "1445",
        "price_per_unit": "9633",
        "price_unit": "ML"
      },
      {
        "state": "ACT",
        "price": "1445",
        "price_per_unit": "9633",
        "price_unit": "ML"
      },
      {
        "state": "NT",
        "price": "1445",
        "price_per_unit": "9633",
        "price_unit": "ML"
      }
    ]
  },
  {
    "source_url": "https://www.woolworths.com.au/shop/productdetails/1075478242/antipodes-baptise-h2o-ultra-hydrating-water-gel-60ml",
    "name": "Antipodes Baptise H2O Ultra-Hydrating Water Gel 60ml",
    "image_url": "https://cdn1.woolworths.media/content/wowproductimages/large/1075478242.jpg",
    "source_id": "Woolworths - 1075478242",
    "barcode": null,
    "shop": "Woolworths",
    "weight": "100ML",
    "prices": [
      {
        "state": "NSW",
        "price": "3900",
        "price_per_unit": "6500",
        "price_unit": "ML"
      },
      {
        "state": "VIC",
        "price": "3900",
        "price_per_unit": "6500",
        "price_unit": "ML"
      },
      {
        "state": "QLD",
        "price": "3900",
        "price_per_unit": "6500",
        "price_unit": "ML"
      },
      {
        "state": "WA",
        "price": "3900",
        "price_per_unit": "6500",
        "price_unit": "ML"
      },
      {
        "state": "SA",
        "price": "3900",
        "price_per_unit": "6500",
        "price_unit": "ML"
      },
      {
        "state": "TAS",
        "price": "3900",
        "price_per_unit": "6500",
        "price_unit": "ML"
      },
      {
        "state": "ACT",
        "price": "3900",
        "price_per_unit": "6500",
        "price_unit": "ML"
      },
      {
        "state": "NT",
        "price": "3900",
        "price_per_unit": "6500",
        "price_unit": "ML"
      }
    ]
  },
  {
    "source_url": "https://www.woolworths.com.au/shop/productdetails/1075533639/antipodes-baptise-h2o-ultra-hydrating-water-gel-60ml",
    "name": "Antipodes Baptise H2O Ultra-Hydrating Water Gel 60mL",
    "image_url": "https://cdn1.woolworths.media/content/wowproductimages/large/1075533639.jpg",
    "source_id": "Woolworths - 1075533639",
    "barcode": null,
    "shop": "Woolworths",
    "weight": "100ML",
    "prices": [
      {
        "state": "NSW",
        "price": "4900",
        "price_per_unit": "8167",
        "price_unit": "ML"
      },
      {
        "state": "VIC",
        "price": "4900",
        "price_per_unit": "8167",
        "price_unit": "ML"
      },
      {
        "state": "QLD",
        "price": "4900",
        "price_per_unit": "8167",
        "price_unit": "ML"
      },
      {
        "state": "WA",
        "price": "4900",
        "price_per_unit": "8167",
        "price_unit": "ML"
      },
      {
        "state": "SA",
        "price": "4900",
        "price_per_unit": "8167",
        "price_unit": "ML"
      },
      {
        "state": "TAS",
        "price": "4900",
        "price_per_unit": "8167",
        "price_unit": "ML"
      },
      {
        "state": "ACT",
        "price": "4900",
        "price_per_unit": "8167",
        "price_unit": "ML"
      },
      {
        "state": "NT",
        "price": "4900",
        "price_per_unit": "8167",
        "price_unit": "ML"
      }
    ]
  },
  {
    "source_url": "https://www.woolworths.com.au/shop/productdetails/1074131574/antipodes-baptise-h2o-ultra-hydrating-water-gel-60ml",
    "name": "Antipodes Baptise H2O Ultra-Hydrating Water Gel 60ml",
    "image_url": "https://cdn1.woolworths.media/content/wowproductimages/large/1074131574.jpg",
    "source_id": "Woolworths - 1074131574",
    "barcode": null,
    "shop": "Woolworths",
    "weight": "100ML",
    "prices": [
      {
        "state": "NSW",
        "price": "10230",
        "price_per_unit": "17050",
        "price_unit": "ML"
      },
      {
        "state": "VIC",
        "price": "10230",
        "price_per_unit": "17050",
        "price_unit": "ML"
      },
      {
        "state": "QLD",
        "price": "10230",
        "price_per_unit": "17050",
        "price_unit": "ML"
      },
      {
        "state": "WA",
        "price": "10230",
        "price_per_unit": "17050",
        "price_unit": "ML"
      },
      {
        "state": "SA",
        "price": "10230",
        "price_per_unit": "17050",
        "price_unit": "ML"
      },
      {
        "state": "TAS",
        "price": "10230",
        "price_per_unit": "17050",
        "price_unit": "ML"
      },
      {
        "state": "ACT",
        "price": "10230",
        "price_per_unit": "17050",
        "price_unit": "ML"
      },
      {
        "state": "NT",
        "price": "10230",
        "price_per_unit": "17050",
        "price_unit": "ML"
      }
    ]
  },
  {
    "source_url": "https://www.woolworths.com.au/shop/productdetails/1075447119/antipodes-culture-probiotic-night-recovery-water-cream-15ml-x-3",
    "name": "Antipodes Culture Probiotic Night Recovery Water Cream 15mL x 3",
    "image_url": "https://cdn1.woolworths.media/content/wowproductimages/large/1075447119.jpg",
    "source_id": "Woolworths - 1075447119",
    "barcode": null,
    "shop": "Woolworths",
    "weight": "1EA",
    "prices": [
      {
        "state": "NSW",
        "price": "4195",
        "price_per_unit": "1398",
        "price_unit": "EA"
      },
      {
        "state": "VIC",
        "price": "4195",
        "price_per_unit": "1398",
        "price_unit": "EA"
      },
      {
        "state": "QLD",
        "price": "4195",
        "price_per_unit": "1398",
        "price_unit": "EA"
      },
      {
        "state": "WA",
        "price": "4195",
        "price_per_unit": "1398",
        "price_unit": "EA"
      },
      {
        "state": "SA",
        "price": "4195",
        "price_per_unit": "1398",
        "price_unit": "EA"
      },
      {
        "state": "TAS",
        "price": "4195",
        "price_per_unit": "1398",
        "price_unit": "EA"
      },
      {
        "state": "ACT",
        "price": "4195",
        "price_per_unit": "1398",
        "price_unit": "EA"
      },
      {
        "state": "NT",
        "price": "4195",
        "price_per_unit": "1398",
        "price_unit": "EA"
      }
    ]
  },
  {
    "source_url": "https://www.woolworths.com.au/shop/productdetails/1075797920/antipodes-diem-vitamin-c-pigment-correcting-water-cream-15ml",
    "name": "Antipodes Diem Vitamin C Pigment-Correcting Water Cream 15ml",
    "image_url": "https://cdn1.woolworths.media/content/wowproductimages/large/1075797920.jpg",
    "source_id": "Woolworths - 1075797920",
    "barcode": null,
    "shop": "Woolworths",
    "weight": "100ML",
    "prices": [
      {
        "state": "NSW",
        "price": "1445",
        "price_per_unit": "1204",
        "price_unit": "ML"
      },
      {
        "state": "VIC",
        "price": "1445",
        "price_per_unit": "1204",
        "price_unit": "ML"
      },
      {
        "state": "QLD",
        "price": "1445",
        "price_per_unit": "1204",
        "price_unit": "ML"
      },
      {
        "state": "WA",
        "price": "1445",
        "price_per_unit": "1204",
        "price_unit": "ML"
      },
      {
        "state": "SA",
        "price": "1445",
        "price_per_unit": "1204",
        "price_unit": "ML"
      },
      {
        "state": "TAS",
        "price": "1445",
        "price_per_unit": "1204",
        "price_unit": "ML"
      },
      {
        "state": "ACT",
        "price": "1445",
        "price_per_unit": "1204",
        "price_unit": "ML"
      },
      {
        "state": "NT",
        "price": "1445",
        "price_per_unit": "1204",
        "price_unit": "ML"
      }
    ]
  },
  {
    "source_url": "https://www.woolworths.com.au/shop/productdetails/1074131579/antipodes-diem-vitamin-c-pigment-correcting-water-cream-60ml",
    "name": "Antipodes Diem Vitamin C Pigment-Correcting Water Cream 60ml",
    "image_url": "https://cdn1.woolworths.media/content/wowproductimages/large/1074131579.jpg",
    "source_id": "Woolworths - 1074131579",
    "barcode": null,
    "shop": "Woolworths",
    "weight": "100ML",
    "prices": [
      {
        "state": "NSW",
        "price": "11440",
        "price_per_unit": "19067",
        "price_unit": "ML"
      },
      {
        "state": "VIC",
        "price": "11440",
        "price_per_unit": "19067",
        "price_unit": "ML"
      },
      {
        "state": "QLD",
        "price": "11440",
        "price_per_unit": "19067",
        "price_unit": "ML"
      },
      {
        "state": "WA",
        "price": "11440",
        "price_per_unit": "19067",
        "price_unit": "ML"
      },
      {
        "state": "SA",
        "price": "11440",
        "price_per_unit": "19067",
        "price_unit": "ML"
      },
      {
        "state": "TAS",
        "price": "11440",
        "price_per_unit": "19067",
        "price_unit": "ML"
      },
      {
        "state": "ACT",
        "price": "11440",
        "price_per_unit": "19067",
        "price_unit": "ML"
      },
      {
        "state": "NT",
        "price": "11440",
        "price_per_unit": "19067",
        "price_unit": "ML"
      }
    ]
  },
  {
    "source_url": "https://www.woolworths.com.au/shop/productdetails/1075533719/antipodes-diem-vitamin-c-pigment-correcting-water-cream-60ml",
    "name": "Antipodes Diem Vitamin C Pigment-Correcting Water Cream 60mL",
    "image_url": "https://cdn1.woolworths.media/content/wowproductimages/large/1075533719.jpg",
    "source_id": "Woolworths - 1075533719",
    "barcode": null,
    "shop": "Woolworths",
    "weight": "100ML",
    "prices": [
      {
        "state": "NSW",
        "price": "5900",
        "price_per_unit": "9833",
        "price_unit": "ML"
      },
      {
        "state": "VIC",
        "price": "5900",
        "price_per_unit": "9833",
        "price_unit": "ML"
      },
      {
        "state": "QLD",
        "price": "5900",
        "price_per_unit": "9833",
        "price_unit": "ML"
      },
      {
        "state": "WA",
        "price": "5900",
        "price_per_unit": "9833",
        "price_unit": "ML"
      },
      {
        "state": "SA",
        "price": "5900",
        "price_per_unit": "9833",
        "price_unit": "ML"
      },
      {
        "state": "TAS",
        "price": "5900",
        "price_per_unit": "9833",
        "price_unit": "ML"
      },
      {
        "state": "ACT",
        "price": "5900",
        "price_per_unit": "9833",
        "price_unit": "ML"
      },
      {
        "state": "NT",
        "price": "5900",
        "price_per_unit": "9833",
        "price_unit": "ML"
      }
    ]
  },
  {
    "source_url": "https://www.woolworths.com.au/shop/productdetails/1075346062/antipodes-harmony-hyaluronic-manuka-honey-night-cream-60ml",
    "name": "Antipodes Harmony Hyaluronic Manuka Honey Night Cream 60ml",
    "image_url": "https://cdn1.woolworths.media/content/wowproductimages/large/1075346062.jpg",
    "source_id": "Woolworths - 1075346062",
    "barcode": null,
    "shop": "Woolworths",
    "weight": "100ML",
    "prices": [
      {
        "state": "NSW",
        "price": "4650",
        "price_per_unit": "7750",
        "price_unit": "ML"
      },
      {
        "state": "VIC",
        "price": "4650",
        "price_per_unit": "7750",
        "price_unit": "ML"
      },
      {
        "state": "QLD",
        "price": "4650",
        "price_per_unit": "7750",
        "price_unit": "ML"
      },
      {
        "state": "WA",
        "price": "4650",
        "price_per_unit": "7750",
        "price_unit": "ML"
      },
      {
        "state": "SA",
        "price": "4650",
        "price_per_unit": "7750",
        "price_unit": "ML"
      },
      {
        "state": "TAS",
        "price": "4650",
        "price_per_unit": "7750",
        "price_unit": "ML"
      },
      {
        "state": "ACT",
        "price": "4650",
        "price_per_unit": "7750",
        "price_unit": "ML"
      },
      {
        "state": "NT",
        "price": "4650",
        "price_per_unit": "7750",
        "price_unit": "ML"
      }
    ]
  },
  {
    "source_url": "https://www.woolworths.com.au/shop/productdetails/1074137580/antipodes-harmony-manuka-honey-day-cream-60ml",
    "name": "Antipodes Harmony Manuka Honey Day Cream 60ml",
    "image_url": "https://cdn1.woolworths.media/content/wowproductimages/large/1074137580.jpg",
    "source_id": "Woolworths - 1074137580",
    "barcode": null,
    "shop": "Woolworths",
    "weight": "100ML",
    "prices": [
      {
        "state": "NSW",
        "price": "11440",
        "price_per_unit": "19067",
        "price_unit": "ML"
      },
      {
        "state": "VIC",
        "price": "11440",
        "price_per_unit": "19067",
        "price_unit": "ML"
      },
      {
        "state": "QLD",
        "price": "11440",
        "price_per_unit": "19067",
        "price_unit": "ML"
      },
      {
        "state": "WA",
        "price": "11440",
        "price_per_unit": "19067",
        "price_unit": "ML"
      },
      {
        "state": "SA",
        "price": "11440",
        "price_per_unit": "19067",
        "price_unit": "ML"
      },
      {
        "state": "TAS",
        "price": "11440",
        "price_per_unit": "19067",
        "price_unit": "ML"
      },
      {
        "state": "ACT",
        "price": "11440",
        "price_per_unit": "19067",
        "price_unit": "ML"
      },
      {
        "state": "NT",
        "price": "11440",
        "price_per_unit": "19067",
        "price_unit": "ML"
      }
    ]
  },
  {
    "source_url": "https://www.woolworths.com.au/shop/productdetails/1074131588/antipodes-kiwi-seed-gold-luminous-eye-cream-pure-23k-gold-flakes-30ml",
    "name": "Antipodes Kiwi Seed Gold Luminous Eye Cream (Pure 23K Gold Flakes) 30ml",
    "image_url": "https://cdn1.woolworths.media/content/wowproductimages/large/1074131588.jpg",
    "source_id": "Woolworths - 1074131588",
    "barcode": null,
    "shop": "Woolworths",
    "weight": "100ML",
    "prices": [
      {
        "state": "NSW",
        "price": "12870",
        "price_per_unit": "42900",
        "price_unit": "ML"
      },
      {
        "state": "VIC",
        "price": "12870",
        "price_per_unit": "42900",
        "price_unit": "ML"
      },
      {
        "state": "QLD",
        "price": "12870",
        "price_per_unit": "42900",
        "price_unit": "ML"
      },
      {
        "state": "WA",
        "price": "12870",
        "price_per_unit": "42900",
        "price_unit": "ML"
      },
      {
        "state": "SA",
        "price": "12870",
        "price_per_unit": "42900",
        "price_unit": "ML"
      },
      {
        "state": "TAS",
        "price": "12870",
        "price_per_unit": "42900",
        "price_unit": "ML"
      },
      {
        "state": "ACT",
        "price": "12870",
        "price_per_unit": "42900",
        "price_unit": "ML"
      },
      {
        "state": "NT",
        "price": "12870",
        "price_per_unit": "42900",
        "price_unit": "ML"
      }
    ]
  },
  {
    "source_url": "https://www.woolworths.com.au/shop/productdetails/1075533851/antipodes-kiwi-seed-gold-luminous-eye-cream-30ml",
    "name": "Antipodes Kiwi Seed Gold Luminous Eye Cream 30mL",
    "image_url": "https://cdn1.woolworths.media/content/wowproductimages/large/1075533851.jpg",
    "source_id": "Woolworths - 1075533851",
    "barcode": null,
    "shop": "Woolworths",
    "weight": "100ML",
    "prices": [
      {
        "state": "NSW",
        "price": "7200",
        "price_per_unit": "24000",
        "price_unit": "ML"
      },
      {
        "state": "VIC",
        "price": "7200",
        "price_per_unit": "24000",
        "price_unit": "ML"
      },
      {
        "state": "QLD",
        "price": "7200",
        "price_per_unit": "24000",
        "price_unit": "ML"
      },
      {
        "state": "WA",
        "price": "7200",
        "price_per_unit": "24000",
        "price_unit": "ML"
      },
      {
        "state": "SA",
        "price": "7200",
        "price_per_unit": "24000",
        "price_unit": "ML"
      },
      {
        "state": "TAS",
        "price": "7200",
        "price_per_unit": "24000",
        "price_unit": "ML"
      },
      {
        "state": "ACT",
        "price": "7200",
        "price_per_unit": "24000",
        "price_unit": "ML"
      },
      {
        "state": "NT",
        "price": "7200",
        "price_per_unit": "24000",
        "price_unit": "ML"
      }
    ]
  },
  {
    "source_url": "https://www.woolworths.com.au/shop/productdetails/1075533853/antipodes-lime-caviar-collagen-rich-firming-cream-60ml",
    "name": "Antipodes Lime Caviar Collagen-Rich Firming Cream 60mL",
    "image_url": "https://cdn1.woolworths.media/content/wowproductimages/large/1075533853.jpg",
    "source_id": "Woolworths - 1075533853",
    "barcode": null,
    "shop": "Woolworths",
    "weight": "100ML",
    "prices": [
      {
        "state": "NSW",
        "price": "5900",
        "price_per_unit": "9833",
        "price_unit": "ML"
      },
      {
        "state": "VIC",
        "price": "5900",
        "price_per_unit": "9833",
        "price_unit": "ML"
      },
      {
        "state": "QLD",
        "price": "5900",
        "price_per_unit": "9833",
        "price_unit": "ML"
      },
      {
        "state": "WA",
        "price": "5900",
        "price_per_unit": "9833",
        "price_unit": "ML"
      },
      {
        "state": "SA",
        "price": "5900",
        "price_per_unit": "9833",
        "price_unit": "ML"
      },
      {
        "state": "TAS",
        "price": "5900",
        "price_per_unit": "9833",
        "price_unit": "ML"
      },
      {
        "state": "ACT",
        "price": "5900",
        "price_per_unit": "9833",
        "price_unit": "ML"
      },
      {
        "state": "NT",
        "price": "5900",
        "price_per_unit": "9833",
        "price_unit": "ML"
      }
    ]
  },
  {
    "source_url": "https://www.woolworths.com.au/shop/productdetails/1074131590/antipodes-lip-conditioner-kiwi-seed-oil-4g",
    "name": "Antipodes Lip Conditioner Kiwi Seed Oil 4g",
    "image_url": "https://cdn1.woolworths.media/content/wowproductimages/large/1074131590.jpg",
    "source_id": "Woolworths - 1074131590",
    "barcode": null,
    "shop": "Woolworths",
    "weight": "100G",
    "prices": [
      {
        "state": "NSW",
        "price": "7040",
        "price_per_unit": "176000",
        "price_unit": "G"
      },
      {
        "state": "VIC",
        "price": "7040",
        "price_per_unit": "176000",
        "price_unit": "G"
      },
      {
        "state": "QLD",
        "price": "7040",
        "price_per_unit": "176000",
        "price_unit": "G"
      },
      {
        "state": "WA",
        "price": "7040",
        "price_per_unit": "176000",
        "price_unit": "G"
      },
      {
        "state": "SA",
        "price": "7040",
        "price_per_unit": "176000",
        "price_unit": "G"
      },
      {
        "state": "TAS",
        "price": "7040",
        "price_per_unit": "176000",
        "price_unit": "G"
      },
      {
        "state": "ACT",
        "price": "7040",
        "price_per_unit": "176000",
        "price_unit": "G"
      },
      {
        "state": "NT",
        "price": "7040",
        "price_per_unit": "176000",
        "price_unit": "G"
      }
    ]
  },
  {
    "source_url": "https://www.woolworths.com.au/shop/productdetails/1074137587/antipodes-organic-rejoice-light-facial-day-cream-60ml",
    "name": "Antipodes Organic Rejoice Light Facial Day Cream 60ml",
    "image_url": "https://cdn1.woolworths.media/content/wowproductimages/large/1074137587.jpg",
    "source_id": "Woolworths - 1074137587",
    "barcode": null,
    "shop": "Woolworths",
    "weight": "100ML",
    "prices": [
      {
        "state": "NSW",
        "price": "11440",
        "price_per_unit": "19067",
        "price_unit": "ML"
      },
      {
        "state": "VIC",
        "price": "11440",
        "price_per_unit": "19067",
        "price_unit": "ML"
      },
      {
        "state": "QLD",
        "price": "11440",
        "price_per_unit": "19067",
        "price_unit": "ML"
      },
      {
        "state": "WA",
        "price": "11440",
        "price_per_unit": "19067",
        "price_unit": "ML"
      },
      {
        "state": "SA",
        "price": "11440",
        "price_per_unit": "19067",
        "price_unit": "ML"
      },
      {
        "state": "TAS",
        "price": "11440",
        "price_per_unit": "19067",
        "price_unit": "ML"
      },
      {
        "state": "ACT",
        "price": "11440",
        "price_per_unit": "19067",
        "price_unit": "ML"
      },
      {
        "state": "NT",
        "price": "11440",
        "price_per_unit": "19067",
        "price_unit": "ML"
      }
    ]
  },
  {
    "source_url": "https://www.woolworths.com.au/shop/productdetails/1075345321/antipodes-rejoice-light-facial-day-cream-60ml",
    "name": "Antipodes Rejoice Light Facial Day Cream 60ml",
    "image_url": "https://cdn1.woolworths.media/content/wowproductimages/large/1075345321.jpg",
    "source_id": "Woolworths - 1075345321",
    "barcode": null,
    "shop": "Woolworths",
    "weight": "100ML",
    "prices": [
      {
        "state": "NSW",
        "price": "4650",
        "price_per_unit": "7750",
        "price_unit": "ML"
      },
      {
        "state": "VIC",
        "price": "4650",
        "price_per_unit": "7750",
        "price_unit": "ML"
      },
      {
        "state": "QLD",
        "price": "4650",
        "price_per_unit": "7750",
        "price_unit": "ML"
      },
      {
        "state": "WA",
        "price": "4650",
        "price_per_unit": "7750",
        "price_unit": "ML"
      },
      {
        "state": "SA",
        "price": "4650",
        "price_per_unit": "7750",
        "price_unit": "ML"
      },
      {
        "state": "TAS",
        "price": "4650",
        "price_per_unit": "7750",
        "price_unit": "ML"
      },
      {
        "state": "ACT",
        "price": "4650",
        "price_per_unit": "7750",
        "price_unit": "ML"
      },
      {
        "state": "NT",
        "price": "4650",
        "price_per_unit": "7750",
        "price_unit": "ML"
      }
    ]
  },
  {
    "source_url": "https://www.woolworths.com.au/shop/productdetails/1074137593/antipodes-vanilla-pod-hydrating-day-cream-60ml",
    "name": "Antipodes Vanilla Pod Hydrating Day Cream 60ml",
    "image_url": "https://cdn1.woolworths.media/content/wowproductimages/large/1074137593.jpg",
    "source_id": "Woolworths - 1074137593",
    "barcode": null,
    "shop": "Woolworths",
    "weight": "100ML",
    "prices": [
      {
        "state": "NSW",
        "price": "11440",
        "price_per_unit": "19067",
        "price_unit": "ML"
      },
      {
        "state": "VIC",
        "price": "11440",
        "price_per_unit": "19067",
        "price_unit": "ML"
      },
      {
        "state": "QLD",
        "price": "11440",
        "price_per_unit": "19067",
        "price_unit": "ML"
      },
      {
        "state": "WA",
        "price": "11440",
        "price_per_unit": "19067",
        "price_unit": "ML"
      },
      {
        "state": "SA",
        "price": "11440",
        "price_per_unit": "19067",
        "price_unit": "ML"
      },
      {
        "state": "TAS",
        "price": "11440",
        "price_per_unit": "19067",
        "price_unit": "ML"
      },
      {
        "state": "ACT",
        "price": "11440",
        "price_per_unit": "19067",
        "price_unit": "ML"
      },
      {
        "state": "NT",
        "price": "11440",
        "price_per_unit": "19067",
        "price_unit": "ML"
      }
    ]
  },
  {
    "source_url": "https://www.woolworths.com.au/shop/productdetails/1075345777/antipodes-vanilla-pod-hydrating-day-cream-60ml",
    "name": "Antipodes Vanilla Pod Hydrating Day Cream 60ml",
    "image_url": "https://cdn1.woolworths.media/content/wowproductimages/large/1075345777.jpg",
    "source_id": "Woolworths - 1075345777",
    "barcode": null,
    "shop": "Woolworths",
    "weight": "100ML",
    "prices": [
      {
        "state": "NSW",
        "price": "4650",
        "price_per_unit": "7750",
        "price_unit": "ML"
      },
      {
        "state": "VIC",
        "price": "4650",
        "price_per_unit": "7750",
        "price_unit": "ML"
      },
      {
        "state": "QLD",
        "price": "4650",
        "price_per_unit": "7750",
        "price_unit": "ML"
      },
      {
        "state": "WA",
        "price": "4650",
        "price_per_unit": "7750",
        "price_unit": "ML"
      },
      {
        "state": "SA",
        "price": "4650",
        "price_per_unit": "7750",
        "price_unit": "ML"
      },
      {
        "state": "TAS",
        "price": "4650",
        "price_per_unit": "7750",
        "price_unit": "ML"
      },
      {
        "state": "ACT",
        "price": "4650",
        "price_per_unit": "7750",
        "price_unit": "ML"
      },
      {
        "state": "NT",
        "price": "4650",
        "price_per_unit": "7750",
        "price_unit": "ML"
      }
    ]
  },
  {
    "source_url": "https://www.woolworths.com.au/shop/productdetails/1075533856/antipodes-vanilla-pod-hydrating-day-cream-60ml",
    "name": "Antipodes Vanilla Pod Hydrating Day Cream 60mL",
    "image_url": "https://cdn1.woolworths.media/content/wowproductimages/large/1075533856.jpg",
    "source_id": "Woolworths - 1075533856",
    "barcode": null,
    "shop": "Woolworths",
    "weight": "100ML",
    "prices": [
      {
        "state": "NSW",
        "price": "5900",
        "price_per_unit": "9833",
        "price_unit": "ML"
      },
      {
        "state": "VIC",
        "price": "5900",
        "price_per_unit": "9833",
        "price_unit": "ML"
      },
      {
        "state": "QLD",
        "price": "5900",
        "price_per_unit": "9833",
        "price_unit": "ML"
      },
      {
        "state": "WA",
        "price": "5900",
        "price_per_unit": "9833",
        "price_unit": "ML"
      },
      {
        "state": "SA",
        "price": "5900",
        "price_per_unit": "9833",
        "price_unit": "ML"
      },
      {
        "state": "TAS",
        "price": "5900",
        "price_per_unit": "9833",
        "price_unit": "ML"
      },
      {
        "state": "ACT",
        "price": "5900",
        "price_per_unit": "9833",
        "price_unit": "ML"
      },
      {
        "state": "NT",
        "price": "5900",
        "price_per_unit": "9833",
        "price_unit": "ML"
      }
    ]
  },
  {
    "source_url": "https://www.woolworths.com.au/shop/productdetails/1075344974/antipodes-vanilla-pod-hydrating-day-cream-mini-15ml",
    "name": "Antipodes Vanilla Pod Hydrating Day Cream Mini 15ml",
    "image_url": "https://cdn1.woolworths.media/content/wowproductimages/large/1075344974.jpg",
    "source_id": "Woolworths - 1075344974",
    "barcode": null,
    "shop": "Woolworths",
    "weight": "100ML",
    "prices": [
      {
        "state": "NSW",
        "price": "1445",
        "price_per_unit": "9633",
        "price_unit": "ML"
      },
      {
        "state": "VIC",
        "price": "1445",
        "price_per_unit": "9633",
        "price_unit": "ML"
      },
      {
        "state": "QLD",
        "price": "1445",
        "price_per_unit": "9633",
        "price_unit": "ML"
      },
      {
        "state": "WA",
        "price": "1445",
        "price_per_unit": "9633",
        "price_unit": "ML"
      },
      {
        "state": "SA",
        "price": "1445",
        "price_per_unit": "9633",
        "price_unit": "ML"
      },
      {
        "state": "TAS",
        "price": "1445",
        "price_per_unit": "9633",
        "price_unit": "ML"
      },
      {
        "state": "ACT",
        "price": "1445",
        "price_per_unit": "9633",
        "price_unit": "ML"
      },
      {
        "state": "NT",
        "price": "1445",
        "price_per_unit": "9633",
        "price_unit": "ML"
      }
    ]
  },
  {
    "source_url": "https://www.woolworths.com.au/shop/productdetails/1075497219/anua-heartleaf-70-daily-lotion",
    "name": "Anua Heartleaf 70% Daily Lotion",
    "image_url": "https://cdn1.woolworths.media/content/wowproductimages/large/1075497219.jpg",
    "source_id": "Woolworths - 1075497219",
    "barcode": null,
    "shop": "Woolworths",
    "weight": "100ML",
    "prices": [
      {
        "state": "NSW",
        "price": "6300",
        "price_per_unit": "3150",
        "price_unit": "ML"
      },
      {
        "state": "VIC",
        "price": "6300",
        "price_per_unit": "3150",
        "price_unit": "ML"
      },
      {
        "state": "QLD",
        "price": "6300",
        "price_per_unit": "3150",
        "price_unit": "ML"
      },
      {
        "state": "WA",
        "price": "6300",
        "price_per_unit": "3150",
        "price_unit": "ML"
      },
      {
        "state": "SA",
        "price": "6300",
        "price_per_unit": "3150",
        "price_unit": "ML"
      },
      {
        "state": "TAS",
        "price": "6300",
        "price_per_unit": "3150",
        "price_unit": "ML"
      },
      {
        "state": "ACT",
        "price": "6300",
        "price_per_unit": "3150",
        "price_unit": "ML"
      },
      {
        "state": "NT",
        "price": "6300",
        "price_per_unit": "3150",
        "price_unit": "ML"
      }
    ]
  },
  {
    "source_url": "https://www.woolworths.com.au/shop/productdetails/1075497217/anua-heartleaf-77-clear-pad",
    "name": "Anua Heartleaf 77% Clear Pad",
    "image_url": "https://cdn1.woolworths.media/content/wowproductimages/large/1075497217.jpg",
    "source_id": "Woolworths - 1075497217",
    "barcode": null,
    "shop": "Woolworths",
    "weight": "100ML",
    "prices": [
      {
        "state": "NSW",
        "price": "6300",
        "price_per_unit": "3938",
        "price_unit": "ML"
      },
      {
        "state": "VIC",
        "price": "6300",
        "price_per_unit": "3938",
        "price_unit": "ML"
      },
      {
        "state": "QLD",
        "price": "6300",
        "price_per_unit": "3938",
        "price_unit": "ML"
      },
      {
        "state": "WA",
        "price": "6300",
        "price_per_unit": "3938",
        "price_unit": "ML"
      },
      {
        "state": "SA",
        "price": "6300",
        "price_per_unit": "3938",
        "price_unit": "ML"
      },
      {
        "state": "TAS",
        "price": "6300",
        "price_per_unit": "3938",
        "price_unit": "ML"
      },
      {
        "state": "ACT",
        "price": "6300",
        "price_per_unit": "3938",
        "price_unit": "ML"
      },
      {
        "state": "NT",
        "price": "6300",
        "price_per_unit": "3938",
        "price_unit": "ML"
      }
    ]
  },
  {
    "source_url": "https://www.woolworths.com.au/shop/productdetails/1075497216/anua-heartleaf-80-soothing-ampoule",
    "name": "Anua Heartleaf 80% Soothing Ampoule",
    "image_url": "https://cdn1.woolworths.media/content/wowproductimages/large/1075497216.jpg",
    "source_id": "Woolworths - 1075497216",
    "barcode": null,
    "shop": "Woolworths",
    "weight": "100ML",
    "prices": [
      {
        "state": "NSW",
        "price": "7400",
        "price_per_unit": "24667",
        "price_unit": "ML"
      },
      {
        "state": "VIC",
        "price": "7400",
        "price_per_unit": "24667",
        "price_unit": "ML"
      },
      {
        "state": "QLD",
        "price": "7400",
        "price_per_unit": "24667",
        "price_unit": "ML"
      },
      {
        "state": "WA",
        "price": "7400",
        "price_per_unit": "24667",
        "price_unit": "ML"
      },
      {
        "state": "SA",
        "price": "7400",
        "price_per_unit": "24667",
        "price_unit": "ML"
      },
      {
        "state": "TAS",
        "price": "7400",
        "price_per_unit": "24667",
        "price_unit": "ML"
      },
      {
        "state": "ACT",
        "price": "7400",
        "price_per_unit": "24667",
        "price_unit": "ML"
      },
      {
        "state": "NT",
        "price": "7400",
        "price_per_unit": "24667",
        "price_unit": "ML"
      }
    ]
  },
  {
    "source_url": "https://www.woolworths.com.au/shop/productdetails/1074445906/apricot-collagen-youth-firming-ampoule",
    "name": "Apricot Collagen Youth Firming Ampoule",
    "image_url": "https://cdn1.woolworths.media/content/wowproductimages/large/1074445906.jpg",
    "source_id": "Woolworths - 1074445906",
    "barcode": null,
    "shop": "Woolworths",
    "weight": "100ML",
    "prices": [
      {
        "state": "NSW",
        "price": "6600",
        "price_per_unit": "22000",
        "price_unit": "ML"
      },
      {
        "state": "VIC",
        "price": "6600",
        "price_per_unit": "22000",
        "price_unit": "ML"
      },
      {
        "state": "QLD",
        "price": "6600",
        "price_per_unit": "22000",
        "price_unit": "ML"
      },
      {
        "state": "WA",
        "price": "6600",
        "price_per_unit": "22000",
        "price_unit": "ML"
      },
      {
        "state": "SA",
        "price": "6600",
        "price_per_unit": "22000",
        "price_unit": "ML"
      },
      {
        "state": "TAS",
        "price": "6600",
        "price_per_unit": "22000",
        "price_unit": "ML"
      },
      {
        "state": "ACT",
        "price": "6600",
        "price_per_unit": "22000",
        "price_unit": "ML"
      },
      {
        "state": "NT",
        "price": "6600",
        "price_per_unit": "22000",
        "price_unit": "ML"
      }
    ]
  },
  {
    "source_url": "https://www.woolworths.com.au/shop/productdetails/1074131650/australian-creams-kakadu-plum-cooling-moisturising-lotion-150ml",
    "name": "Australian Creams Kakadu Plum Cooling Moisturising Lotion 150ml",
    "image_url": "https://cdn1.woolworths.media/content/wowproductimages/large/1074131650.jpg",
    "source_id": "Woolworths - 1074131650",
    "barcode": null,
    "shop": "Woolworths",
    "weight": "100ML",
    "prices": [
      {
        "state": "NSW",
        "price": "6380",
        "price_per_unit": "4253",
        "price_unit": "ML"
      },
      {
        "state": "VIC",
        "price": "6380",
        "price_per_unit": "4253",
        "price_unit": "ML"
      },
      {
        "state": "QLD",
        "price": "6380",
        "price_per_unit": "4253",
        "price_unit": "ML"
      },
      {
        "state": "WA",
        "price": "6380",
        "price_per_unit": "4253",
        "price_unit": "ML"
      },
      {
        "state": "SA",
        "price": "6380",
        "price_per_unit": "4253",
        "price_unit": "ML"
      },
      {
        "state": "TAS",
        "price": "6380",
        "price_per_unit": "4253",
        "price_unit": "ML"
      },
      {
        "state": "ACT",
        "price": "6380",
        "price_per_unit": "4253",
        "price_unit": "ML"
      },
      {
        "state": "NT",
        "price": "6380",
        "price_per_unit": "4253",
        "price_unit": "ML"
      }
    ]
  },
  {
    "source_url": "https://www.woolworths.com.au/shop/productdetails/1074131652/australian-creams-mk-ii-australian-creams-mkii-avocado-oil-deep-moisturising-cream-with-vitamin-e-100g",
    "name": "Australian Creams Mk Ii Australian Creams MkII Avocado Oil Deep Moisturising Cream with Vitamin E 100g",
    "image_url": "https://cdn1.woolworths.media/content/wowproductimages/large/1074131652.jpg",
    "source_id": "Woolworths - 1074131652",
    "barcode": null,
    "shop": "Woolworths",
    "weight": "100G",
    "prices": [
      {
        "state": "NSW",
        "price": "4730",
        "price_per_unit": "4730",
        "price_unit": "G"
      },
      {
        "state": "VIC",
        "price": "4730",
        "price_per_unit": "4730",
        "price_unit": "G"
      },
      {
        "state": "QLD",
        "price": "4730",
        "price_per_unit": "4730",
        "price_unit": "G"
      },
      {
        "state": "WA",
        "price": "4730",
        "price_per_unit": "4730",
        "price_unit": "G"
      },
      {
        "state": "SA",
        "price": "4730",
        "price_per_unit": "4730",
        "price_unit": "G"
      },
      {
        "state": "TAS",
        "price": "4730",
        "price_per_unit": "4730",
        "price_unit": "G"
      },
      {
        "state": "ACT",
        "price": "4730",
        "price_per_unit": "4730",
        "price_unit": "G"
      },
      {
        "state": "NT",
        "price": "4730",
        "price_per_unit": "4730",
        "price_unit": "G"
      }
    ]
  },
  {
    "source_url": "https://www.woolworths.com.au/shop/productdetails/1074131653/australian-creams-mk-ii-australian-creams-mkii-avocado-oil-deep-moisturising-cream-with-vitamin-e-250g",
    "name": "Australian Creams Mk Ii Australian Creams MkII Avocado Oil Deep Moisturising Cream with Vitamin E 250g",
    "image_url": "https://cdn1.woolworths.media/content/wowproductimages/large/1074131653.jpg",
    "source_id": "Woolworths - 1074131653",
    "barcode": null,
    "shop": "Woolworths",
    "weight": "100G",
    "prices": [
      {
        "state": "NSW",
        "price": "5280",
        "price_per_unit": "2112",
        "price_unit": "G"
      },
      {
        "state": "VIC",
        "price": "5280",
        "price_per_unit": "2112",
        "price_unit": "G"
      },
      {
        "state": "QLD",
        "price": "5280",
        "price_per_unit": "2112",
        "price_unit": "G"
      },
      {
        "state": "WA",
        "price": "5280",
        "price_per_unit": "2112",
        "price_unit": "G"
      },
      {
        "state": "SA",
        "price": "5280",
        "price_per_unit": "2112",
        "price_unit": "G"
      },
      {
        "state": "TAS",
        "price": "5280",
        "price_per_unit": "2112",
        "price_unit": "G"
      },
      {
        "state": "ACT",
        "price": "5280",
        "price_per_unit": "2112",
        "price_unit": "G"
      },
      {
        "state": "NT",
        "price": "5280",
        "price_per_unit": "2112",
        "price_unit": "G"
      }
    ]
  },
  {
    "source_url": "https://www.woolworths.com.au/shop/productdetails/1074131654/australian-creams-mk-ii-australian-creams-mkii-emu-oil-vital-moisturising-cream-with-vitamin-e-100g",
    "name": "Australian Creams Mk Ii Australian Creams MkII Emu Oil Vital Moisturising Cream with Vitamin E 100g",
    "image_url": "https://cdn1.woolworths.media/content/wowproductimages/large/1074131654.jpg",
    "source_id": "Woolworths - 1074131654",
    "barcode": null,
    "shop": "Woolworths",
    "weight": "100G",
    "prices": [
      {
        "state": "NSW",
        "price": "4730",
        "price_per_unit": "4730",
        "price_unit": "G"
      },
      {
        "state": "VIC",
        "price": "4730",
        "price_per_unit": "4730",
        "price_unit": "G"
      },
      {
        "state": "QLD",
        "price": "4730",
        "price_per_unit": "4730",
        "price_unit": "G"
      },
      {
        "state": "WA",
        "price": "4730",
        "price_per_unit": "4730",
        "price_unit": "G"
      },
      {
        "state": "SA",
        "price": "4730",
        "price_per_unit": "4730",
        "price_unit": "G"
      },
      {
        "state": "TAS",
        "price": "4730",
        "price_per_unit": "4730",
        "price_unit": "G"
      },
      {
        "state": "ACT",
        "price": "4730",
        "price_per_unit": "4730",
        "price_unit": "G"
      },
      {
        "state": "NT",
        "price": "4730",
        "price_per_unit": "4730",
        "price_unit": "G"
      }
    ]
  },
  {
    "source_url": "https://www.woolworths.com.au/shop/productdetails/1074131655/australian-creams-mk-ii-australian-creams-mkii-emu-oil-vital-moisturising-cream-with-vitamin-e-250g",
    "name": "Australian Creams Mk Ii Australian Creams MkII Emu Oil Vital Moisturising Cream with Vitamin E 250g",
    "image_url": "https://cdn1.woolworths.media/content/wowproductimages/large/1074131655.jpg",
    "source_id": "Woolworths - 1074131655",
    "barcode": null,
    "shop": "Woolworths",
    "weight": "100G",
    "prices": [
      {
        "state": "NSW",
        "price": "5280",
        "price_per_unit": "2112",
        "price_unit": "G"
      },
      {
        "state": "VIC",
        "price": "5280",
        "price_per_unit": "2112",
        "price_unit": "G"
      },
      {
        "state": "QLD",
        "price": "5280",
        "price_per_unit": "2112",
        "price_unit": "G"
      },
      {
        "state": "WA",
        "price": "5280",
        "price_per_unit": "2112",
        "price_unit": "G"
      },
      {
        "state": "SA",
        "price": "5280",
        "price_per_unit": "2112",
        "price_unit": "G"
      },
      {
        "state": "TAS",
        "price": "5280",
        "price_per_unit": "2112",
        "price_unit": "G"
      },
      {
        "state": "ACT",
        "price": "5280",
        "price_per_unit": "2112",
        "price_unit": "G"
      },
      {
        "state": "NT",
        "price": "5280",
        "price_per_unit": "2112",
        "price_unit": "G"
      }
    ]
  },
  {
    "source_url": "https://www.woolworths.com.au/shop/productdetails/1074131656/australian-creams-mk-ii-australian-creams-mkii-goats-milk-replenishing-moisturising-cream-with-manuka-honey-100g",
    "name": "Australian Creams Mk Ii Australian Creams MkII Goats Milk Replenishing Moisturising Cream with Manuka Honey 100g",
    "image_url": "https://cdn1.woolworths.media/content/wowproductimages/large/1074131656.jpg",
    "source_id": "Woolworths - 1074131656",
    "barcode": null,
    "shop": "Woolworths",
    "weight": "100G",
    "prices": [
      {
        "state": "NSW",
        "price": "4730",
        "price_per_unit": "4730",
        "price_unit": "G"
      },
      {
        "state": "VIC",
        "price": "4730",
        "price_per_unit": "4730",
        "price_unit": "G"
      },
      {
        "state": "QLD",
        "price": "4730",
        "price_per_unit": "4730",
        "price_unit": "G"
      },
      {
        "state": "WA",
        "price": "4730",
        "price_per_unit": "4730",
        "price_unit": "G"
      },
      {
        "state": "SA",
        "price": "4730",
        "price_per_unit": "4730",
        "price_unit": "G"
      },
      {
        "state": "TAS",
        "price": "4730",
        "price_per_unit": "4730",
        "price_unit": "G"
      },
      {
        "state": "ACT",
        "price": "4730",
        "price_per_unit": "4730",
        "price_unit": "G"
      },
      {
        "state": "NT",
        "price": "4730",
        "price_per_unit": "4730",
        "price_unit": "G"
      }
    ]
  },
  {
    "source_url": "https://www.woolworths.com.au/shop/productdetails/1074131657/australian-creams-mk-ii-australian-creams-mkii-goats-milk-replenishing-moisturising-cream-with-manuka-honey-250g",
    "name": "Australian Creams Mk Ii Australian Creams MkII Goats Milk Replenishing Moisturising Cream with Manuka Honey 250g",
    "image_url": "https://cdn1.woolworths.media/content/wowproductimages/large/1074131657.jpg",
    "source_id": "Woolworths - 1074131657",
    "barcode": null,
    "shop": "Woolworths",
    "weight": "100G",
    "prices": [
      {
        "state": "NSW",
        "price": "5280",
        "price_per_unit": "2112",
        "price_unit": "G"
      },
      {
        "state": "VIC",
        "price": "5280",
        "price_per_unit": "2112",
        "price_unit": "G"
      },
      {
        "state": "QLD",
        "price": "5280",
        "price_per_unit": "2112",
        "price_unit": "G"
      },
      {
        "state": "WA",
        "price": "5280",
        "price_per_unit": "2112",
        "price_unit": "G"
      },
      {
        "state": "SA",
        "price": "5280",
        "price_per_unit": "2112",
        "price_unit": "G"
      },
      {
        "state": "TAS",
        "price": "5280",
        "price_per_unit": "2112",
        "price_unit": "G"
      },
      {
        "state": "ACT",
        "price": "5280",
        "price_per_unit": "2112",
        "price_unit": "G"
      },
      {
        "state": "NT",
        "price": "5280",
        "price_per_unit": "2112",
        "price_unit": "G"
      }
    ]
  },
  {
    "source_url": "https://www.woolworths.com.au/shop/productdetails/1074131658/australian-creams-mk-ii-australian-creams-mkii-kakadu-plum-radiating-moisturising-cream-100g",
    "name": "Australian Creams Mk Ii Australian Creams MkII Kakadu Plum Radiating Moisturising Cream 100g",
    "image_url": "https://cdn1.woolworths.media/content/wowproductimages/large/1074131658.jpg",
    "source_id": "Woolworths - 1074131658",
    "barcode": null,
    "shop": "Woolworths",
    "weight": "100G",
    "prices": [
      {
        "state": "NSW",
        "price": "4730",
        "price_per_unit": "4730",
        "price_unit": "G"
      },
      {
        "state": "VIC",
        "price": "4730",
        "price_per_unit": "4730",
        "price_unit": "G"
      },
      {
        "state": "QLD",
        "price": "4730",
        "price_per_unit": "4730",
        "price_unit": "G"
      },
      {
        "state": "WA",
        "price": "4730",
        "price_per_unit": "4730",
        "price_unit": "G"
      },
      {
        "state": "SA",
        "price": "4730",
        "price_per_unit": "4730",
        "price_unit": "G"
      },
      {
        "state": "TAS",
        "price": "4730",
        "price_per_unit": "4730",
        "price_unit": "G"
      },
      {
        "state": "ACT",
        "price": "4730",
        "price_per_unit": "4730",
        "price_unit": "G"
      },
      {
        "state": "NT",
        "price": "4730",
        "price_per_unit": "4730",
        "price_unit": "G"
      }
    ]
  },
  {
    "source_url": "https://www.woolworths.com.au/shop/productdetails/1074131659/australian-creams-mk-ii-australian-creams-mkii-kakadu-plum-radiating-moisturising-cream-250g",
    "name": "Australian Creams Mk Ii Australian Creams MkII Kakadu Plum Radiating Moisturising Cream 250g",
    "image_url": "https://cdn1.woolworths.media/content/wowproductimages/large/1074131659.jpg",
    "source_id": "Woolworths - 1074131659",
    "barcode": null,
    "shop": "Woolworths",
    "weight": "100G",
    "prices": [
      {
        "state": "NSW",
        "price": "5280",
        "price_per_unit": "2112",
        "price_unit": "G"
      },
      {
        "state": "VIC",
        "price": "5280",
        "price_per_unit": "2112",
        "price_unit": "G"
      },
      {
        "state": "QLD",
        "price": "5280",
        "price_per_unit": "2112",
        "price_unit": "G"
      },
      {
        "state": "WA",
        "price": "5280",
        "price_per_unit": "2112",
        "price_unit": "G"
      },
      {
        "state": "SA",
        "price": "5280",
        "price_per_unit": "2112",
        "price_unit": "G"
      },
      {
        "state": "TAS",
        "price": "5280",
        "price_per_unit": "2112",
        "price_unit": "G"
      },
      {
        "state": "ACT",
        "price": "5280",
        "price_per_unit": "2112",
        "price_unit": "G"
      },
      {
        "state": "NT",
        "price": "5280",
        "price_per_unit": "2112",
        "price_unit": "G"
      }
    ]
  },
  {
    "source_url": "https://www.woolworths.com.au/shop/productdetails/1074131661/australian-creams-mk-ii-australian-creams-mkii-lanolin-oil-day-moisturising-cream-with-vitamin-e-250g",
    "name": "Australian Creams Mk Ii Australian Creams MkII Lanolin Oil Day Moisturising Cream with Vitamin E 250g",
    "image_url": "https://cdn1.woolworths.media/content/wowproductimages/large/1074131661.jpg",
    "source_id": "Woolworths - 1074131661",
    "barcode": null,
    "shop": "Woolworths",
    "weight": "100G",
    "prices": [
      {
        "state": "NSW",
        "price": "5280",
        "price_per_unit": "2112",
        "price_unit": "G"
      },
      {
        "state": "VIC",
        "price": "5280",
        "price_per_unit": "2112",
        "price_unit": "G"
      },
      {
        "state": "QLD",
        "price": "5280",
        "price_per_unit": "2112",
        "price_unit": "G"
      },
      {
        "state": "WA",
        "price": "5280",
        "price_per_unit": "2112",
        "price_unit": "G"
      },
      {
        "state": "SA",
        "price": "5280",
        "price_per_unit": "2112",
        "price_unit": "G"
      },
      {
        "state": "TAS",
        "price": "5280",
        "price_per_unit": "2112",
        "price_unit": "G"
      },
      {
        "state": "ACT",
        "price": "5280",
        "price_per_unit": "2112",
        "price_unit": "G"
      },
      {
        "state": "NT",
        "price": "5280",
        "price_per_unit": "2112",
        "price_unit": "G"
      }
    ]
  },
  {
    "source_url": "https://www.woolworths.com.au/shop/productdetails/1074131662/australian-creams-mk-ii-australian-creams-mkii-lanolin-oil-night-nourishing-cream-with-vitamin-e-250g",
    "name": "Australian Creams Mk Ii Australian Creams MkII Lanolin Oil Night Nourishing Cream with Vitamin E 250g",
    "image_url": "https://cdn1.woolworths.media/content/wowproductimages/large/1074131662.jpg",
    "source_id": "Woolworths - 1074131662",
    "barcode": null,
    "shop": "Woolworths",
    "weight": "100G",
    "prices": [
      {
        "state": "NSW",
        "price": "5280",
        "price_per_unit": "2112",
        "price_unit": "G"
      },
      {
        "state": "VIC",
        "price": "5280",
        "price_per_unit": "2112",
        "price_unit": "G"
      },
      {
        "state": "QLD",
        "price": "5280",
        "price_per_unit": "2112",
        "price_unit": "G"
      },
      {
        "state": "WA",
        "price": "5280",
        "price_per_unit": "2112",
        "price_unit": "G"
      },
      {
        "state": "SA",
        "price": "5280",
        "price_per_unit": "2112",
        "price_unit": "G"
      },
      {
        "state": "TAS",
        "price": "5280",
        "price_per_unit": "2112",
        "price_unit": "G"
      },
      {
        "state": "ACT",
        "price": "5280",
        "price_per_unit": "2112",
        "price_unit": "G"
      },
      {
        "state": "NT",
        "price": "5280",
        "price_per_unit": "2112",
        "price_unit": "G"
      }
    ]
  },
  {
    "source_url": "https://www.woolworths.com.au/shop/productdetails/1074387112/australian-creams-mk-ii-australian-creams-mkii-lemon-tea-tree-protective-moisturising-cream-with-vitamin-e-250g",
    "name": "Australian Creams Mk Ii Australian Creams MkII Lemon Tea Tree Protective Moisturising Cream with Vitamin E 250g",
    "image_url": "https://cdn1.woolworths.media/content/wowproductimages/large/1074387112.jpg",
    "source_id": "Woolworths - 1074387112",
    "barcode": null,
    "shop": "Woolworths",
    "weight": "100G",
    "prices": [
      {
        "state": "NSW",
        "price": "5280",
        "price_per_unit": "2112",
        "price_unit": "G"
      },
      {
        "state": "VIC",
        "price": "5280",
        "price_per_unit": "2112",
        "price_unit": "G"
      },
      {
        "state": "QLD",
        "price": "5280",
        "price_per_unit": "2112",
        "price_unit": "G"
      },
      {
        "state": "WA",
        "price": "5280",
        "price_per_unit": "2112",
        "price_unit": "G"
      },
      {
        "state": "SA",
        "price": "5280",
        "price_per_unit": "2112",
        "price_unit": "G"
      },
      {
        "state": "TAS",
        "price": "5280",
        "price_per_unit": "2112",
        "price_unit": "G"
      },
      {
        "state": "ACT",
        "price": "5280",
        "price_per_unit": "2112",
        "price_unit": "G"
      },
      {
        "state": "NT",
        "price": "5280",
        "price_per_unit": "2112",
        "price_unit": "G"
      }
    ]
  },
  {
    "source_url": "https://www.woolworths.com.au/shop/productdetails/1074133427/australian-creams-mk-ii-australian-creams-mkii-macadamia-oil-soothing-moisturising-cream-with-vitamin-e-250g",
    "name": "Australian Creams Mk Ii Australian Creams MkII Macadamia Oil Soothing Moisturising Cream with Vitamin E 250g",
    "image_url": "https://cdn1.woolworths.media/content/wowproductimages/large/1074133427.jpg",
    "source_id": "Woolworths - 1074133427",
    "barcode": null,
    "shop": "Woolworths",
    "weight": "100G",
    "prices": [
      {
        "state": "NSW",
        "price": "5280",
        "price_per_unit": "2112",
        "price_unit": "G"
      },
      {
        "state": "VIC",
        "price": "5280",
        "price_per_unit": "2112",
        "price_unit": "G"
      },
      {
        "state": "QLD",
        "price": "5280",
        "price_per_unit": "2112",
        "price_unit": "G"
      },
      {
        "state": "WA",
        "price": "5280",
        "price_per_unit": "2112",
        "price_unit": "G"
      },
      {
        "state": "SA",
        "price": "5280",
        "price_per_unit": "2112",
        "price_unit": "G"
      },
      {
        "state": "TAS",
        "price": "5280",
        "price_per_unit": "2112",
        "price_unit": "G"
      },
      {
        "state": "ACT",
        "price": "5280",
        "price_per_unit": "2112",
        "price_unit": "G"
      },
      {
        "state": "NT",
        "price": "5280",
        "price_per_unit": "2112",
        "price_unit": "G"
      }
    ]
  },
  {
    "source_url": "https://www.woolworths.com.au/shop/productdetails/1074131663/australian-creams-mk-ii-australian-creams-mkii-sorbolene-very-gentle-moisturising-cream-with-vitamin-e-250g",
    "name": "Australian Creams Mk Ii Australian Creams MkII Sorbolene Very Gentle Moisturising Cream with Vitamin E 250g",
    "image_url": "https://cdn1.woolworths.media/content/wowproductimages/large/1074131663.jpg",
    "source_id": "Woolworths - 1074131663",
    "barcode": null,
    "shop": "Woolworths",
    "weight": "100G",
    "prices": [
      {
        "state": "NSW",
        "price": "5280",
        "price_per_unit": "2112",
        "price_unit": "G"
      },
      {
        "state": "VIC",
        "price": "5280",
        "price_per_unit": "2112",
        "price_unit": "G"
      },
      {
        "state": "QLD",
        "price": "5280",
        "price_per_unit": "2112",
        "price_unit": "G"
      },
      {
        "state": "WA",
        "price": "5280",
        "price_per_unit": "2112",
        "price_unit": "G"
      },
      {
        "state": "SA",
        "price": "5280",
        "price_per_unit": "2112",
        "price_unit": "G"
      },
      {
        "state": "TAS",
        "price": "5280",
        "price_per_unit": "2112",
        "price_unit": "G"
      },
      {
        "state": "ACT",
        "price": "5280",
        "price_per_unit": "2112",
        "price_unit": "G"
      },
      {
        "state": "NT",
        "price": "5280",
        "price_per_unit": "2112",
        "price_unit": "G"
      }
    ]
  },
  {
    "source_url": "https://www.woolworths.com.au/shop/productdetails/1074133428/australian-creams-mk-ii-australian-creams-mkii-vitamin-e-skin-repair-cream-100g",
    "name": "Australian Creams Mk Ii Australian Creams MkII Vitamin E Skin Repair Cream 100g",
    "image_url": "https://cdn1.woolworths.media/content/wowproductimages/large/1074133428.jpg",
    "source_id": "Woolworths - 1074133428",
    "barcode": null,
    "shop": "Woolworths",
    "weight": "100G",
    "prices": [
      {
        "state": "NSW",
        "price": "4730",
        "price_per_unit": "4730",
        "price_unit": "G"
      },
      {
        "state": "VIC",
        "price": "4730",
        "price_per_unit": "4730",
        "price_unit": "G"
      },
      {
        "state": "QLD",
        "price": "4730",
        "price_per_unit": "4730",
        "price_unit": "G"
      },
      {
        "state": "WA",
        "price": "4730",
        "price_per_unit": "4730",
        "price_unit": "G"
      },
      {
        "state": "SA",
        "price": "4730",
        "price_per_unit": "4730",
        "price_unit": "G"
      },
      {
        "state": "TAS",
        "price": "4730",
        "price_per_unit": "4730",
        "price_unit": "G"
      },
      {
        "state": "ACT",
        "price": "4730",
        "price_per_unit": "4730",
        "price_unit": "G"
      },
      {
        "state": "NT",
        "price": "4730",
        "price_per_unit": "4730",
        "price_unit": "G"
      }
    ]
  },
  {
    "source_url": "https://www.woolworths.com.au/shop/productdetails/1074649655/australian-gold-bronzing-intensifier-dry-oil-spray-237ml-8oz",
    "name": "Australian Gold Bronzing Intensifier Dry Oil Spray 237ml/8oz",
    "image_url": "https://cdn1.woolworths.media/content/wowproductimages/large/1074649655.jpg",
    "source_id": "Woolworths - 1074649655",
    "barcode": null,
    "shop": "Woolworths",
    "weight": "100ML",
    "prices": [
      {
        "state": "NSW",
        "price": "3100",
        "price_per_unit": "1308",
        "price_unit": "ML"
      },
      {
        "state": "VIC",
        "price": "3100",
        "price_per_unit": "1308",
        "price_unit": "ML"
      },
      {
        "state": "QLD",
        "price": "3100",
        "price_per_unit": "1308",
        "price_unit": "ML"
      },
      {
        "state": "WA",
        "price": "3100",
        "price_per_unit": "1308",
        "price_unit": "ML"
      },
      {
        "state": "SA",
        "price": "3100",
        "price_per_unit": "1308",
        "price_unit": "ML"
      },
      {
        "state": "TAS",
        "price": "3100",
        "price_per_unit": "1308",
        "price_unit": "ML"
      },
      {
        "state": "ACT",
        "price": "3100",
        "price_per_unit": "1308",
        "price_unit": "ML"
      },
      {
        "state": "NT",
        "price": "3100",
        "price_per_unit": "1308",
        "price_unit": "ML"
      }
    ]
  },
  {
    "source_url": "https://www.woolworths.com.au/shop/productdetails/1073835685/australian-made-avilla-farm-can-t-live-without-macadamia-face-scrub-and-kakadu-plum-oil-2-pack",
    "name": "Australian Made Avilla Farm Cant Live Without Macadamia Face Scrub and Kakadu Plum Oil 2 Pack",
    "image_url": "https://cdn1.woolworths.media/content/wowproductimages/large/1073835685.jpg",
    "source_id": "Woolworths - 1073835685",
    "barcode": null,
    "shop": "Woolworths",
    "weight": "1EA",
    "prices": [
      {
        "state": "NSW",
        "price": "8500",
        "price_per_unit": "8500",
        "price_unit": "EA"
      },
      {
        "state": "VIC",
        "price": "8500",
        "price_per_unit": "8500",
        "price_unit": "EA"
      },
      {
        "state": "QLD",
        "price": "8500",
        "price_per_unit": "8500",
        "price_unit": "EA"
      },
      {
        "state": "WA",
        "price": "8500",
        "price_per_unit": "8500",
        "price_unit": "EA"
      },
      {
        "state": "SA",
        "price": "8500",
        "price_per_unit": "8500",
        "price_unit": "EA"
      },
      {
        "state": "TAS",
        "price": "8500",
        "price_per_unit": "8500",
        "price_unit": "EA"
      },
      {
        "state": "ACT",
        "price": "8500",
        "price_per_unit": "8500",
        "price_unit": "EA"
      },
      {
        "state": "NT",
        "price": "8500",
        "price_per_unit": "8500",
        "price_unit": "EA"
      }
    ]
  },
  {
    "source_url": "https://www.woolworths.com.au/shop/productdetails/1073835678/australian-made-avilla-farm-macadamia-face-oil-30ml",
    "name": "Australian Made Avilla Farm Macadamia Face Oil 30ml",
    "image_url": "https://cdn1.woolworths.media/content/wowproductimages/large/1073835678.jpg",
    "source_id": "Woolworths - 1073835678",
    "barcode": null,
    "shop": "Woolworths",
    "weight": "10ML",
    "prices": [
      {
        "state": "NSW",
        "price": "2700",
        "price_per_unit": "900",
        "price_unit": "ML"
      },
      {
        "state": "VIC",
        "price": "2700",
        "price_per_unit": "900",
        "price_unit": "ML"
      },
      {
        "state": "QLD",
        "price": "2700",
        "price_per_unit": "900",
        "price_unit": "ML"
      },
      {
        "state": "WA",
        "price": "2700",
        "price_per_unit": "900",
        "price_unit": "ML"
      },
      {
        "state": "SA",
        "price": "2700",
        "price_per_unit": "900",
        "price_unit": "ML"
      },
      {
        "state": "TAS",
        "price": "2700",
        "price_per_unit": "900",
        "price_unit": "ML"
      },
      {
        "state": "ACT",
        "price": "2700",
        "price_per_unit": "900",
        "price_unit": "ML"
      },
      {
        "state": "NT",
        "price": "2700",
        "price_per_unit": "900",
        "price_unit": "ML"
      }
    ]
  },
  {
    "source_url": "https://www.woolworths.com.au/shop/productdetails/1074649759/avene-cleanance-mattifying-emulsion-for-oily-blemish-prone-skin-40ml-1-35oz",
    "name": "Avene Cleanance Mattifying Emulsion - For Oily, Blemish-Prone Skin 40ml/1.35oz",
    "image_url": "https://cdn1.woolworths.media/content/wowproductimages/large/1074649759.jpg",
    "source_id": "Woolworths - 1074649759",
    "barcode": null,
    "shop": "Woolworths",
    "weight": "100ML",
    "prices": [
      {
        "state": "NSW",
        "price": "4700",
        "price_per_unit": "11750",
        "price_unit": "ML"
      },
      {
        "state": "VIC",
        "price": "4700",
        "price_per_unit": "11750",
        "price_unit": "ML"
      },
      {
        "state": "QLD",
        "price": "4700",
        "price_per_unit": "11750",
        "price_unit": "ML"
      },
      {
        "state": "WA",
        "price": "4700",
        "price_per_unit": "11750",
        "price_unit": "ML"
      },
      {
        "state": "SA",
        "price": "4700",
        "price_per_unit": "11750",
        "price_unit": "ML"
      },
      {
        "state": "TAS",
        "price": "4700",
        "price_per_unit": "11750",
        "price_unit": "ML"
      },
      {
        "state": "ACT",
        "price": "4700",
        "price_per_unit": "11750",
        "price_unit": "ML"
      },
      {
        "state": "NT",
        "price": "4700",
        "price_per_unit": "11750",
        "price_unit": "ML"
      }
    ]
  },
  {
    "source_url": "https://www.woolworths.com.au/shop/productdetails/1074649770/avene-high-protection-comfort-cream-spf-30-for-dry-sensitive-skin-50ml-1-7oz",
    "name": "Avene High Protection Comfort Cream SPF 30 - For Dry Sensitive Skin 50ml/1.7oz",
    "image_url": "https://cdn1.woolworths.media/content/wowproductimages/large/1074649770.jpg",
    "source_id": "Woolworths - 1074649770",
    "barcode": null,
    "shop": "Woolworths",
    "weight": "100ML",
    "prices": [
      {
        "state": "NSW",
        "price": "4800",
        "price_per_unit": "9600",
        "price_unit": "ML"
      },
      {
        "state": "VIC",
        "price": "4800",
        "price_per_unit": "9600",
        "price_unit": "ML"
      },
      {
        "state": "QLD",
        "price": "4800",
        "price_per_unit": "9600",
        "price_unit": "ML"
      },
      {
        "state": "WA",
        "price": "4800",
        "price_per_unit": "9600",
        "price_unit": "ML"
      },
      {
        "state": "SA",
        "price": "4800",
        "price_per_unit": "9600",
        "price_unit": "ML"
      },
      {
        "state": "TAS",
        "price": "4800",
        "price_per_unit": "9600",
        "price_unit": "ML"
      },
      {
        "state": "ACT",
        "price": "4800",
        "price_per_unit": "9600",
        "price_unit": "ML"
      },
      {
        "state": "NT",
        "price": "4800",
        "price_per_unit": "9600",
        "price_unit": "ML"
      }
    ]
  },
  {
    "source_url": "https://www.woolworths.com.au/shop/productdetails/1075810148/avene-tolerance-hydra-10-moisturising-cream-40ml-1-3oz",
    "name": "Avene Tolerance Hydra-10 Moisturising Cream 40ml/1.3oz",
    "image_url": "https://cdn1.woolworths.media/content/wowproductimages/large/1075810148.jpg",
    "source_id": "Woolworths - 1075810148",
    "barcode": null,
    "shop": "Woolworths",
    "weight": "100ML",
    "prices": [
      {
        "state": "NSW",
        "price": "5600",
        "price_per_unit": "14000",
        "price_unit": "ML"
      },
      {
        "state": "VIC",
        "price": "5600",
        "price_per_unit": "14000",
        "price_unit": "ML"
      },
      {
        "state": "QLD",
        "price": "5600",
        "price_per_unit": "14000",
        "price_unit": "ML"
      },
      {
        "state": "WA",
        "price": "5600",
        "price_per_unit": "14000",
        "price_unit": "ML"
      },
      {
        "state": "SA",
        "price": "5600",
        "price_per_unit": "14000",
        "price_unit": "ML"
      },
      {
        "state": "TAS",
        "price": "5600",
        "price_per_unit": "14000",
        "price_unit": "ML"
      },
      {
        "state": "ACT",
        "price": "5600",
        "price_per_unit": "14000",
        "price_unit": "ML"
      },
      {
        "state": "NT",
        "price": "5600",
        "price_per_unit": "14000",
        "price_unit": "ML"
      }
    ]
  },
  {
    "source_url": "https://www.woolworths.com.au/shop/productdetails/1074723826/avene-tolerance-hydra-10-moisturising-fluid-40ml",
    "name": "Avene Tolerance Hydra-10 Moisturising Fluid 40ml",
    "image_url": "https://cdn1.woolworths.media/content/wowproductimages/large/1074723826.jpg",
    "source_id": "Woolworths - 1074723826",
    "barcode": null,
    "shop": "Woolworths",
    "weight": "100ML",
    "prices": [
      {
        "state": "NSW",
        "price": "5600",
        "price_per_unit": "14000",
        "price_unit": "ML"
      },
      {
        "state": "VIC",
        "price": "5600",
        "price_per_unit": "14000",
        "price_unit": "ML"
      },
      {
        "state": "QLD",
        "price": "5600",
        "price_per_unit": "14000",
        "price_unit": "ML"
      },
      {
        "state": "WA",
        "price": "5600",
        "price_per_unit": "14000",
        "price_unit": "ML"
      },
      {
        "state": "SA",
        "price": "5600",
        "price_per_unit": "14000",
        "price_unit": "ML"
      },
      {
        "state": "TAS",
        "price": "5600",
        "price_per_unit": "14000",
        "price_unit": "ML"
      },
      {
        "state": "ACT",
        "price": "5600",
        "price_per_unit": "14000",
        "price_unit": "ML"
      },
      {
        "state": "NT",
        "price": "5600",
        "price_per_unit": "14000",
        "price_unit": "ML"
      }
    ]
  },
  {
    "source_url": "https://www.woolworths.com.au/shop/productdetails/1074649814/avene-very-high-protection-cream-spf50-for-dry-sensitive-skin-50ml-1-7oz",
    "name": "Avene Very High Protection Cream SPF50+ - For Dry Sensitive Skin 50ml/1.7oz",
    "image_url": "https://cdn1.woolworths.media/content/wowproductimages/large/1074649814.jpg",
    "source_id": "Woolworths - 1074649814",
    "barcode": null,
    "shop": "Woolworths",
    "weight": "100ML",
    "prices": [
      {
        "state": "NSW",
        "price": "4800",
        "price_per_unit": "9600",
        "price_unit": "ML"
      },
      {
        "state": "VIC",
        "price": "4800",
        "price_per_unit": "9600",
        "price_unit": "ML"
      },
      {
        "state": "QLD",
        "price": "4800",
        "price_per_unit": "9600",
        "price_unit": "ML"
      },
      {
        "state": "WA",
        "price": "4800",
        "price_per_unit": "9600",
        "price_unit": "ML"
      },
      {
        "state": "SA",
        "price": "4800",
        "price_per_unit": "9600",
        "price_unit": "ML"
      },
      {
        "state": "TAS",
        "price": "4800",
        "price_per_unit": "9600",
        "price_unit": "ML"
      },
      {
        "state": "ACT",
        "price": "4800",
        "price_per_unit": "9600",
        "price_unit": "ML"
      },
      {
        "state": "NT",
        "price": "4800",
        "price_per_unit": "9600",
        "price_unit": "ML"
      }
    ]
  },
  {
    "source_url": "https://www.woolworths.com.au/shop/productdetails/1074649815/avene-very-high-protection-fluid-spf50-50ml-1-7oz",
    "name": "Avene Very High Protection Fluid SPF50 50ml/1.7oz",
    "image_url": "https://cdn1.woolworths.media/content/wowproductimages/large/1074649815.jpg",
    "source_id": "Woolworths - 1074649815",
    "barcode": null,
    "shop": "Woolworths",
    "weight": "100ML",
    "prices": [
      {
        "state": "NSW",
        "price": "4400",
        "price_per_unit": "8800",
        "price_unit": "ML"
      },
      {
        "state": "VIC",
        "price": "4400",
        "price_per_unit": "8800",
        "price_unit": "ML"
      },
      {
        "state": "QLD",
        "price": "4400",
        "price_per_unit": "8800",
        "price_unit": "ML"
      },
      {
        "state": "WA",
        "price": "4400",
        "price_per_unit": "8800",
        "price_unit": "ML"
      },
      {
        "state": "SA",
        "price": "4400",
        "price_per_unit": "8800",
        "price_unit": "ML"
      },
      {
        "state": "TAS",
        "price": "4400",
        "price_per_unit": "8800",
        "price_unit": "ML"
      },
      {
        "state": "ACT",
        "price": "4400",
        "price_per_unit": "8800",
        "price_unit": "ML"
      },
      {
        "state": "NT",
        "price": "4400",
        "price_per_unit": "8800",
        "price_unit": "ML"
      }
    ]
  },
  {
    "source_url": "https://www.woolworths.com.au/shop/productdetails/1074649819/avene-very-high-protection-tinted-cream-spf50-for-dry-sensitive-skin-50ml-1-7oz",
    "name": "Avene Very High Protection Tinted Cream SPF50+ - For Dry Sensitive Skin 50ml/1.7oz",
    "image_url": "https://cdn1.woolworths.media/content/wowproductimages/large/1074649819.jpg",
    "source_id": "Woolworths - 1074649819",
    "barcode": null,
    "shop": "Woolworths",
    "weight": "100ML",
    "prices": [
      {
        "state": "NSW",
        "price": "4200",
        "price_per_unit": "8400",
        "price_unit": "ML"
      },
      {
        "state": "VIC",
        "price": "4200",
        "price_per_unit": "8400",
        "price_unit": "ML"
      },
      {
        "state": "QLD",
        "price": "4200",
        "price_per_unit": "8400",
        "price_unit": "ML"
      },
      {
        "state": "WA",
        "price": "4200",
        "price_per_unit": "8400",
        "price_unit": "ML"
      },
      {
        "state": "SA",
        "price": "4200",
        "price_per_unit": "8400",
        "price_unit": "ML"
      },
      {
        "state": "TAS",
        "price": "4200",
        "price_per_unit": "8400",
        "price_unit": "ML"
      },
      {
        "state": "ACT",
        "price": "4200",
        "price_per_unit": "8400",
        "price_unit": "ML"
      },
      {
        "state": "NT",
        "price": "4200",
        "price_per_unit": "8400",
        "price_unit": "ML"
      }
    ]
  },
  {
    "source_url": "https://www.woolworths.com.au/shop/productdetails/1074649821/avene-very-high-protection-unifying-tinted-anti-aging-suncare-spf-50-for-sensitive-skin-50ml-1-7oz",
    "name": "Avene Very High Protection Unifying Tinted Anti-Aging Suncare SPF 50 - For Sensitive Skin 50ml/1.7oz",
    "image_url": "https://cdn1.woolworths.media/content/wowproductimages/large/1074649821.jpg",
    "source_id": "Woolworths - 1074649821",
    "barcode": null,
    "shop": "Woolworths",
    "weight": "100ML",
    "prices": [
      {
        "state": "NSW",
        "price": "5200",
        "price_per_unit": "10400",
        "price_unit": "ML"
      },
      {
        "state": "VIC",
        "price": "5200",
        "price_per_unit": "10400",
        "price_unit": "ML"
      },
      {
        "state": "QLD",
        "price": "5200",
        "price_per_unit": "10400",
        "price_unit": "ML"
      },
      {
        "state": "WA",
        "price": "5200",
        "price_per_unit": "10400",
        "price_unit": "ML"
      },
      {
        "state": "SA",
        "price": "5200",
        "price_per_unit": "10400",
        "price_unit": "ML"
      },
      {
        "state": "TAS",
        "price": "5200",
        "price_per_unit": "10400",
        "price_unit": "ML"
      },
      {
        "state": "ACT",
        "price": "5200",
        "price_per_unit": "10400",
        "price_unit": "ML"
      },
      {
        "state": "NT",
        "price": "5200",
        "price_per_unit": "10400",
        "price_unit": "ML"
      }
    ]
  },
  {
    "source_url": "https://www.woolworths.com.au/shop/productdetails/1075481483/avocado-zinc-natural-tinted-moisturiser-light-medium-spf50-50ml",
    "name": "Avocado Zinc Natural Tinted Moisturiser Light - Medium SPF50 50ml",
    "image_url": "https://cdn1.woolworths.media/content/wowproductimages/large/1075481483.jpg",
    "source_id": "Woolworths - 1075481483",
    "barcode": null,
    "shop": "Woolworths",
    "weight": "100ML",
    "prices": [
      {
        "state": "NSW",
        "price": "3798",
        "price_per_unit": "7596",
        "price_unit": "ML"
      },
      {
        "state": "VIC",
        "price": "3798",
        "price_per_unit": "7596",
        "price_unit": "ML"
      },
      {
        "state": "QLD",
        "price": "3798",
        "price_per_unit": "7596",
        "price_unit": "ML"
      },
      {
        "state": "WA",
        "price": "3798",
        "price_per_unit": "7596",
        "price_unit": "ML"
      },
      {
        "state": "SA",
        "price": "3798",
        "price_per_unit": "7596",
        "price_unit": "ML"
      },
      {
        "state": "TAS",
        "price": "3798",
        "price_per_unit": "7596",
        "price_unit": "ML"
      },
      {
        "state": "ACT",
        "price": "3798",
        "price_per_unit": "7596",
        "price_unit": "ML"
      },
      {
        "state": "NT",
        "price": "3798",
        "price_per_unit": "7596",
        "price_unit": "ML"
      }
    ]
  },
  {
    "source_url": "https://www.woolworths.com.au/shop/productdetails/1075480495/avocado-zinc-natural-tinted-moisturiser-light-spf50-50ml",
    "name": "Avocado Zinc Natural Tinted Moisturiser Light SPF50 50ml",
    "image_url": "https://cdn1.woolworths.media/content/wowproductimages/large/1075480495.jpg",
    "source_id": "Woolworths - 1075480495",
    "barcode": null,
    "shop": "Woolworths",
    "weight": "100ML",
    "prices": [
      {
        "state": "NSW",
        "price": "3798",
        "price_per_unit": "7596",
        "price_unit": "ML"
      },
      {
        "state": "VIC",
        "price": "3798",
        "price_per_unit": "7596",
        "price_unit": "ML"
      },
      {
        "state": "QLD",
        "price": "3798",
        "price_per_unit": "7596",
        "price_unit": "ML"
      },
      {
        "state": "WA",
        "price": "3798",
        "price_per_unit": "7596",
        "price_unit": "ML"
      },
      {
        "state": "SA",
        "price": "3798",
        "price_per_unit": "7596",
        "price_unit": "ML"
      },
      {
        "state": "TAS",
        "price": "3798",
        "price_per_unit": "7596",
        "price_unit": "ML"
      },
      {
        "state": "ACT",
        "price": "3798",
        "price_per_unit": "7596",
        "price_unit": "ML"
      },
      {
        "state": "NT",
        "price": "3798",
        "price_per_unit": "7596",
        "price_unit": "ML"
      }
    ]
  },
  {
    "source_url": "https://www.woolworths.com.au/shop/productdetails/1075478846/avocado-zinc-natural-tinted-moisturiser-medium-dark-spf50-50ml",
    "name": "Avocado Zinc Natural Tinted Moisturiser Medium - Dark SPF50 50ml",
    "image_url": "https://cdn1.woolworths.media/content/wowproductimages/large/1075478846.jpg",
    "source_id": "Woolworths - 1075478846",
    "barcode": null,
    "shop": "Woolworths",
    "weight": "100ML",
    "prices": [
      {
        "state": "NSW",
        "price": "3798",
        "price_per_unit": "7596",
        "price_unit": "ML"
      },
      {
        "state": "VIC",
        "price": "3798",
        "price_per_unit": "7596",
        "price_unit": "ML"
      },
      {
        "state": "QLD",
        "price": "3798",
        "price_per_unit": "7596",
        "price_unit": "ML"
      },
      {
        "state": "WA",
        "price": "3798",
        "price_per_unit": "7596",
        "price_unit": "ML"
      },
      {
        "state": "SA",
        "price": "3798",
        "price_per_unit": "7596",
        "price_unit": "ML"
      },
      {
        "state": "TAS",
        "price": "3798",
        "price_per_unit": "7596",
        "price_unit": "ML"
      },
      {
        "state": "ACT",
        "price": "3798",
        "price_per_unit": "7596",
        "price_unit": "ML"
      },
      {
        "state": "NT",
        "price": "3798",
        "price_per_unit": "7596",
        "price_unit": "ML"
      }
    ]
  },
  {
    "source_url": "https://www.woolworths.com.au/shop/productdetails/1075497285/axis-y-cera-heart-my-type-duo-cream",
    "name": "Axis-Y Cera Heart My Type Duo Cream",
    "image_url": "https://cdn1.woolworths.media/content/wowproductimages/large/1075497285.jpg",
    "source_id": "Woolworths - 1075497285",
    "barcode": null,
    "shop": "Woolworths",
    "weight": "100ML",
    "prices": [
      {
        "state": "NSW",
        "price": "5200",
        "price_per_unit": "8667",
        "price_unit": "ML"
      },
      {
        "state": "VIC",
        "price": "5200",
        "price_per_unit": "8667",
        "price_unit": "ML"
      },
      {
        "state": "QLD",
        "price": "5200",
        "price_per_unit": "8667",
        "price_unit": "ML"
      },
      {
        "state": "WA",
        "price": "5200",
        "price_per_unit": "8667",
        "price_unit": "ML"
      },
      {
        "state": "SA",
        "price": "5200",
        "price_per_unit": "8667",
        "price_unit": "ML"
      },
      {
        "state": "TAS",
        "price": "5200",
        "price_per_unit": "8667",
        "price_unit": "ML"
      },
      {
        "state": "ACT",
        "price": "5200",
        "price_per_unit": "8667",
        "price_unit": "ML"
      },
      {
        "state": "NT",
        "price": "5200",
        "price_per_unit": "8667",
        "price_unit": "ML"
      }
    ]
  },
  {
    "source_url": "https://www.woolworths.com.au/shop/productdetails/1075497283/axis-y-dark-spot-correcting-glow-serum",
    "name": "Axis-Y Dark Spot Correcting Glow Serum",
    "image_url": "https://cdn1.woolworths.media/content/wowproductimages/large/1075497283.jpg",
    "source_id": "Woolworths - 1075497283",
    "barcode": null,
    "shop": "Woolworths",
    "weight": "100ML",
    "prices": [
      {
        "state": "NSW",
        "price": "3850",
        "price_per_unit": "7700",
        "price_unit": "ML"
      },
      {
        "state": "VIC",
        "price": "3850",
        "price_per_unit": "7700",
        "price_unit": "ML"
      },
      {
        "state": "QLD",
        "price": "3850",
        "price_per_unit": "7700",
        "price_unit": "ML"
      },
      {
        "state": "WA",
        "price": "3850",
        "price_per_unit": "7700",
        "price_unit": "ML"
      },
      {
        "state": "SA",
        "price": "3850",
        "price_per_unit": "7700",
        "price_unit": "ML"
      },
      {
        "state": "TAS",
        "price": "3850",
        "price_per_unit": "7700",
        "price_unit": "ML"
      },
      {
        "state": "ACT",
        "price": "3850",
        "price_per_unit": "7700",
        "price_unit": "ML"
      },
      {
        "state": "NT",
        "price": "3850",
        "price_per_unit": "7700",
        "price_unit": "ML"
      }
    ]
  },
  {
    "source_url": "https://www.woolworths.com.au/shop/productdetails/1075497282/axis-y-mugwort-pore-clarifying-wash-off-pack",
    "name": "Axis-Y Mugwort Pore Clarifying Wash Off Pack",
    "image_url": "https://cdn1.woolworths.media/content/wowproductimages/large/1075497282.jpg",
    "source_id": "Woolworths - 1075497282",
    "barcode": null,
    "shop": "Woolworths",
    "weight": "100ML",
    "prices": [
      {
        "state": "NSW",
        "price": "4190",
        "price_per_unit": "4190",
        "price_unit": "ML"
      },
      {
        "state": "VIC",
        "price": "4190",
        "price_per_unit": "4190",
        "price_unit": "ML"
      },
      {
        "state": "QLD",
        "price": "4190",
        "price_per_unit": "4190",
        "price_unit": "ML"
      },
      {
        "state": "WA",
        "price": "4190",
        "price_per_unit": "4190",
        "price_unit": "ML"
      },
      {
        "state": "SA",
        "price": "4190",
        "price_per_unit": "4190",
        "price_unit": "ML"
      },
      {
        "state": "TAS",
        "price": "4190",
        "price_per_unit": "4190",
        "price_unit": "ML"
      },
      {
        "state": "ACT",
        "price": "4190",
        "price_per_unit": "4190",
        "price_unit": "ML"
      },
      {
        "state": "NT",
        "price": "4190",
        "price_per_unit": "4190",
        "price_unit": "ML"
      }
    ]
  },
  {
    "source_url": "https://www.woolworths.com.au/shop/productdetails/1074452359/banila-co-dear-hydration-water-barrier-cream-50ml",
    "name": "Banila Co Dear Hydration Water Barrier Cream 50ml",
    "image_url": "https://cdn1.woolworths.media/content/wowproductimages/large/1074452359.jpg",
    "source_id": "Woolworths - 1074452359",
    "barcode": null,
    "shop": "Woolworths",
    "weight": "100ML",
    "prices": [
      {
        "state": "NSW",
        "price": "5600",
        "price_per_unit": "11200",
        "price_unit": "ML"
      },
      {
        "state": "VIC",
        "price": "5600",
        "price_per_unit": "11200",
        "price_unit": "ML"
      },
      {
        "state": "QLD",
        "price": "5600",
        "price_per_unit": "11200",
        "price_unit": "ML"
      },
      {
        "state": "WA",
        "price": "5600",
        "price_per_unit": "11200",
        "price_unit": "ML"
      },
      {
        "state": "SA",
        "price": "5600",
        "price_per_unit": "11200",
        "price_unit": "ML"
      },
      {
        "state": "TAS",
        "price": "5600",
        "price_per_unit": "11200",
        "price_unit": "ML"
      },
      {
        "state": "ACT",
        "price": "5600",
        "price_per_unit": "11200",
        "price_unit": "ML"
      },
      {
        "state": "NT",
        "price": "5600",
        "price_per_unit": "11200",
        "price_unit": "ML"
      }
    ]
  },
  {
    "source_url": "https://www.woolworths.com.au/shop/productdetails/1074452165/banila-co-miss-flower-mr-honey-propolis-rejuvenating-ampoule-50ml",
    "name": "Banila Co Miss Flower & Mr Honey Propolis Rejuvenating Ampoule 50ml",
    "image_url": "https://cdn1.woolworths.media/content/wowproductimages/large/1074452165.jpg",
    "source_id": "Woolworths - 1074452165",
    "barcode": null,
    "shop": "Woolworths",
    "weight": "100ML",
    "prices": [
      {
        "state": "NSW",
        "price": "7600",
        "price_per_unit": "15200",
        "price_unit": "ML"
      },
      {
        "state": "VIC",
        "price": "7600",
        "price_per_unit": "15200",
        "price_unit": "ML"
      },
      {
        "state": "QLD",
        "price": "7600",
        "price_per_unit": "15200",
        "price_unit": "ML"
      },
      {
        "state": "WA",
        "price": "7600",
        "price_per_unit": "15200",
        "price_unit": "ML"
      },
      {
        "state": "SA",
        "price": "7600",
        "price_per_unit": "15200",
        "price_unit": "ML"
      },
      {
        "state": "TAS",
        "price": "7600",
        "price_per_unit": "15200",
        "price_unit": "ML"
      },
      {
        "state": "ACT",
        "price": "7600",
        "price_per_unit": "15200",
        "price_unit": "ML"
      },
      {
        "state": "NT",
        "price": "7600",
        "price_per_unit": "15200",
        "price_unit": "ML"
      }
    ]
  },
  {
    "source_url": "https://www.woolworths.com.au/shop/productdetails/1074452379/banila-co-miss-flower-mr-honey-propolis-rejuvenating-lotion-150ml",
    "name": "Banila Co Miss Flower & Mr.Honey Propolis Rejuvenating Lotion 150ml",
    "image_url": "https://cdn1.woolworths.media/content/wowproductimages/large/1074452379.jpg",
    "source_id": "Woolworths - 1074452379",
    "barcode": null,
    "shop": "Woolworths",
    "weight": "100ML",
    "prices": [
      {
        "state": "NSW",
        "price": "7600",
        "price_per_unit": "5067",
        "price_unit": "ML"
      },
      {
        "state": "VIC",
        "price": "7600",
        "price_per_unit": "5067",
        "price_unit": "ML"
      },
      {
        "state": "QLD",
        "price": "7600",
        "price_per_unit": "5067",
        "price_unit": "ML"
      },
      {
        "state": "WA",
        "price": "7600",
        "price_per_unit": "5067",
        "price_unit": "ML"
      },
      {
        "state": "SA",
        "price": "7600",
        "price_per_unit": "5067",
        "price_unit": "ML"
      },
      {
        "state": "TAS",
        "price": "7600",
        "price_per_unit": "5067",
        "price_unit": "ML"
      },
      {
        "state": "ACT",
        "price": "7600",
        "price_per_unit": "5067",
        "price_unit": "ML"
      },
      {
        "state": "NT",
        "price": "7600",
        "price_per_unit": "5067",
        "price_unit": "ML"
      }
    ]
  },
  {
    "source_url": "https://www.woolworths.com.au/shop/productdetails/1074452166/banila-co-miss-flower-and-mr-honey-propolis-rejuvenating-cream-70ml",
    "name": "Banila Co Miss Flower and Mr.Honey Propolis Rejuvenating Cream 70ml",
    "image_url": "https://cdn1.woolworths.media/content/wowproductimages/large/1074452166.jpg",
    "source_id": "Woolworths - 1074452166",
    "barcode": null,
    "shop": "Woolworths",
    "weight": "100ML",
    "prices": [
      {
        "state": "NSW",
        "price": "7600",
        "price_per_unit": "10857",
        "price_unit": "ML"
      },
      {
        "state": "VIC",
        "price": "7600",
        "price_per_unit": "10857",
        "price_unit": "ML"
      },
      {
        "state": "QLD",
        "price": "7600",
        "price_per_unit": "10857",
        "price_unit": "ML"
      },
      {
        "state": "WA",
        "price": "7600",
        "price_per_unit": "10857",
        "price_unit": "ML"
      },
      {
        "state": "SA",
        "price": "7600",
        "price_per_unit": "10857",
        "price_unit": "ML"
      },
      {
        "state": "TAS",
        "price": "7600",
        "price_per_unit": "10857",
        "price_unit": "ML"
      },
      {
        "state": "ACT",
        "price": "7600",
        "price_per_unit": "10857",
        "price_unit": "ML"
      },
      {
        "state": "NT",
        "price": "7600",
        "price_per_unit": "10857",
        "price_unit": "ML"
      }
    ]
  },
  {
    "source_url": "https://www.woolworths.com.au/shop/productdetails/1075884780/bareminerals-complexion-rescue-tinted-hydrating-gel-cream-spf30-03-buttercream-35ml-1-18oz",
    "name": "BareMinerals Complexion Rescue Tinted Hydrating Gel Cream SPF30 - #03 Buttercream 35ml/1.18oz",
    "image_url": "https://cdn1.woolworths.media/content/wowproductimages/large/1075884780.jpg",
    "source_id": "Woolworths - 1075884780",
    "barcode": null,
    "shop": "Woolworths",
    "weight": "100ML",
    "prices": [
      {
        "state": "NSW",
        "price": "6400",
        "price_per_unit": "18286",
        "price_unit": "ML"
      },
      {
        "state": "VIC",
        "price": "6400",
        "price_per_unit": "18286",
        "price_unit": "ML"
      },
      {
        "state": "QLD",
        "price": "6400",
        "price_per_unit": "18286",
        "price_unit": "ML"
      },
      {
        "state": "WA",
        "price": "6400",
        "price_per_unit": "18286",
        "price_unit": "ML"
      },
      {
        "state": "SA",
        "price": "6400",
        "price_per_unit": "18286",
        "price_unit": "ML"
      },
      {
        "state": "TAS",
        "price": "6400",
        "price_per_unit": "18286",
        "price_unit": "ML"
      },
      {
        "state": "ACT",
        "price": "6400",
        "price_per_unit": "18286",
        "price_unit": "ML"
      },
      {
        "state": "NT",
        "price": "6400",
        "price_per_unit": "18286",
        "price_unit": "ML"
      }
    ]
  },
  {
    "source_url": "https://www.woolworths.com.au/shop/productdetails/1074649964/bareminerals-poreless-oil-free-moisturizer-50ml-1-7oz",
    "name": "BareMinerals Poreless Oil-Free Moisturizer 50ml/1.7oz",
    "image_url": "https://cdn1.woolworths.media/content/wowproductimages/large/1074649964.jpg",
    "source_id": "Woolworths - 1074649964",
    "barcode": null,
    "shop": "Woolworths",
    "weight": "100ML",
    "prices": [
      {
        "state": "NSW",
        "price": "6500",
        "price_per_unit": "13000",
        "price_unit": "ML"
      },
      {
        "state": "VIC",
        "price": "6500",
        "price_per_unit": "13000",
        "price_unit": "ML"
      },
      {
        "state": "QLD",
        "price": "6500",
        "price_per_unit": "13000",
        "price_unit": "ML"
      },
      {
        "state": "WA",
        "price": "6500",
        "price_per_unit": "13000",
        "price_unit": "ML"
      },
      {
        "state": "SA",
        "price": "6500",
        "price_per_unit": "13000",
        "price_unit": "ML"
      },
      {
        "state": "TAS",
        "price": "6500",
        "price_per_unit": "13000",
        "price_unit": "ML"
      },
      {
        "state": "ACT",
        "price": "6500",
        "price_per_unit": "13000",
        "price_unit": "ML"
      },
      {
        "state": "NT",
        "price": "6500",
        "price_per_unit": "13000",
        "price_unit": "ML"
      }
    ]
  },
  {
    "source_url": "https://www.woolworths.com.au/shop/productdetails/1074713778/bareminerals-smoothness-bare-haven-soft-moisturizer-50g-1-7oz",
    "name": "BareMinerals Smoothness Bare Haven Soft Moisturizer 50g/1.7oz",
    "image_url": "https://cdn1.woolworths.media/content/wowproductimages/large/1074713778.jpg",
    "source_id": "Woolworths - 1074713778",
    "barcode": null,
    "shop": "Woolworths",
    "weight": "100ML",
    "prices": [
      {
        "state": "NSW",
        "price": "7595",
        "price_per_unit": "15190",
        "price_unit": "ML"
      },
      {
        "state": "VIC",
        "price": "7595",
        "price_per_unit": "15190",
        "price_unit": "ML"
      },
      {
        "state": "QLD",
        "price": "7595",
        "price_per_unit": "15190",
        "price_unit": "ML"
      },
      {
        "state": "WA",
        "price": "7595",
        "price_per_unit": "15190",
        "price_unit": "ML"
      },
      {
        "state": "SA",
        "price": "7595",
        "price_per_unit": "15190",
        "price_unit": "ML"
      },
      {
        "state": "TAS",
        "price": "7595",
        "price_per_unit": "15190",
        "price_unit": "ML"
      },
      {
        "state": "ACT",
        "price": "7595",
        "price_per_unit": "15190",
        "price_unit": "ML"
      },
      {
        "state": "NT",
        "price": "7595",
        "price_per_unit": "15190",
        "price_unit": "ML"
      }
    ]
  },
  {
    "source_url": "https://www.woolworths.com.au/shop/productdetails/1074649984/beauty-expert-by-natural-beauty-massage-essential-oil-3x18ml-0-6oz",
    "name": "Beauty Expert by Natural Beauty Massage Essential Oil 3x18ml/0.6oz",
    "image_url": "https://cdn1.woolworths.media/content/wowproductimages/large/1074649984.jpg",
    "source_id": "Woolworths - 1074649984",
    "barcode": null,
    "shop": "Woolworths",
    "weight": "100ML",
    "prices": [
      {
        "state": "NSW",
        "price": "5500",
        "price_per_unit": "30556",
        "price_unit": "ML"
      },
      {
        "state": "VIC",
        "price": "5500",
        "price_per_unit": "30556",
        "price_unit": "ML"
      },
      {
        "state": "QLD",
        "price": "5500",
        "price_per_unit": "30556",
        "price_unit": "ML"
      },
      {
        "state": "WA",
        "price": "5500",
        "price_per_unit": "30556",
        "price_unit": "ML"
      },
      {
        "state": "SA",
        "price": "5500",
        "price_per_unit": "30556",
        "price_unit": "ML"
      },
      {
        "state": "TAS",
        "price": "5500",
        "price_per_unit": "30556",
        "price_unit": "ML"
      },
      {
        "state": "ACT",
        "price": "5500",
        "price_per_unit": "30556",
        "price_unit": "ML"
      },
      {
        "state": "NT",
        "price": "5500",
        "price_per_unit": "30556",
        "price_unit": "ML"
      }
    ]
  },
  {
    "source_url": "https://www.woolworths.com.au/shop/productdetails/1075500796/beauty-of-joseon-dynasty-cream-2pcs-",
    "name": "BEAUTY OF JOSEON Dynasty Cream (2pcs)",
    "image_url": "https://cdn1.woolworths.media/content/wowproductimages/large/1075500796.jpg",
    "source_id": "Woolworths - 1075500796",
    "barcode": null,
    "shop": "Woolworths",
    "weight": "1EA",
    "prices": [
      {
        "state": "NSW",
        "price": "8330",
        "price_per_unit": "4165",
        "price_unit": "EA"
      },
      {
        "state": "VIC",
        "price": "8330",
        "price_per_unit": "4165",
        "price_unit": "EA"
      },
      {
        "state": "QLD",
        "price": "8330",
        "price_per_unit": "4165",
        "price_unit": "EA"
      },
      {
        "state": "WA",
        "price": "8330",
        "price_per_unit": "4165",
        "price_unit": "EA"
      },
      {
        "state": "SA",
        "price": "8330",
        "price_per_unit": "4165",
        "price_unit": "EA"
      },
      {
        "state": "TAS",
        "price": "8330",
        "price_per_unit": "4165",
        "price_unit": "EA"
      },
      {
        "state": "ACT",
        "price": "8330",
        "price_per_unit": "4165",
        "price_unit": "EA"
      },
      {
        "state": "NT",
        "price": "8330",
        "price_per_unit": "4165",
        "price_unit": "EA"
      }
    ]
  },
  {
    "source_url": "https://www.woolworths.com.au/shop/productdetails/1075500791/beauty-of-joseon-ginseng-essence-water-150ml-3pcs-",
    "name": "BEAUTY OF JOSEON Ginseng Essence Water 150ml (3pcs)",
    "image_url": "https://cdn1.woolworths.media/content/wowproductimages/large/1075500791.jpg",
    "source_id": "Woolworths - 1075500791",
    "barcode": null,
    "shop": "Woolworths",
    "weight": "1EA",
    "prices": [
      {
        "state": "NSW",
        "price": "9690",
        "price_per_unit": "3230",
        "price_unit": "EA"
      },
      {
        "state": "VIC",
        "price": "9690",
        "price_per_unit": "3230",
        "price_unit": "EA"
      },
      {
        "state": "QLD",
        "price": "9690",
        "price_per_unit": "3230",
        "price_unit": "EA"
      },
      {
        "state": "WA",
        "price": "9690",
        "price_per_unit": "3230",
        "price_unit": "EA"
      },
      {
        "state": "SA",
        "price": "9690",
        "price_per_unit": "3230",
        "price_unit": "EA"
      },
      {
        "state": "TAS",
        "price": "9690",
        "price_per_unit": "3230",
        "price_unit": "EA"
      },
      {
        "state": "ACT",
        "price": "9690",
        "price_per_unit": "3230",
        "price_unit": "EA"
      },
      {
        "state": "NT",
        "price": "9690",
        "price_per_unit": "3230",
        "price_unit": "EA"
      }
    ]
  },
  {
    "source_url": "https://www.woolworths.com.au/shop/productdetails/1075500794/beauty-of-joseon-glow-serum-propolis-niacinamide-3pcs-",
    "name": "BEAUTY OF JOSEON Glow Serum Propolis + Niacinamide (3pcs)",
    "image_url": "https://cdn1.woolworths.media/content/wowproductimages/large/1075500794.jpg",
    "source_id": "Woolworths - 1075500794",
    "barcode": null,
    "shop": "Woolworths",
    "weight": "1EA",
    "prices": [
      {
        "state": "NSW",
        "price": "9180",
        "price_per_unit": "3060",
        "price_unit": "EA"
      },
      {
        "state": "VIC",
        "price": "9180",
        "price_per_unit": "3060",
        "price_unit": "EA"
      },
      {
        "state": "QLD",
        "price": "9180",
        "price_per_unit": "3060",
        "price_unit": "EA"
      },
      {
        "state": "WA",
        "price": "9180",
        "price_per_unit": "3060",
        "price_unit": "EA"
      },
      {
        "state": "SA",
        "price": "9180",
        "price_per_unit": "3060",
        "price_unit": "EA"
      },
      {
        "state": "TAS",
        "price": "9180",
        "price_per_unit": "3060",
        "price_unit": "EA"
      },
      {
        "state": "ACT",
        "price": "9180",
        "price_per_unit": "3060",
        "price_unit": "EA"
      },
      {
        "state": "NT",
        "price": "9180",
        "price_per_unit": "3060",
        "price_unit": "EA"
      }
    ]
  },
  {
    "source_url": "https://www.woolworths.com.au/shop/productdetails/1075500700/beauty-of-joseon-hanbang-serum-discovery-kit-2pcs-",
    "name": "Beauty Of Joseon Hanbang Serum Discovery Kit (2pcs)",
    "image_url": "https://cdn1.woolworths.media/content/wowproductimages/large/1075500700.jpg",
    "source_id": "Woolworths - 1075500700",
    "barcode": null,
    "shop": "Woolworths",
    "weight": "1EA",
    "prices": [
      {
        "state": "NSW",
        "price": "9860",
        "price_per_unit": "4930",
        "price_unit": "EA"
      },
      {
        "state": "VIC",
        "price": "9860",
        "price_per_unit": "4930",
        "price_unit": "EA"
      },
      {
        "state": "QLD",
        "price": "9860",
        "price_per_unit": "4930",
        "price_unit": "EA"
      },
      {
        "state": "WA",
        "price": "9860",
        "price_per_unit": "4930",
        "price_unit": "EA"
      },
      {
        "state": "SA",
        "price": "9860",
        "price_per_unit": "4930",
        "price_unit": "EA"
      },
      {
        "state": "TAS",
        "price": "9860",
        "price_per_unit": "4930",
        "price_unit": "EA"
      },
      {
        "state": "ACT",
        "price": "9860",
        "price_per_unit": "4930",
        "price_unit": "EA"
      },
      {
        "state": "NT",
        "price": "9860",
        "price_per_unit": "4930",
        "price_unit": "EA"
      }
    ]
  },
  {
    "source_url": "https://www.woolworths.com.au/shop/productdetails/1074446447/beauty-of-joseon-red-bean-water-gel-100ml",
    "name": "Beauty Of Joseon Red Bean Water Gel 100ml",
    "image_url": "https://cdn1.woolworths.media/content/wowproductimages/large/1074446447.jpg",
    "source_id": "Woolworths - 1074446447",
    "barcode": null,
    "shop": "Woolworths",
    "weight": "100ML",
    "prices": [
      {
        "state": "NSW",
        "price": "3800",
        "price_per_unit": "3800",
        "price_unit": "ML"
      },
      {
        "state": "VIC",
        "price": "3800",
        "price_per_unit": "3800",
        "price_unit": "ML"
      },
      {
        "state": "QLD",
        "price": "3800",
        "price_per_unit": "3800",
        "price_unit": "ML"
      },
      {
        "state": "WA",
        "price": "3800",
        "price_per_unit": "3800",
        "price_unit": "ML"
      },
      {
        "state": "SA",
        "price": "3800",
        "price_per_unit": "3800",
        "price_unit": "ML"
      },
      {
        "state": "TAS",
        "price": "3800",
        "price_per_unit": "3800",
        "price_unit": "ML"
      },
      {
        "state": "ACT",
        "price": "3800",
        "price_per_unit": "3800",
        "price_unit": "ML"
      },
      {
        "state": "NT",
        "price": "3800",
        "price_per_unit": "3800",
        "price_unit": "ML"
      }
    ]
  },
  {
    "source_url": "https://www.woolworths.com.au/shop/productdetails/1075500793/beauty-of-joseon-revive-serum-ginseng-snail-mucin-3pcs-",
    "name": "BEAUTY OF JOSEON Revive Serum Ginseng + Snail Mucin (3pcs)",
    "image_url": "https://cdn1.woolworths.media/content/wowproductimages/large/1075500793.jpg",
    "source_id": "Woolworths - 1075500793",
    "barcode": null,
    "shop": "Woolworths",
    "weight": "1EA",
    "prices": [
      {
        "state": "NSW",
        "price": "9180",
        "price_per_unit": "3060",
        "price_unit": "EA"
      },
      {
        "state": "VIC",
        "price": "9180",
        "price_per_unit": "3060",
        "price_unit": "EA"
      },
      {
        "state": "QLD",
        "price": "9180",
        "price_per_unit": "3060",
        "price_unit": "EA"
      },
      {
        "state": "WA",
        "price": "9180",
        "price_per_unit": "3060",
        "price_unit": "EA"
      },
      {
        "state": "SA",
        "price": "9180",
        "price_per_unit": "3060",
        "price_unit": "EA"
      },
      {
        "state": "TAS",
        "price": "9180",
        "price_per_unit": "3060",
        "price_unit": "EA"
      },
      {
        "state": "ACT",
        "price": "9180",
        "price_per_unit": "3060",
        "price_unit": "EA"
      },
      {
        "state": "NT",
        "price": "9180",
        "price_per_unit": "3060",
        "price_unit": "EA"
      }
    ]
  },
  {
    "source_url": "https://www.woolworths.com.au/shop/productdetails/1075919190/belif-special-welcome-set",
    "name": "Belif Special Welcome Set",
    "image_url": "https://cdn1.woolworths.media/content/wowproductimages/large/1075919190.jpg",
    "source_id": "Woolworths - 1075919190",
    "barcode": null,
    "shop": "Woolworths",
    "weight": "1EA",
    "prices": [
      {
        "state": "NSW",
        "price": "9995",
        "price_per_unit": "9995",
        "price_unit": "EA"
      },
      {
        "state": "VIC",
        "price": "9995",
        "price_per_unit": "9995",
        "price_unit": "EA"
      },
      {
        "state": "QLD",
        "price": "9995",
        "price_per_unit": "9995",
        "price_unit": "EA"
      },
      {
        "state": "WA",
        "price": "9995",
        "price_per_unit": "9995",
        "price_unit": "EA"
      },
      {
        "state": "SA",
        "price": "9995",
        "price_per_unit": "9995",
        "price_unit": "EA"
      },
      {
        "state": "TAS",
        "price": "9995",
        "price_per_unit": "9995",
        "price_unit": "EA"
      },
      {
        "state": "ACT",
        "price": "9995",
        "price_per_unit": "9995",
        "price_unit": "EA"
      },
      {
        "state": "NT",
        "price": "9995",
        "price_per_unit": "9995",
        "price_unit": "EA"
      }
    ]
  },
  {
    "source_url": "https://www.woolworths.com.au/shop/productdetails/1073955850/belleza-ideal-crema-solar-50-ml-stock-clearance-sale",
    "name": "Belleza Ideal Crema Solar 50 ml - Stock clearance Sale",
    "image_url": "https://cdn1.woolworths.media/content/wowproductimages/large/1073955850.jpg",
    "source_id": "Woolworths - 1073955850",
    "barcode": null,
    "shop": "Woolworths",
    "weight": "100ML",
    "prices": [
      {
        "state": "NSW",
        "price": "2250",
        "price_per_unit": "4500",
        "price_unit": "ML"
      },
      {
        "state": "VIC",
        "price": "2250",
        "price_per_unit": "4500",
        "price_unit": "ML"
      },
      {
        "state": "QLD",
        "price": "2250",
        "price_per_unit": "4500",
        "price_unit": "ML"
      },
      {
        "state": "WA",
        "price": "2250",
        "price_per_unit": "4500",
        "price_unit": "ML"
      },
      {
        "state": "SA",
        "price": "2250",
        "price_per_unit": "4500",
        "price_unit": "ML"
      },
      {
        "state": "TAS",
        "price": "2250",
        "price_per_unit": "4500",
        "price_unit": "ML"
      },
      {
        "state": "ACT",
        "price": "2250",
        "price_per_unit": "4500",
        "price_unit": "ML"
      },
      {
        "state": "NT",
        "price": "2250",
        "price_per_unit": "4500",
        "price_unit": "ML"
      }
    ]
  },
  {
    "source_url": "https://www.woolworths.com.au/shop/productdetails/1073955854/belleza-ideal-hidratante-ampoule-cream-70ml-stock-clearance-sale",
    "name": "Belleza Ideal Hidratante Ampoule Cream 70ml - Stock Clearance Sale",
    "image_url": "https://cdn1.woolworths.media/content/wowproductimages/large/1073955854.jpg",
    "source_id": "Woolworths - 1073955854",
    "barcode": null,
    "shop": "Woolworths",
    "weight": "100ML",
    "prices": [
      {
        "state": "NSW",
        "price": "3750",
        "price_per_unit": "5357",
        "price_unit": "ML"
      },
      {
        "state": "VIC",
        "price": "3750",
        "price_per_unit": "5357",
        "price_unit": "ML"
      },
      {
        "state": "QLD",
        "price": "3750",
        "price_per_unit": "5357",
        "price_unit": "ML"
      },
      {
        "state": "WA",
        "price": "3750",
        "price_per_unit": "5357",
        "price_unit": "ML"
      },
      {
        "state": "SA",
        "price": "3750",
        "price_per_unit": "5357",
        "price_unit": "ML"
      },
      {
        "state": "TAS",
        "price": "3750",
        "price_per_unit": "5357",
        "price_unit": "ML"
      },
      {
        "state": "ACT",
        "price": "3750",
        "price_per_unit": "5357",
        "price_unit": "ML"
      },
      {
        "state": "NT",
        "price": "3750",
        "price_per_unit": "5357",
        "price_unit": "ML"
      }
    ]
  },
  {
    "source_url": "https://www.woolworths.com.au/shop/productdetails/1075481527/benzac-daily-facial-moisturiser-118ml",
    "name": "Benzac Daily Facial Moisturiser 118ml",
    "image_url": "https://cdn1.woolworths.media/content/wowproductimages/large/1075481527.jpg",
    "source_id": "Woolworths - 1075481527",
    "barcode": null,
    "shop": "Woolworths",
    "weight": "100ML",
    "prices": [
      {
        "state": "NSW",
        "price": "2059",
        "price_per_unit": "1745",
        "price_unit": "ML"
      },
      {
        "state": "VIC",
        "price": "2059",
        "price_per_unit": "1745",
        "price_unit": "ML"
      },
      {
        "state": "QLD",
        "price": "2059",
        "price_per_unit": "1745",
        "price_unit": "ML"
      },
      {
        "state": "WA",
        "price": "2059",
        "price_per_unit": "1745",
        "price_unit": "ML"
      },
      {
        "state": "SA",
        "price": "2059",
        "price_per_unit": "1745",
        "price_unit": "ML"
      },
      {
        "state": "TAS",
        "price": "2059",
        "price_per_unit": "1745",
        "price_unit": "ML"
      },
      {
        "state": "ACT",
        "price": "2059",
        "price_per_unit": "1745",
        "price_unit": "ML"
      },
      {
        "state": "NT",
        "price": "2059",
        "price_per_unit": "1745",
        "price_unit": "ML"
      }
    ]
  },
  {
    "source_url": "https://www.woolworths.com.au/shop/productdetails/1075478419/benzac-microbiome-equalising-moisturiser-50ml",
    "name": "Benzac Microbiome Equalising Moisturiser 50ml",
    "image_url": "https://cdn1.woolworths.media/content/wowproductimages/large/1075478419.jpg",
    "source_id": "Woolworths - 1075478419",
    "barcode": null,
    "shop": "Woolworths",
    "weight": "100ML",
    "prices": [
      {
        "state": "NSW",
        "price": "2469",
        "price_per_unit": "4938",
        "price_unit": "ML"
      },
      {
        "state": "VIC",
        "price": "2469",
        "price_per_unit": "4938",
        "price_unit": "ML"
      },
      {
        "state": "QLD",
        "price": "2469",
        "price_per_unit": "4938",
        "price_unit": "ML"
      },
      {
        "state": "WA",
        "price": "2469",
        "price_per_unit": "4938",
        "price_unit": "ML"
      },
      {
        "state": "SA",
        "price": "2469",
        "price_per_unit": "4938",
        "price_unit": "ML"
      },
      {
        "state": "TAS",
        "price": "2469",
        "price_per_unit": "4938",
        "price_unit": "ML"
      },
      {
        "state": "ACT",
        "price": "2469",
        "price_per_unit": "4938",
        "price_unit": "ML"
      },
      {
        "state": "NT",
        "price": "2469",
        "price_per_unit": "4938",
        "price_unit": "ML"
      }
    ]
  },
  {
    "source_url": "https://www.woolworths.com.au/shop/productdetails/1075481096/bio-oil-dry-skin-gel-100ml",
    "name": "Bio Oil Dry Skin Gel 100ml",
    "image_url": "https://cdn1.woolworths.media/content/wowproductimages/large/1075481096.jpg",
    "source_id": "Woolworths - 1075481096",
    "barcode": null,
    "shop": "Woolworths",
    "weight": "100ML",
    "prices": [
      {
        "state": "NSW",
        "price": "1345",
        "price_per_unit": "1345",
        "price_unit": "ML"
      },
      {
        "state": "VIC",
        "price": "1345",
        "price_per_unit": "1345",
        "price_unit": "ML"
      },
      {
        "state": "QLD",
        "price": "1345",
        "price_per_unit": "1345",
        "price_unit": "ML"
      },
      {
        "state": "WA",
        "price": "1345",
        "price_per_unit": "1345",
        "price_unit": "ML"
      },
      {
        "state": "SA",
        "price": "1345",
        "price_per_unit": "1345",
        "price_unit": "ML"
      },
      {
        "state": "TAS",
        "price": "1345",
        "price_per_unit": "1345",
        "price_unit": "ML"
      },
      {
        "state": "ACT",
        "price": "1345",
        "price_per_unit": "1345",
        "price_unit": "ML"
      },
      {
        "state": "NT",
        "price": "1345",
        "price_per_unit": "1345",
        "price_unit": "ML"
      }
    ]
  },
  {
    "source_url": "https://www.woolworths.com.au/shop/productdetails/1075481002/bio-oil-dry-skin-gel-200ml",
    "name": "Bio Oil Dry Skin Gel 200ml",
    "image_url": "https://cdn1.woolworths.media/content/wowproductimages/large/1075481002.jpg",
    "source_id": "Woolworths - 1075481002",
    "barcode": null,
    "shop": "Woolworths",
    "weight": "100ML",
    "prices": [
      {
        "state": "NSW",
        "price": "2195",
        "price_per_unit": "1098",
        "price_unit": "ML"
      },
      {
        "state": "VIC",
        "price": "2195",
        "price_per_unit": "1098",
        "price_unit": "ML"
      },
      {
        "state": "QLD",
        "price": "2195",
        "price_per_unit": "1098",
        "price_unit": "ML"
      },
      {
        "state": "WA",
        "price": "2195",
        "price_per_unit": "1098",
        "price_unit": "ML"
      },
      {
        "state": "SA",
        "price": "2195",
        "price_per_unit": "1098",
        "price_unit": "ML"
      },
      {
        "state": "TAS",
        "price": "2195",
        "price_per_unit": "1098",
        "price_unit": "ML"
      },
      {
        "state": "ACT",
        "price": "2195",
        "price_per_unit": "1098",
        "price_unit": "ML"
      },
      {
        "state": "NT",
        "price": "2195",
        "price_per_unit": "1098",
        "price_unit": "ML"
      }
    ]
  },
  {
    "source_url": "https://www.woolworths.com.au/shop/productdetails/1075599207/bioderma-cicabio-pommade-soothing-repairing-ointment-for-damaged-skin-40ml",
    "name": "Bioderma Cicabio Pommade Soothing Repairing Ointment for Damaged Skin 40mL",
    "image_url": "https://cdn1.woolworths.media/content/wowproductimages/large/1075599207.jpg",
    "source_id": "Woolworths - 1075599207",
    "barcode": null,
    "shop": "Woolworths",
    "weight": "100ML",
    "prices": [
      {
        "state": "NSW",
        "price": "2799",
        "price_per_unit": "6998",
        "price_unit": "ML"
      },
      {
        "state": "VIC",
        "price": "2799",
        "price_per_unit": "6998",
        "price_unit": "ML"
      },
      {
        "state": "QLD",
        "price": "2799",
        "price_per_unit": "6998",
        "price_unit": "ML"
      },
      {
        "state": "WA",
        "price": "2799",
        "price_per_unit": "6998",
        "price_unit": "ML"
      },
      {
        "state": "SA",
        "price": "2799",
        "price_per_unit": "6998",
        "price_unit": "ML"
      },
      {
        "state": "TAS",
        "price": "2799",
        "price_per_unit": "6998",
        "price_unit": "ML"
      },
      {
        "state": "ACT",
        "price": "2799",
        "price_per_unit": "6998",
        "price_unit": "ML"
      },
      {
        "state": "NT",
        "price": "2799",
        "price_per_unit": "6998",
        "price_unit": "ML"
      }
    ]
  },
  {
    "source_url": "https://www.woolworths.com.au/shop/productdetails/1074452404/bioheal-boh-probioderm-lifting-collagen-stick-10g",
    "name": "BIOHEAL BOH Probioderm Lifting Collagen Stick 10g",
    "image_url": "https://cdn1.woolworths.media/content/wowproductimages/large/1074452404.jpg",
    "source_id": "Woolworths - 1074452404",
    "barcode": null,
    "shop": "Woolworths",
    "weight": "100G",
    "prices": [
      {
        "state": "NSW",
        "price": "6300",
        "price_per_unit": "63000",
        "price_unit": "G"
      },
      {
        "state": "VIC",
        "price": "6300",
        "price_per_unit": "63000",
        "price_unit": "G"
      },
      {
        "state": "QLD",
        "price": "6300",
        "price_per_unit": "63000",
        "price_unit": "G"
      },
      {
        "state": "WA",
        "price": "6300",
        "price_per_unit": "63000",
        "price_unit": "G"
      },
      {
        "state": "SA",
        "price": "6300",
        "price_per_unit": "63000",
        "price_unit": "G"
      },
      {
        "state": "TAS",
        "price": "6300",
        "price_per_unit": "63000",
        "price_unit": "G"
      },
      {
        "state": "ACT",
        "price": "6300",
        "price_per_unit": "63000",
        "price_unit": "G"
      },
      {
        "state": "NT",
        "price": "6300",
        "price_per_unit": "63000",
        "price_unit": "G"
      }
    ]
  },
  {
    "source_url": "https://www.woolworths.com.au/shop/productdetails/1074452459/bioheal-boh-probioderm-repair-emulsion-150ml",
    "name": "BIOHEAL BOH Probioderm Repair Emulsion 150ml",
    "image_url": "https://cdn1.woolworths.media/content/wowproductimages/large/1074452459.jpg",
    "source_id": "Woolworths - 1074452459",
    "barcode": null,
    "shop": "Woolworths",
    "weight": "100ML",
    "prices": [
      {
        "state": "NSW",
        "price": "6400",
        "price_per_unit": "4267",
        "price_unit": "ML"
      },
      {
        "state": "VIC",
        "price": "6400",
        "price_per_unit": "4267",
        "price_unit": "ML"
      },
      {
        "state": "QLD",
        "price": "6400",
        "price_per_unit": "4267",
        "price_unit": "ML"
      },
      {
        "state": "WA",
        "price": "6400",
        "price_per_unit": "4267",
        "price_unit": "ML"
      },
      {
        "state": "SA",
        "price": "6400",
        "price_per_unit": "4267",
        "price_unit": "ML"
      },
      {
        "state": "TAS",
        "price": "6400",
        "price_per_unit": "4267",
        "price_unit": "ML"
      },
      {
        "state": "ACT",
        "price": "6400",
        "price_per_unit": "4267",
        "price_unit": "ML"
      },
      {
        "state": "NT",
        "price": "6400",
        "price_per_unit": "4267",
        "price_unit": "ML"
      }
    ]
  },
  {
    "source_url": "https://www.woolworths.com.au/shop/productdetails/1074452456/bioheal-boh-probioderm-repair-skin-softner-150ml",
    "name": "BIOHEAL BOH Probioderm Repair Skin Softner 150ml",
    "image_url": "https://cdn1.woolworths.media/content/wowproductimages/large/1074452456.jpg",
    "source_id": "Woolworths - 1074452456",
    "barcode": null,
    "shop": "Woolworths",
    "weight": "100ML",
    "prices": [
      {
        "state": "NSW",
        "price": "5400",
        "price_per_unit": "3600",
        "price_unit": "ML"
      },
      {
        "state": "VIC",
        "price": "5400",
        "price_per_unit": "3600",
        "price_unit": "ML"
      },
      {
        "state": "QLD",
        "price": "5400",
        "price_per_unit": "3600",
        "price_unit": "ML"
      },
      {
        "state": "WA",
        "price": "5400",
        "price_per_unit": "3600",
        "price_unit": "ML"
      },
      {
        "state": "SA",
        "price": "5400",
        "price_per_unit": "3600",
        "price_unit": "ML"
      },
      {
        "state": "TAS",
        "price": "5400",
        "price_per_unit": "3600",
        "price_unit": "ML"
      },
      {
        "state": "ACT",
        "price": "5400",
        "price_per_unit": "3600",
        "price_unit": "ML"
      },
      {
        "state": "NT",
        "price": "5400",
        "price_per_unit": "3600",
        "price_unit": "ML"
      }
    ]
  },
  {
    "source_url": "https://www.woolworths.com.au/shop/productdetails/1074452464/bioheal-boh-vitamin-hyaluronic-emulsion-150ml",
    "name": "BIOHEAL BOH Vitamin Hyaluronic Emulsion 150ml",
    "image_url": "https://cdn1.woolworths.media/content/wowproductimages/large/1074452464.jpg",
    "source_id": "Woolworths - 1074452464",
    "barcode": null,
    "shop": "Woolworths",
    "weight": "100ML",
    "prices": [
      {
        "state": "NSW",
        "price": "5000",
        "price_per_unit": "3333",
        "price_unit": "ML"
      },
      {
        "state": "VIC",
        "price": "5000",
        "price_per_unit": "3333",
        "price_unit": "ML"
      },
      {
        "state": "QLD",
        "price": "5000",
        "price_per_unit": "3333",
        "price_unit": "ML"
      },
      {
        "state": "WA",
        "price": "5000",
        "price_per_unit": "3333",
        "price_unit": "ML"
      },
      {
        "state": "SA",
        "price": "5000",
        "price_per_unit": "3333",
        "price_unit": "ML"
      },
      {
        "state": "TAS",
        "price": "5000",
        "price_per_unit": "3333",
        "price_unit": "ML"
      },
      {
        "state": "ACT",
        "price": "5000",
        "price_per_unit": "3333",
        "price_unit": "ML"
      },
      {
        "state": "NT",
        "price": "5000",
        "price_per_unit": "3333",
        "price_unit": "ML"
      }
    ]
  },
  {
    "source_url": "https://www.woolworths.com.au/shop/productdetails/1074452405/bioheal-boh-vitamin-toning-all-in-one-essence-120ml",
    "name": "BIOHEAL BOH Vitamin Toning All in One Essence 120ml",
    "image_url": "https://cdn1.woolworths.media/content/wowproductimages/large/1074452405.jpg",
    "source_id": "Woolworths - 1074452405",
    "barcode": null,
    "shop": "Woolworths",
    "weight": "100ML",
    "prices": [
      {
        "state": "NSW",
        "price": "6300",
        "price_per_unit": "5250",
        "price_unit": "ML"
      },
      {
        "state": "VIC",
        "price": "6300",
        "price_per_unit": "5250",
        "price_unit": "ML"
      },
      {
        "state": "QLD",
        "price": "6300",
        "price_per_unit": "5250",
        "price_unit": "ML"
      },
      {
        "state": "WA",
        "price": "6300",
        "price_per_unit": "5250",
        "price_unit": "ML"
      },
      {
        "state": "SA",
        "price": "6300",
        "price_per_unit": "5250",
        "price_unit": "ML"
      },
      {
        "state": "TAS",
        "price": "6300",
        "price_per_unit": "5250",
        "price_unit": "ML"
      },
      {
        "state": "ACT",
        "price": "6300",
        "price_per_unit": "5250",
        "price_unit": "ML"
      },
      {
        "state": "NT",
        "price": "6300",
        "price_per_unit": "5250",
        "price_unit": "ML"
      }
    ]
  },
  {
    "source_url": "https://www.woolworths.com.au/shop/productdetails/1074658984/biome-be-unity-light-natural-face-cream-100ml-unscented",
    "name": "Biome Be.UNITY Light Natural Face Cream 100ml - Unscented",
    "image_url": "https://cdn1.woolworths.media/content/wowproductimages/large/1074658984.jpg",
    "source_id": "Woolworths - 1074658984",
    "barcode": null,
    "shop": "Woolworths",
    "weight": "1EA",
    "prices": [
      {
        "state": "NSW",
        "price": "4895",
        "price_per_unit": "4895",
        "price_unit": "EA"
      },
      {
        "state": "VIC",
        "price": "4895",
        "price_per_unit": "4895",
        "price_unit": "EA"
      },
      {
        "state": "QLD",
        "price": "4895",
        "price_per_unit": "4895",
        "price_unit": "EA"
      },
      {
        "state": "WA",
        "price": "4895",
        "price_per_unit": "4895",
        "price_unit": "EA"
      },
      {
        "state": "SA",
        "price": "4895",
        "price_per_unit": "4895",
        "price_unit": "EA"
      },
      {
        "state": "TAS",
        "price": "4895",
        "price_per_unit": "4895",
        "price_unit": "EA"
      },
      {
        "state": "ACT",
        "price": "4895",
        "price_per_unit": "4895",
        "price_unit": "EA"
      },
      {
        "state": "NT",
        "price": "4895",
        "price_per_unit": "4895",
        "price_unit": "EA"
      }
    ]
  },
  {
    "source_url": "https://www.woolworths.com.au/shop/productdetails/1075919214/biotherm-life-plankton-clear-essence-200ml",
    "name": "Biotherm Life Plankton Clear Essence 200ml",
    "image_url": "https://cdn1.woolworths.media/content/wowproductimages/large/1075919214.jpg",
    "source_id": "Woolworths - 1075919214",
    "barcode": null,
    "shop": "Woolworths",
    "weight": "100ML",
    "prices": [
      {
        "state": "NSW",
        "price": "13000",
        "price_per_unit": "6500",
        "price_unit": "ML"
      },
      {
        "state": "VIC",
        "price": "13000",
        "price_per_unit": "6500",
        "price_unit": "ML"
      },
      {
        "state": "QLD",
        "price": "13000",
        "price_per_unit": "6500",
        "price_unit": "ML"
      },
      {
        "state": "WA",
        "price": "13000",
        "price_per_unit": "6500",
        "price_unit": "ML"
      },
      {
        "state": "SA",
        "price": "13000",
        "price_per_unit": "6500",
        "price_unit": "ML"
      },
      {
        "state": "TAS",
        "price": "13000",
        "price_per_unit": "6500",
        "price_unit": "ML"
      },
      {
        "state": "ACT",
        "price": "13000",
        "price_per_unit": "6500",
        "price_unit": "ML"
      },
      {
        "state": "NT",
        "price": "13000",
        "price_per_unit": "6500",
        "price_unit": "ML"
      }
    ]
  },
  {
    "source_url": "https://www.woolworths.com.au/shop/productdetails/1074650185/bobbi-brown-vitamin-enriched-face-base-50ml-1-7oz",
    "name": "Bobbi Brown Vitamin Enriched Face Base 50ml/1.7oz",
    "image_url": "https://cdn1.woolworths.media/content/wowproductimages/large/1074650185.jpg",
    "source_id": "Woolworths - 1074650185",
    "barcode": null,
    "shop": "Woolworths",
    "weight": "100ML",
    "prices": [
      {
        "state": "NSW",
        "price": "10600",
        "price_per_unit": "21200",
        "price_unit": "ML"
      },
      {
        "state": "VIC",
        "price": "10600",
        "price_per_unit": "21200",
        "price_unit": "ML"
      },
      {
        "state": "QLD",
        "price": "10600",
        "price_per_unit": "21200",
        "price_unit": "ML"
      },
      {
        "state": "WA",
        "price": "10600",
        "price_per_unit": "21200",
        "price_unit": "ML"
      },
      {
        "state": "SA",
        "price": "10600",
        "price_per_unit": "21200",
        "price_unit": "ML"
      },
      {
        "state": "TAS",
        "price": "10600",
        "price_per_unit": "21200",
        "price_unit": "ML"
      },
      {
        "state": "ACT",
        "price": "10600",
        "price_per_unit": "21200",
        "price_unit": "ML"
      },
      {
        "state": "NT",
        "price": "10600",
        "price_per_unit": "21200",
        "price_unit": "ML"
      }
    ]
  },
  {
    "source_url": "https://www.woolworths.com.au/shop/productdetails/1074737208/bondi-sands-hydra-uv-protect-spf-50-face-lotion-50ml-x-3",
    "name": "Bondi Sands Hydra UV Protect SPF 50+ Face Lotion 50mL x 3",
    "image_url": "https://cdn1.woolworths.media/content/wowproductimages/large/1074737208.jpg",
    "source_id": "Woolworths - 1074737208",
    "barcode": null,
    "shop": "Woolworths",
    "weight": "1EA",
    "prices": [
      {
        "state": "NSW",
        "price": "2695",
        "price_per_unit": "898",
        "price_unit": "EA"
      },
      {
        "state": "VIC",
        "price": "2695",
        "price_per_unit": "898",
        "price_unit": "EA"
      },
      {
        "state": "QLD",
        "price": "2695",
        "price_per_unit": "898",
        "price_unit": "EA"
      },
      {
        "state": "WA",
        "price": "2695",
        "price_per_unit": "898",
        "price_unit": "EA"
      },
      {
        "state": "SA",
        "price": "2695",
        "price_per_unit": "898",
        "price_unit": "EA"
      },
      {
        "state": "TAS",
        "price": "2695",
        "price_per_unit": "898",
        "price_unit": "EA"
      },
      {
        "state": "ACT",
        "price": "2695",
        "price_per_unit": "898",
        "price_unit": "EA"
      },
      {
        "state": "NT",
        "price": "2695",
        "price_per_unit": "898",
        "price_unit": "EA"
      }
    ]
  },
  {
    "source_url": "https://www.woolworths.com.au/shop/productdetails/1074131790/botani-intensive-moisturiser-olive-repair-cream-day-night-moisturiser-120g",
    "name": "Botani (Intensive Moisturiser) Olive Repair Cream Day/Night Moisturiser 120g",
    "image_url": "https://cdn1.woolworths.media/content/wowproductimages/large/1074131790.jpg",
    "source_id": "Woolworths - 1074131790",
    "barcode": null,
    "shop": "Woolworths",
    "weight": "100G",
    "prices": [
      {
        "state": "NSW",
        "price": "10340",
        "price_per_unit": "8617",
        "price_unit": "G"
      },
      {
        "state": "VIC",
        "price": "10340",
        "price_per_unit": "8617",
        "price_unit": "G"
      },
      {
        "state": "QLD",
        "price": "10340",
        "price_per_unit": "8617",
        "price_unit": "G"
      },
      {
        "state": "WA",
        "price": "10340",
        "price_per_unit": "8617",
        "price_unit": "G"
      },
      {
        "state": "SA",
        "price": "10340",
        "price_per_unit": "8617",
        "price_unit": "G"
      },
      {
        "state": "TAS",
        "price": "10340",
        "price_per_unit": "8617",
        "price_unit": "G"
      },
      {
        "state": "ACT",
        "price": "10340",
        "price_per_unit": "8617",
        "price_unit": "G"
      },
      {
        "state": "NT",
        "price": "10340",
        "price_per_unit": "8617",
        "price_unit": "G"
      }
    ]
  },
  {
    "source_url": "https://www.woolworths.com.au/shop/productdetails/1074131791/botani-coconut-glow-body-hair-oil-125ml",
    "name": "Botani Coconut Glow Body & Hair Oil 125ml",
    "image_url": "https://cdn1.woolworths.media/content/wowproductimages/large/1074131791.jpg",
    "source_id": "Woolworths - 1074131791",
    "barcode": null,
    "shop": "Woolworths",
    "weight": "100ML",
    "prices": [
      {
        "state": "NSW",
        "price": "8140",
        "price_per_unit": "6512",
        "price_unit": "ML"
      },
      {
        "state": "VIC",
        "price": "8140",
        "price_per_unit": "6512",
        "price_unit": "ML"
      },
      {
        "state": "QLD",
        "price": "8140",
        "price_per_unit": "6512",
        "price_unit": "ML"
      },
      {
        "state": "WA",
        "price": "8140",
        "price_per_unit": "6512",
        "price_unit": "ML"
      },
      {
        "state": "SA",
        "price": "8140",
        "price_per_unit": "6512",
        "price_unit": "ML"
      },
      {
        "state": "TAS",
        "price": "8140",
        "price_per_unit": "6512",
        "price_unit": "ML"
      },
      {
        "state": "ACT",
        "price": "8140",
        "price_per_unit": "6512",
        "price_unit": "ML"
      },
      {
        "state": "NT",
        "price": "8140",
        "price_per_unit": "6512",
        "price_unit": "ML"
      }
    ]
  },
  {
    "source_url": "https://www.woolworths.com.au/shop/productdetails/1074131793/botani-phytobody-wash-gentle-moisturising-250ml",
    "name": "Botani PhytoBody Wash (Gentle + Moisturising) 250ml",
    "image_url": "https://cdn1.woolworths.media/content/wowproductimages/large/1074131793.jpg",
    "source_id": "Woolworths - 1074131793",
    "barcode": null,
    "shop": "Woolworths",
    "weight": "100ML",
    "prices": [
      {
        "state": "NSW",
        "price": "6930",
        "price_per_unit": "2772",
        "price_unit": "ML"
      },
      {
        "state": "VIC",
        "price": "6930",
        "price_per_unit": "2772",
        "price_unit": "ML"
      },
      {
        "state": "QLD",
        "price": "6930",
        "price_per_unit": "2772",
        "price_unit": "ML"
      },
      {
        "state": "WA",
        "price": "6930",
        "price_per_unit": "2772",
        "price_unit": "ML"
      },
      {
        "state": "SA",
        "price": "6930",
        "price_per_unit": "2772",
        "price_unit": "ML"
      },
      {
        "state": "TAS",
        "price": "6930",
        "price_per_unit": "2772",
        "price_unit": "ML"
      },
      {
        "state": "ACT",
        "price": "6930",
        "price_per_unit": "2772",
        "price_unit": "ML"
      },
      {
        "state": "NT",
        "price": "6930",
        "price_per_unit": "2772",
        "price_unit": "ML"
      }
    ]
  },
  {
    "source_url": "https://www.woolworths.com.au/shop/productdetails/1075479984/brut-original-splash-on-refreshing-200ml",
    "name": "Brut Original Splash On Refreshing 200ml",
    "image_url": "https://cdn1.woolworths.media/content/wowproductimages/large/1075479984.jpg",
    "source_id": "Woolworths - 1075479984",
    "barcode": null,
    "shop": "Woolworths",
    "weight": "100ML",
    "prices": [
      {
        "state": "NSW",
        "price": "995",
        "price_per_unit": "498",
        "price_unit": "ML"
      },
      {
        "state": "VIC",
        "price": "995",
        "price_per_unit": "498",
        "price_unit": "ML"
      },
      {
        "state": "QLD",
        "price": "995",
        "price_per_unit": "498",
        "price_unit": "ML"
      },
      {
        "state": "WA",
        "price": "995",
        "price_per_unit": "498",
        "price_unit": "ML"
      },
      {
        "state": "SA",
        "price": "995",
        "price_per_unit": "498",
        "price_unit": "ML"
      },
      {
        "state": "TAS",
        "price": "995",
        "price_per_unit": "498",
        "price_unit": "ML"
      },
      {
        "state": "ACT",
        "price": "995",
        "price_per_unit": "498",
        "price_unit": "ML"
      },
      {
        "state": "NT",
        "price": "995",
        "price_per_unit": "498",
        "price_unit": "ML"
      }
    ]
  },
  {
    "source_url": "https://www.woolworths.com.au/shop/productdetails/1074575282/burt-s-bees-almond-milk-hand-cream-57g",
    "name": "Burt's Bees Almond & Milk Hand Cream 57g",
    "image_url": "https://cdn1.woolworths.media/content/wowproductimages/large/1074575282.jpg",
    "source_id": "Woolworths - 1074575282",
    "barcode": null,
    "shop": "Woolworths",
    "weight": "100G",
    "prices": [
      {
        "state": "NSW",
        "price": "2100",
        "price_per_unit": "3684",
        "price_unit": "G"
      },
      {
        "state": "VIC",
        "price": "2100",
        "price_per_unit": "3684",
        "price_unit": "G"
      },
      {
        "state": "QLD",
        "price": "1470",
        "price_per_unit": "2579",
        "price_unit": "G"
      },
      {
        "state": "WA",
        "price": "1470",
        "price_per_unit": "2579",
        "price_unit": "G"
      },
      {
        "state": "SA",
        "price": "1470",
        "price_per_unit": "2579",
        "price_unit": "G"
      },
      {
        "state": "TAS",
        "price": "1470",
        "price_per_unit": "2579",
        "price_unit": "G"
      },
      {
        "state": "ACT",
        "price": "1470",
        "price_per_unit": "2579",
        "price_unit": "G"
      },
      {
        "state": "NT",
        "price": "1470",
        "price_per_unit": "2579",
        "price_unit": "G"
      }
    ]
  },
  {
    "source_url": "https://www.woolworths.com.au/shop/productdetails/1074131857/burt-s-bees-burt-s-bees-moisturising-lip-balm-mango-4-25g",
    "name": "Burt's Bees Burt's Bees Moisturising Lip Balm Mango 4.25g",
    "image_url": "https://cdn1.woolworths.media/content/wowproductimages/large/1074131857.jpg",
    "source_id": "Woolworths - 1074131857",
    "barcode": null,
    "shop": "Woolworths",
    "weight": "100G",
    "prices": [
      {
        "state": "NSW",
        "price": "4840",
        "price_per_unit": "113882",
        "price_unit": "G"
      },
      {
        "state": "VIC",
        "price": "4840",
        "price_per_unit": "113882",
        "price_unit": "G"
      },
      {
        "state": "QLD",
        "price": "4840",
        "price_per_unit": "113882",
        "price_unit": "G"
      },
      {
        "state": "WA",
        "price": "4840",
        "price_per_unit": "113882",
        "price_unit": "G"
      },
      {
        "state": "SA",
        "price": "4840",
        "price_per_unit": "113882",
        "price_unit": "G"
      },
      {
        "state": "TAS",
        "price": "4840",
        "price_per_unit": "113882",
        "price_unit": "G"
      },
      {
        "state": "ACT",
        "price": "4840",
        "price_per_unit": "113882",
        "price_unit": "G"
      },
      {
        "state": "NT",
        "price": "4840",
        "price_per_unit": "113882",
        "price_unit": "G"
      }
    ]
  },
  {
    "source_url": "https://www.woolworths.com.au/shop/productdetails/1074137927/burt-s-bees-burt-s-bees-sensitive-solutions-calming-day-lotion-50g",
    "name": "Burt's Bees Burt's Bees Sensitive Solutions Calming Day Lotion 50g",
    "image_url": "https://cdn1.woolworths.media/content/wowproductimages/large/1074137927.jpg",
    "source_id": "Woolworths - 1074137927",
    "barcode": null,
    "shop": "Woolworths",
    "weight": "100G",
    "prices": [
      {
        "state": "NSW",
        "price": "7920",
        "price_per_unit": "15840",
        "price_unit": "G"
      },
      {
        "state": "VIC",
        "price": "7920",
        "price_per_unit": "15840",
        "price_unit": "G"
      },
      {
        "state": "QLD",
        "price": "7920",
        "price_per_unit": "15840",
        "price_unit": "G"
      },
      {
        "state": "WA",
        "price": "7920",
        "price_per_unit": "15840",
        "price_unit": "G"
      },
      {
        "state": "SA",
        "price": "7920",
        "price_per_unit": "15840",
        "price_unit": "G"
      },
      {
        "state": "TAS",
        "price": "7920",
        "price_per_unit": "15840",
        "price_unit": "G"
      },
      {
        "state": "ACT",
        "price": "7920",
        "price_per_unit": "15840",
        "price_unit": "G"
      },
      {
        "state": "NT",
        "price": "7920",
        "price_per_unit": "15840",
        "price_unit": "G"
      }
    ]
  },
  {
    "source_url": "https://www.woolworths.com.au/shop/productdetails/1075707957/burt-s-bees-sensitive-solutions-calming-day-lotion-51g-x-3",
    "name": "Burt's Bees Sensitive Solutions Calming Day Lotion 51g x 3",
    "image_url": "https://cdn1.woolworths.media/content/wowproductimages/large/1075707957.jpg",
    "source_id": "Woolworths - 1075707957",
    "barcode": null,
    "shop": "Woolworths",
    "weight": "1EA",
    "prices": [
      {
        "state": "NSW",
        "price": "5400",
        "price_per_unit": "1800",
        "price_unit": "EA"
      },
      {
        "state": "VIC",
        "price": "5400",
        "price_per_unit": "1800",
        "price_unit": "EA"
      },
      {
        "state": "QLD",
        "price": "5400",
        "price_per_unit": "1800",
        "price_unit": "EA"
      },
      {
        "state": "WA",
        "price": "5400",
        "price_per_unit": "1800",
        "price_unit": "EA"
      },
      {
        "state": "SA",
        "price": "5400",
        "price_per_unit": "1800",
        "price_unit": "EA"
      },
      {
        "state": "TAS",
        "price": "5400",
        "price_per_unit": "1800",
        "price_unit": "EA"
      },
      {
        "state": "ACT",
        "price": "5400",
        "price_per_unit": "1800",
        "price_unit": "EA"
      },
      {
        "state": "NT",
        "price": "5400",
        "price_per_unit": "1800",
        "price_unit": "EA"
      }
    ]
  },
  {
    "source_url": "https://www.woolworths.com.au/shop/productdetails/1074575395/burt-s-bees-tips-and-toes-kit",
    "name": "Burt's Bees Tips and Toes Kit",
    "image_url": "https://cdn1.woolworths.media/content/wowproductimages/large/1074575395.jpg",
    "source_id": "Woolworths - 1074575395",
    "barcode": null,
    "shop": "Woolworths",
    "weight": "1EA",
    "prices": [
      {
        "state": "NSW",
        "price": "2700",
        "price_per_unit": "2700",
        "price_unit": "EA"
      },
      {
        "state": "VIC",
        "price": "2700",
        "price_per_unit": "2700",
        "price_unit": "EA"
      },
      {
        "state": "QLD",
        "price": "2700",
        "price_per_unit": "2700",
        "price_unit": "EA"
      },
      {
        "state": "WA",
        "price": "2700",
        "price_per_unit": "2700",
        "price_unit": "EA"
      },
      {
        "state": "SA",
        "price": "2700",
        "price_per_unit": "2700",
        "price_unit": "EA"
      },
      {
        "state": "TAS",
        "price": "2700",
        "price_per_unit": "2700",
        "price_unit": "EA"
      },
      {
        "state": "ACT",
        "price": "2700",
        "price_per_unit": "2700",
        "price_unit": "EA"
      },
      {
        "state": "NT",
        "price": "2700",
        "price_per_unit": "2700",
        "price_unit": "EA"
      }
    ]
  },
  {
    "source_url": "https://www.woolworths.com.au/shop/productdetails/1074968489/burt-s-bees-watermelon-and-mint-hand-cream",
    "name": "Burt's Bees Watermelon and Mint Hand Cream",
    "image_url": "https://cdn1.woolworths.media/content/wowproductimages/large/1074968489.jpg",
    "source_id": "Woolworths - 1074968489",
    "barcode": null,
    "shop": "Woolworths",
    "weight": "100G",
    "prices": [
      {
        "state": "NSW",
        "price": "1275",
        "price_per_unit": "4554",
        "price_unit": "G"
      },
      {
        "state": "VIC",
        "price": "1275",
        "price_per_unit": "4554",
        "price_unit": "G"
      },
      {
        "state": "QLD",
        "price": "890",
        "price_per_unit": "3179",
        "price_unit": "G"
      },
      {
        "state": "WA",
        "price": "890",
        "price_per_unit": "3179",
        "price_unit": "G"
      },
      {
        "state": "SA",
        "price": "890",
        "price_per_unit": "3179",
        "price_unit": "G"
      },
      {
        "state": "TAS",
        "price": "890",
        "price_per_unit": "3179",
        "price_unit": "G"
      },
      {
        "state": "ACT",
        "price": "890",
        "price_per_unit": "3179",
        "price_unit": "G"
      },
      {
        "state": "NT",
        "price": "890",
        "price_per_unit": "3179",
        "price_unit": "G"
      }
    ]
  },
  {
    "source_url": "https://www.woolworths.com.au/shop/productdetails/1074968488/burt-s-bees-wild-rose-and-berry-hand-cream",
    "name": "Burt's Bees Wild Rose and Berry Hand Cream",
    "image_url": "https://cdn1.woolworths.media/content/wowproductimages/large/1074968488.jpg",
    "source_id": "Woolworths - 1074968488",
    "barcode": null,
    "shop": "Woolworths",
    "weight": "100G",
    "prices": [
      {
        "state": "NSW",
        "price": "1275",
        "price_per_unit": "4554",
        "price_unit": "G"
      },
      {
        "state": "VIC",
        "price": "1275",
        "price_per_unit": "4554",
        "price_unit": "G"
      },
      {
        "state": "QLD",
        "price": "890",
        "price_per_unit": "3179",
        "price_unit": "G"
      },
      {
        "state": "WA",
        "price": "890",
        "price_per_unit": "3179",
        "price_unit": "G"
      },
      {
        "state": "SA",
        "price": "890",
        "price_per_unit": "3179",
        "price_unit": "G"
      },
      {
        "state": "TAS",
        "price": "890",
        "price_per_unit": "3179",
        "price_unit": "G"
      },
      {
        "state": "ACT",
        "price": "890",
        "price_per_unit": "3179",
        "price_unit": "G"
      },
      {
        "state": "NT",
        "price": "890",
        "price_per_unit": "3179",
        "price_unit": "G"
      }
    ]
  },
  {
    "source_url": "https://www.woolworths.com.au/shop/productdetails/1075551022/by-nature-2-hyaluronic-acid-water-gel-ultra-hydration-moisturiser",
    "name": "By Nature 2% Hyaluronic Acid Water Gel Ultra Hydration Moisturiser",
    "image_url": "https://cdn1.woolworths.media/content/wowproductimages/large/1075551022.jpg",
    "source_id": "Woolworths - 1075551022",
    "barcode": null,
    "shop": "Woolworths",
    "weight": "100G",
    "prices": [
      {
        "state": "NSW",
        "price": "1795",
        "price_per_unit": "3590",
        "price_unit": "G"
      },
      {
        "state": "VIC",
        "price": "1795",
        "price_per_unit": "3590",
        "price_unit": "G"
      },
      {
        "state": "QLD",
        "price": "1077",
        "price_per_unit": "2154",
        "price_unit": "G"
      },
      {
        "state": "WA",
        "price": "1077",
        "price_per_unit": "2154",
        "price_unit": "G"
      },
      {
        "state": "SA",
        "price": "1077",
        "price_per_unit": "2154",
        "price_unit": "G"
      },
      {
        "state": "SA",
        "price": "1077",
        "price_per_unit": "2154",
        "price_unit": "G"
      },
      {
        "state": "TAS",
        "price": "1077",
        "price_per_unit": "2154",
        "price_unit": "G"
      },
      {
        "state": "ACT",
        "price": "1077",
        "price_per_unit": "2154",
        "price_unit": "G"
      },
      {
        "state": "NT",
        "price": "1077",
        "price_per_unit": "2154",
        "price_unit": "G"
      }
    ]
  },
  {
    "source_url": "https://www.woolworths.com.au/shop/productdetails/1074749998/by-nature-essentials-sampler-skincare-set",
    "name": "By Nature Essentials Sampler Skincare Set",
    "image_url": "https://cdn1.woolworths.media/content/wowproductimages/large/1074749998.jpg",
    "source_id": "Woolworths - 1074749998",
    "barcode": null,
    "shop": "Woolworths",
    "weight": "1EA",
    "prices": [
      {
        "state": "NSW",
        "price": "1495",
        "price_per_unit": "1495",
        "price_unit": "EA"
      },
      {
        "state": "VIC",
        "price": "1495",
        "price_per_unit": "1495",
        "price_unit": "EA"
      },
      {
        "state": "QLD",
        "price": "897",
        "price_per_unit": "897",
        "price_unit": "EA"
      },
      {
        "state": "WA",
        "price": "897",
        "price_per_unit": "897",
        "price_unit": "EA"
      },
      {
        "state": "SA",
        "price": "897",
        "price_per_unit": "897",
        "price_unit": "EA"
      },
      {
        "state": "SA",
        "price": "897",
        "price_per_unit": "897",
        "price_unit": "EA"
      },
      {
        "state": "TAS",
        "price": "897",
        "price_per_unit": "897",
        "price_unit": "EA"
      },
      {
        "state": "ACT",
        "price": "897",
        "price_per_unit": "897",
        "price_unit": "EA"
      },
      {
        "state": "NT",
        "price": "897",
        "price_per_unit": "897",
        "price_unit": "EA"
      }
    ]
  },
  {
    "source_url": "https://www.woolworths.com.au/shop/productdetails/1075551037/by-nature-glow-overnight-gel-face-mask-vitamin-c-caviar-lime-150g",
    "name": "By Nature Glow Overnight Gel Face Mask Vitamin C + Caviar Lime 150g",
    "image_url": "https://cdn1.woolworths.media/content/wowproductimages/large/1075551037.jpg",
    "source_id": "Woolworths - 1075551037",
    "barcode": null,
    "shop": "Woolworths",
    "weight": "100G",
    "prices": [
      {
        "state": "NSW",
        "price": "1695",
        "price_per_unit": "1130",
        "price_unit": "G"
      },
      {
        "state": "VIC",
        "price": "1695",
        "price_per_unit": "1130",
        "price_unit": "G"
      },
      {
        "state": "QLD",
        "price": "1017",
        "price_per_unit": "678",
        "price_unit": "G"
      },
      {
        "state": "WA",
        "price": "1017",
        "price_per_unit": "678",
        "price_unit": "G"
      },
      {
        "state": "SA",
        "price": "1017",
        "price_per_unit": "678",
        "price_unit": "G"
      },
      {
        "state": "SA",
        "price": "1017",
        "price_per_unit": "678",
        "price_unit": "G"
      },
      {
        "state": "TAS",
        "price": "1017",
        "price_per_unit": "678",
        "price_unit": "G"
      },
      {
        "state": "ACT",
        "price": "1017",
        "price_per_unit": "678",
        "price_unit": "G"
      },
      {
        "state": "NT",
        "price": "1017",
        "price_per_unit": "678",
        "price_unit": "G"
      }
    ]
  },
  {
    "source_url": "https://www.woolworths.com.au/shop/productdetails/1074750156/by-nature-glow-to-go-vitamin-c-sampler-set-90g",
    "name": "By Nature Glow to Go Vitamin C Sampler Set 90g",
    "image_url": "https://cdn1.woolworths.media/content/wowproductimages/large/1074750156.jpg",
    "source_id": "Woolworths - 1074750156",
    "barcode": null,
    "shop": "Woolworths",
    "weight": "100G",
    "prices": [
      {
        "state": "NSW",
        "price": "1700",
        "price_per_unit": "1889",
        "price_unit": "G"
      },
      {
        "state": "VIC",
        "price": "1700",
        "price_per_unit": "1889",
        "price_unit": "G"
      },
      {
        "state": "QLD",
        "price": "1020",
        "price_per_unit": "1133",
        "price_unit": "G"
      },
      {
        "state": "WA",
        "price": "1020",
        "price_per_unit": "1133",
        "price_unit": "G"
      },
      {
        "state": "SA",
        "price": "1020",
        "price_per_unit": "1133",
        "price_unit": "G"
      },
      {
        "state": "SA",
        "price": "1020",
        "price_per_unit": "1133",
        "price_unit": "G"
      },
      {
        "state": "TAS",
        "price": "1020",
        "price_per_unit": "1133",
        "price_unit": "G"
      },
      {
        "state": "ACT",
        "price": "1020",
        "price_per_unit": "1133",
        "price_unit": "G"
      },
      {
        "state": "NT",
        "price": "1020",
        "price_per_unit": "1133",
        "price_unit": "G"
      }
    ]
  },
  {
    "source_url": "https://www.woolworths.com.au/shop/productdetails/1075551038/by-nature-quench-overnight-gel-face-mask-hyaluronic-acid-150g",
    "name": "By Nature Quench Overnight Gel Face Mask Hyaluronic Acid 150g",
    "image_url": "https://cdn1.woolworths.media/content/wowproductimages/large/1075551038.jpg",
    "source_id": "Woolworths - 1075551038",
    "barcode": null,
    "shop": "Woolworths",
    "weight": "100G",
    "prices": [
      {
        "state": "NSW",
        "price": "1695",
        "price_per_unit": "1130",
        "price_unit": "G"
      },
      {
        "state": "VIC",
        "price": "1695",
        "price_per_unit": "1130",
        "price_unit": "G"
      },
      {
        "state": "QLD",
        "price": "1017",
        "price_per_unit": "678",
        "price_unit": "G"
      },
      {
        "state": "WA",
        "price": "1017",
        "price_per_unit": "678",
        "price_unit": "G"
      },
      {
        "state": "SA",
        "price": "1017",
        "price_per_unit": "678",
        "price_unit": "G"
      },
      {
        "state": "SA",
        "price": "1017",
        "price_per_unit": "678",
        "price_unit": "G"
      },
      {
        "state": "TAS",
        "price": "1017",
        "price_per_unit": "678",
        "price_unit": "G"
      },
      {
        "state": "ACT",
        "price": "1017",
        "price_per_unit": "678",
        "price_unit": "G"
      },
      {
        "state": "NT",
        "price": "1017",
        "price_per_unit": "678",
        "price_unit": "G"
      }
    ]
  },
  {
    "source_url": "https://www.woolworths.com.au/shop/productdetails/1074750074/by-nature-vitamin-c-collagen-brightening-hydrating-face-serum",
    "name": "By Nature Vitamin C & Collagen Brightening & Hydrating Face Serum",
    "image_url": "https://cdn1.woolworths.media/content/wowproductimages/large/1074750074.jpg",
    "source_id": "Woolworths - 1074750074",
    "barcode": null,
    "shop": "Woolworths",
    "weight": "100ML",
    "prices": [
      {
        "state": "NSW",
        "price": "1495",
        "price_per_unit": "1661",
        "price_unit": "ML"
      },
      {
        "state": "VIC",
        "price": "1495",
        "price_per_unit": "1661",
        "price_unit": "ML"
      },
      {
        "state": "QLD",
        "price": "897",
        "price_per_unit": "997",
        "price_unit": "ML"
      },
      {
        "state": "WA",
        "price": "897",
        "price_per_unit": "997",
        "price_unit": "ML"
      },
      {
        "state": "SA",
        "price": "897",
        "price_per_unit": "997",
        "price_unit": "ML"
      },
      {
        "state": "SA",
        "price": "897",
        "price_per_unit": "997",
        "price_unit": "ML"
      },
      {
        "state": "TAS",
        "price": "897",
        "price_per_unit": "997",
        "price_unit": "ML"
      },
      {
        "state": "ACT",
        "price": "897",
        "price_per_unit": "997",
        "price_unit": "ML"
      },
      {
        "state": "NT",
        "price": "897",
        "price_per_unit": "997",
        "price_unit": "ML"
      }
    ]
  },
  {
    "source_url": "https://www.woolworths.com.au/shop/productdetails/1074968657/by-nature-vitamin-c-night-cream-60g",
    "name": "By Nature Vitamin C Night Cream 60g",
    "image_url": "https://cdn1.woolworths.media/content/wowproductimages/large/1074968657.jpg",
    "source_id": "Woolworths - 1074968657",
    "barcode": null,
    "shop": "Woolworths",
    "weight": "100G",
    "prices": [
      {
        "state": "NSW",
        "price": "1300",
        "price_per_unit": "2167",
        "price_unit": "G"
      },
      {
        "state": "VIC",
        "price": "1300",
        "price_per_unit": "2167",
        "price_unit": "G"
      },
      {
        "state": "QLD",
        "price": "780",
        "price_per_unit": "1300",
        "price_unit": "G"
      },
      {
        "state": "WA",
        "price": "780",
        "price_per_unit": "1300",
        "price_unit": "G"
      },
      {
        "state": "SA",
        "price": "780",
        "price_per_unit": "1300",
        "price_unit": "G"
      },
      {
        "state": "SA",
        "price": "780",
        "price_per_unit": "1300",
        "price_unit": "G"
      },
      {
        "state": "TAS",
        "price": "780",
        "price_per_unit": "1300",
        "price_unit": "G"
      },
      {
        "state": "ACT",
        "price": "780",
        "price_per_unit": "1300",
        "price_unit": "G"
      },
      {
        "state": "NT",
        "price": "780",
        "price_per_unit": "1300",
        "price_unit": "G"
      }
    ]
  },
  {
    "source_url": "https://www.woolworths.com.au/shop/productdetails/1074445030/by-wishtrend-mandelic-acid-5-skin-prep-water-120ml",
    "name": "By Wishtrend Mandelic Acid 5% Skin Prep Water 120ml",
    "image_url": "https://cdn1.woolworths.media/content/wowproductimages/large/1074445030.jpg",
    "source_id": "Woolworths - 1074445030",
    "barcode": null,
    "shop": "Woolworths",
    "weight": "100ML",
    "prices": [
      {
        "state": "NSW",
        "price": "4500",
        "price_per_unit": "3750",
        "price_unit": "ML"
      },
      {
        "state": "VIC",
        "price": "4500",
        "price_per_unit": "3750",
        "price_unit": "ML"
      },
      {
        "state": "QLD",
        "price": "4500",
        "price_per_unit": "3750",
        "price_unit": "ML"
      },
      {
        "state": "WA",
        "price": "4500",
        "price_per_unit": "3750",
        "price_unit": "ML"
      },
      {
        "state": "SA",
        "price": "4500",
        "price_per_unit": "3750",
        "price_unit": "ML"
      },
      {
        "state": "TAS",
        "price": "4500",
        "price_per_unit": "3750",
        "price_unit": "ML"
      },
      {
        "state": "ACT",
        "price": "4500",
        "price_per_unit": "3750",
        "price_unit": "ML"
      },
      {
        "state": "NT",
        "price": "4500",
        "price_per_unit": "3750",
        "price_unit": "ML"
      }
    ]
  },
  {
    "source_url": "https://www.woolworths.com.au/shop/productdetails/1074446501/by-wishtrend-propolis-energy-boosting-essence-100ml",
    "name": "By Wishtrend Propolis Energy Boosting Essence 100ml",
    "image_url": "https://cdn1.woolworths.media/content/wowproductimages/large/1074446501.jpg",
    "source_id": "Woolworths - 1074446501",
    "barcode": null,
    "shop": "Woolworths",
    "weight": "100ML",
    "prices": [
      {
        "state": "NSW",
        "price": "4100",
        "price_per_unit": "4100",
        "price_unit": "ML"
      },
      {
        "state": "VIC",
        "price": "4100",
        "price_per_unit": "4100",
        "price_unit": "ML"
      },
      {
        "state": "QLD",
        "price": "4100",
        "price_per_unit": "4100",
        "price_unit": "ML"
      },
      {
        "state": "WA",
        "price": "4100",
        "price_per_unit": "4100",
        "price_unit": "ML"
      },
      {
        "state": "SA",
        "price": "4100",
        "price_per_unit": "4100",
        "price_unit": "ML"
      },
      {
        "state": "TAS",
        "price": "4100",
        "price_per_unit": "4100",
        "price_unit": "ML"
      },
      {
        "state": "ACT",
        "price": "4100",
        "price_per_unit": "4100",
        "price_unit": "ML"
      },
      {
        "state": "NT",
        "price": "4100",
        "price_per_unit": "4100",
        "price_unit": "ML"
      }
    ]
  },
  {
    "source_url": "https://www.woolworths.com.au/shop/productdetails/1074650233/caudalie-premier-cru-la-creme-riche-for-dry-skin-50ml-1-6oz",
    "name": "Caudalie Premier Cru La Creme Riche (For Dry Skin) 50ml/1.6oz",
    "image_url": "https://cdn1.woolworths.media/content/wowproductimages/large/1074650233.jpg",
    "source_id": "Woolworths - 1074650233",
    "barcode": null,
    "shop": "Woolworths",
    "weight": "100ML",
    "prices": [
      {
        "state": "NSW",
        "price": "17200",
        "price_per_unit": "34400",
        "price_unit": "ML"
      },
      {
        "state": "VIC",
        "price": "17200",
        "price_per_unit": "34400",
        "price_unit": "ML"
      },
      {
        "state": "QLD",
        "price": "17200",
        "price_per_unit": "34400",
        "price_unit": "ML"
      },
      {
        "state": "WA",
        "price": "17200",
        "price_per_unit": "34400",
        "price_unit": "ML"
      },
      {
        "state": "SA",
        "price": "17200",
        "price_per_unit": "34400",
        "price_unit": "ML"
      },
      {
        "state": "TAS",
        "price": "17200",
        "price_per_unit": "34400",
        "price_unit": "ML"
      },
      {
        "state": "ACT",
        "price": "17200",
        "price_per_unit": "34400",
        "price_unit": "ML"
      },
      {
        "state": "NT",
        "price": "17200",
        "price_per_unit": "34400",
        "price_unit": "ML"
      }
    ]
  },
  {
    "source_url": "https://www.woolworths.com.au/shop/productdetails/1074650259/caudalie-vinoperfect-instant-brightening-moisturizer-50ml-1-6oz",
    "name": "Caudalie Vinoperfect Instant Brightening Moisturizer 50ml/1.6oz",
    "image_url": "https://cdn1.woolworths.media/content/wowproductimages/large/1074650259.jpg",
    "source_id": "Woolworths - 1074650259",
    "barcode": null,
    "shop": "Woolworths",
    "weight": "100ML",
    "prices": [
      {
        "state": "NSW",
        "price": "8400",
        "price_per_unit": "16800",
        "price_unit": "ML"
      },
      {
        "state": "VIC",
        "price": "8400",
        "price_per_unit": "16800",
        "price_unit": "ML"
      },
      {
        "state": "QLD",
        "price": "8400",
        "price_per_unit": "16800",
        "price_unit": "ML"
      },
      {
        "state": "WA",
        "price": "8400",
        "price_per_unit": "16800",
        "price_unit": "ML"
      },
      {
        "state": "SA",
        "price": "8400",
        "price_per_unit": "16800",
        "price_unit": "ML"
      },
      {
        "state": "TAS",
        "price": "8400",
        "price_per_unit": "16800",
        "price_unit": "ML"
      },
      {
        "state": "ACT",
        "price": "8400",
        "price_per_unit": "16800",
        "price_unit": "ML"
      },
      {
        "state": "NT",
        "price": "8400",
        "price_per_unit": "16800",
        "price_unit": "ML"
      }
    ]
  },
  {
    "source_url": "https://www.woolworths.com.au/shop/productdetails/1074452331/cell-fusion-c-aquaporin-cream-60ml",
    "name": "Cell Fusion C Aquaporin Cream 60ml",
    "image_url": "https://cdn1.woolworths.media/content/wowproductimages/large/1074452331.jpg",
    "source_id": "Woolworths - 1074452331",
    "barcode": null,
    "shop": "Woolworths",
    "weight": "100ML",
    "prices": [
      {
        "state": "NSW",
        "price": "6300",
        "price_per_unit": "10500",
        "price_unit": "ML"
      },
      {
        "state": "VIC",
        "price": "6300",
        "price_per_unit": "10500",
        "price_unit": "ML"
      },
      {
        "state": "QLD",
        "price": "6300",
        "price_per_unit": "10500",
        "price_unit": "ML"
      },
      {
        "state": "WA",
        "price": "6300",
        "price_per_unit": "10500",
        "price_unit": "ML"
      },
      {
        "state": "SA",
        "price": "6300",
        "price_per_unit": "10500",
        "price_unit": "ML"
      },
      {
        "state": "TAS",
        "price": "6300",
        "price_per_unit": "10500",
        "price_unit": "ML"
      },
      {
        "state": "ACT",
        "price": "6300",
        "price_per_unit": "10500",
        "price_unit": "ML"
      },
      {
        "state": "NT",
        "price": "6300",
        "price_per_unit": "10500",
        "price_unit": "ML"
      }
    ]
  },
  {
    "source_url": "https://www.woolworths.com.au/shop/productdetails/1074452333/cell-fusion-c-calming-down-cream-50ml",
    "name": "Cell Fusion C Calming Down Cream 50ml",
    "image_url": "https://cdn1.woolworths.media/content/wowproductimages/large/1074452333.jpg",
    "source_id": "Woolworths - 1074452333",
    "barcode": null,
    "shop": "Woolworths",
    "weight": "100ML",
    "prices": [
      {
        "state": "NSW",
        "price": "6700",
        "price_per_unit": "13400",
        "price_unit": "ML"
      },
      {
        "state": "VIC",
        "price": "6700",
        "price_per_unit": "13400",
        "price_unit": "ML"
      },
      {
        "state": "QLD",
        "price": "6700",
        "price_per_unit": "13400",
        "price_unit": "ML"
      },
      {
        "state": "WA",
        "price": "6700",
        "price_per_unit": "13400",
        "price_unit": "ML"
      },
      {
        "state": "SA",
        "price": "6700",
        "price_per_unit": "13400",
        "price_unit": "ML"
      },
      {
        "state": "TAS",
        "price": "6700",
        "price_per_unit": "13400",
        "price_unit": "ML"
      },
      {
        "state": "ACT",
        "price": "6700",
        "price_per_unit": "13400",
        "price_unit": "ML"
      },
      {
        "state": "NT",
        "price": "6700",
        "price_per_unit": "13400",
        "price_unit": "ML"
      }
    ]
  },
  {
    "source_url": "https://www.woolworths.com.au/shop/productdetails/1074452337/cell-fusion-c-final-rescue-syrup-ampoule-30ml",
    "name": "Cell Fusion C Final Rescue Syrup Ampoule 30ml",
    "image_url": "https://cdn1.woolworths.media/content/wowproductimages/large/1074452337.jpg",
    "source_id": "Woolworths - 1074452337",
    "barcode": null,
    "shop": "Woolworths",
    "weight": "100ML",
    "prices": [
      {
        "state": "NSW",
        "price": "6700",
        "price_per_unit": "22333",
        "price_unit": "ML"
      },
      {
        "state": "VIC",
        "price": "6700",
        "price_per_unit": "22333",
        "price_unit": "ML"
      },
      {
        "state": "QLD",
        "price": "6700",
        "price_per_unit": "22333",
        "price_unit": "ML"
      },
      {
        "state": "WA",
        "price": "6700",
        "price_per_unit": "22333",
        "price_unit": "ML"
      },
      {
        "state": "SA",
        "price": "6700",
        "price_per_unit": "22333",
        "price_unit": "ML"
      },
      {
        "state": "TAS",
        "price": "6700",
        "price_per_unit": "22333",
        "price_unit": "ML"
      },
      {
        "state": "ACT",
        "price": "6700",
        "price_per_unit": "22333",
        "price_unit": "ML"
      },
      {
        "state": "NT",
        "price": "6700",
        "price_per_unit": "22333",
        "price_unit": "ML"
      }
    ]
  },
  {
    "source_url": "https://www.woolworths.com.au/shop/productdetails/1074452341/cell-fusion-c-first-cure-serum-50ml",
    "name": "Cell Fusion C First Cure Serum 50ml",
    "image_url": "https://cdn1.woolworths.media/content/wowproductimages/large/1074452341.jpg",
    "source_id": "Woolworths - 1074452341",
    "barcode": null,
    "shop": "Woolworths",
    "weight": "100ML",
    "prices": [
      {
        "state": "NSW",
        "price": "6700",
        "price_per_unit": "13400",
        "price_unit": "ML"
      },
      {
        "state": "VIC",
        "price": "6700",
        "price_per_unit": "13400",
        "price_unit": "ML"
      },
      {
        "state": "QLD",
        "price": "6700",
        "price_per_unit": "13400",
        "price_unit": "ML"
      },
      {
        "state": "WA",
        "price": "6700",
        "price_per_unit": "13400",
        "price_unit": "ML"
      },
      {
        "state": "SA",
        "price": "6700",
        "price_per_unit": "13400",
        "price_unit": "ML"
      },
      {
        "state": "TAS",
        "price": "6700",
        "price_per_unit": "13400",
        "price_unit": "ML"
      },
      {
        "state": "ACT",
        "price": "6700",
        "price_per_unit": "13400",
        "price_unit": "ML"
      },
      {
        "state": "NT",
        "price": "6700",
        "price_per_unit": "13400",
        "price_unit": "ML"
      }
    ]
  },
  {
    "source_url": "https://www.woolworths.com.au/shop/productdetails/1074452338/cell-fusion-c-laser-rejuvenation-ampoule-30ml",
    "name": "Cell Fusion C Laser Rejuvenation Ampoule 30ml",
    "image_url": "https://cdn1.woolworths.media/content/wowproductimages/large/1074452338.jpg",
    "source_id": "Woolworths - 1074452338",
    "barcode": null,
    "shop": "Woolworths",
    "weight": "100ML",
    "prices": [
      {
        "state": "NSW",
        "price": "7300",
        "price_per_unit": "24333",
        "price_unit": "ML"
      },
      {
        "state": "VIC",
        "price": "7300",
        "price_per_unit": "24333",
        "price_unit": "ML"
      },
      {
        "state": "QLD",
        "price": "7300",
        "price_per_unit": "24333",
        "price_unit": "ML"
      },
      {
        "state": "WA",
        "price": "7300",
        "price_per_unit": "24333",
        "price_unit": "ML"
      },
      {
        "state": "SA",
        "price": "7300",
        "price_per_unit": "24333",
        "price_unit": "ML"
      },
      {
        "state": "TAS",
        "price": "7300",
        "price_per_unit": "24333",
        "price_unit": "ML"
      },
      {
        "state": "ACT",
        "price": "7300",
        "price_per_unit": "24333",
        "price_unit": "ML"
      },
      {
        "state": "NT",
        "price": "7300",
        "price_per_unit": "24333",
        "price_unit": "ML"
      }
    ]
  },
  {
    "source_url": "https://www.woolworths.com.au/shop/productdetails/1074452339/cell-fusion-c-laser-rejuvenation-cream-50ml",
    "name": "Cell Fusion C Laser Rejuvenation Cream 50ml",
    "image_url": "https://cdn1.woolworths.media/content/wowproductimages/large/1074452339.jpg",
    "source_id": "Woolworths - 1074452339",
    "barcode": null,
    "shop": "Woolworths",
    "weight": "100ML",
    "prices": [
      {
        "state": "NSW",
        "price": "7300",
        "price_per_unit": "14600",
        "price_unit": "ML"
      },
      {
        "state": "VIC",
        "price": "7300",
        "price_per_unit": "14600",
        "price_unit": "ML"
      },
      {
        "state": "QLD",
        "price": "7300",
        "price_per_unit": "14600",
        "price_unit": "ML"
      },
      {
        "state": "WA",
        "price": "7300",
        "price_per_unit": "14600",
        "price_unit": "ML"
      },
      {
        "state": "SA",
        "price": "7300",
        "price_per_unit": "14600",
        "price_unit": "ML"
      },
      {
        "state": "TAS",
        "price": "7300",
        "price_per_unit": "14600",
        "price_unit": "ML"
      },
      {
        "state": "ACT",
        "price": "7300",
        "price_per_unit": "14600",
        "price_unit": "ML"
      },
      {
        "state": "NT",
        "price": "7300",
        "price_per_unit": "14600",
        "price_unit": "ML"
      }
    ]
  },
  {
    "source_url": "https://www.woolworths.com.au/shop/productdetails/1074452409/cell-fusion-c-low-ph-pharrier-cream-55ml",
    "name": "Cell Fusion C Low pH pHarrier Cream 55ml",
    "image_url": "https://cdn1.woolworths.media/content/wowproductimages/large/1074452409.jpg",
    "source_id": "Woolworths - 1074452409",
    "barcode": null,
    "shop": "Woolworths",
    "weight": "100ML",
    "prices": [
      {
        "state": "NSW",
        "price": "7300",
        "price_per_unit": "13273",
        "price_unit": "ML"
      },
      {
        "state": "VIC",
        "price": "7300",
        "price_per_unit": "13273",
        "price_unit": "ML"
      },
      {
        "state": "QLD",
        "price": "7300",
        "price_per_unit": "13273",
        "price_unit": "ML"
      },
      {
        "state": "WA",
        "price": "7300",
        "price_per_unit": "13273",
        "price_unit": "ML"
      },
      {
        "state": "SA",
        "price": "7300",
        "price_per_unit": "13273",
        "price_unit": "ML"
      },
      {
        "state": "TAS",
        "price": "7300",
        "price_per_unit": "13273",
        "price_unit": "ML"
      },
      {
        "state": "ACT",
        "price": "7300",
        "price_per_unit": "13273",
        "price_unit": "ML"
      },
      {
        "state": "NT",
        "price": "7300",
        "price_per_unit": "13273",
        "price_unit": "ML"
      }
    ]
  },
  {
    "source_url": "https://www.woolworths.com.au/shop/productdetails/1074452639/cell-fusion-c-low-ph-pharrier-moisture-cream-80ml",
    "name": "Cell Fusion C Low pH pHarrier Moisture Cream 80ml",
    "image_url": "https://cdn1.woolworths.media/content/wowproductimages/large/1074452639.jpg",
    "source_id": "Woolworths - 1074452639",
    "barcode": null,
    "shop": "Woolworths",
    "weight": "100ML",
    "prices": [
      {
        "state": "NSW",
        "price": "7700",
        "price_per_unit": "9625",
        "price_unit": "ML"
      },
      {
        "state": "VIC",
        "price": "7700",
        "price_per_unit": "9625",
        "price_unit": "ML"
      },
      {
        "state": "QLD",
        "price": "7700",
        "price_per_unit": "9625",
        "price_unit": "ML"
      },
      {
        "state": "WA",
        "price": "7700",
        "price_per_unit": "9625",
        "price_unit": "ML"
      },
      {
        "state": "SA",
        "price": "7700",
        "price_per_unit": "9625",
        "price_unit": "ML"
      },
      {
        "state": "TAS",
        "price": "7700",
        "price_per_unit": "9625",
        "price_unit": "ML"
      },
      {
        "state": "ACT",
        "price": "7700",
        "price_per_unit": "9625",
        "price_unit": "ML"
      },
      {
        "state": "NT",
        "price": "7700",
        "price_per_unit": "9625",
        "price_unit": "ML"
      }
    ]
  },
  {
    "source_url": "https://www.woolworths.com.au/shop/productdetails/1074452343/cell-fusion-c-moisture-gel-oint-100ml",
    "name": "Cell Fusion C Moisture Gel Oint 100ml",
    "image_url": "https://cdn1.woolworths.media/content/wowproductimages/large/1074452343.jpg",
    "source_id": "Woolworths - 1074452343",
    "barcode": null,
    "shop": "Woolworths",
    "weight": "100ML",
    "prices": [
      {
        "state": "NSW",
        "price": "6300",
        "price_per_unit": "6300",
        "price_unit": "ML"
      },
      {
        "state": "VIC",
        "price": "6300",
        "price_per_unit": "6300",
        "price_unit": "ML"
      },
      {
        "state": "QLD",
        "price": "6300",
        "price_per_unit": "6300",
        "price_unit": "ML"
      },
      {
        "state": "WA",
        "price": "6300",
        "price_per_unit": "6300",
        "price_unit": "ML"
      },
      {
        "state": "SA",
        "price": "6300",
        "price_per_unit": "6300",
        "price_unit": "ML"
      },
      {
        "state": "TAS",
        "price": "6300",
        "price_per_unit": "6300",
        "price_unit": "ML"
      },
      {
        "state": "ACT",
        "price": "6300",
        "price_per_unit": "6300",
        "price_unit": "ML"
      },
      {
        "state": "NT",
        "price": "6300",
        "price_per_unit": "6300",
        "price_unit": "ML"
      }
    ]
  },
  {
    "source_url": "https://www.woolworths.com.au/shop/productdetails/1074452344/cell-fusion-c-moisture-oxygen-80ml",
    "name": "Cell Fusion C Moisture Oxygen 80ml",
    "image_url": "https://cdn1.woolworths.media/content/wowproductimages/large/1074452344.jpg",
    "source_id": "Woolworths - 1074452344",
    "barcode": null,
    "shop": "Woolworths",
    "weight": "100ML",
    "prices": [
      {
        "state": "NSW",
        "price": "6300",
        "price_per_unit": "7875",
        "price_unit": "ML"
      },
      {
        "state": "VIC",
        "price": "6300",
        "price_per_unit": "7875",
        "price_unit": "ML"
      },
      {
        "state": "QLD",
        "price": "6300",
        "price_per_unit": "7875",
        "price_unit": "ML"
      },
      {
        "state": "WA",
        "price": "6300",
        "price_per_unit": "7875",
        "price_unit": "ML"
      },
      {
        "state": "SA",
        "price": "6300",
        "price_per_unit": "7875",
        "price_unit": "ML"
      },
      {
        "state": "TAS",
        "price": "6300",
        "price_per_unit": "7875",
        "price_unit": "ML"
      },
      {
        "state": "ACT",
        "price": "6300",
        "price_per_unit": "7875",
        "price_unit": "ML"
      },
      {
        "state": "NT",
        "price": "6300",
        "price_per_unit": "7875",
        "price_unit": "ML"
      }
    ]
  },
  {
    "source_url": "https://www.woolworths.com.au/shop/productdetails/1074452349/cell-fusion-c-toning-sun-cushion-13g",
    "name": "Cell Fusion C Toning Sun Cushion 13g",
    "image_url": "https://cdn1.woolworths.media/content/wowproductimages/large/1074452349.jpg",
    "source_id": "Woolworths - 1074452349",
    "barcode": null,
    "shop": "Woolworths",
    "weight": "100G",
    "prices": [
      {
        "state": "NSW",
        "price": "4800",
        "price_per_unit": "36923",
        "price_unit": "G"
      },
      {
        "state": "VIC",
        "price": "4800",
        "price_per_unit": "36923",
        "price_unit": "G"
      },
      {
        "state": "QLD",
        "price": "4800",
        "price_per_unit": "36923",
        "price_unit": "G"
      },
      {
        "state": "WA",
        "price": "4800",
        "price_per_unit": "36923",
        "price_unit": "G"
      },
      {
        "state": "SA",
        "price": "4800",
        "price_per_unit": "36923",
        "price_unit": "G"
      },
      {
        "state": "TAS",
        "price": "4800",
        "price_per_unit": "36923",
        "price_unit": "G"
      },
      {
        "state": "ACT",
        "price": "4800",
        "price_per_unit": "36923",
        "price_unit": "G"
      },
      {
        "state": "NT",
        "price": "4800",
        "price_per_unit": "36923",
        "price_unit": "G"
      }
    ]
  },
  {
    "source_url": "https://www.woolworths.com.au/shop/productdetails/1074445996/centella-blemish-cream",
    "name": "Centella Blemish Cream",
    "image_url": "https://cdn1.woolworths.media/content/wowproductimages/large/1074445996.jpg",
    "source_id": "Woolworths - 1074445996",
    "barcode": null,
    "shop": "Woolworths",
    "weight": "100G",
    "prices": [
      {
        "state": "NSW",
        "price": "3900",
        "price_per_unit": "13000",
        "price_unit": "G"
      },
      {
        "state": "VIC",
        "price": "3900",
        "price_per_unit": "13000",
        "price_unit": "G"
      },
      {
        "state": "QLD",
        "price": "3900",
        "price_per_unit": "13000",
        "price_unit": "G"
      },
      {
        "state": "WA",
        "price": "3900",
        "price_per_unit": "13000",
        "price_unit": "G"
      },
      {
        "state": "SA",
        "price": "3900",
        "price_per_unit": "13000",
        "price_unit": "G"
      },
      {
        "state": "TAS",
        "price": "3900",
        "price_per_unit": "13000",
        "price_unit": "G"
      },
      {
        "state": "ACT",
        "price": "3900",
        "price_per_unit": "13000",
        "price_unit": "G"
      },
      {
        "state": "NT",
        "price": "3900",
        "price_per_unit": "13000",
        "price_unit": "G"
      }
    ]
  },
  {
    "source_url": "https://www.woolworths.com.au/shop/productdetails/1074650317/cerave-cerave-moisturising-cream-for-dry-to-very-dry-skin-50ml-1-69oz",
    "name": "CeraVe Cerave Moisturising Cream For Dry to Very Dry Skin 50ml/1.69oz",
    "image_url": "https://cdn1.woolworths.media/content/wowproductimages/large/1074650317.jpg",
    "source_id": "Woolworths - 1074650317",
    "barcode": null,
    "shop": "Woolworths",
    "weight": "100ML",
    "prices": [
      {
        "state": "NSW",
        "price": "2100",
        "price_per_unit": "4200",
        "price_unit": "ML"
      },
      {
        "state": "VIC",
        "price": "2100",
        "price_per_unit": "4200",
        "price_unit": "ML"
      },
      {
        "state": "QLD",
        "price": "2100",
        "price_per_unit": "4200",
        "price_unit": "ML"
      },
      {
        "state": "WA",
        "price": "2100",
        "price_per_unit": "4200",
        "price_unit": "ML"
      },
      {
        "state": "SA",
        "price": "2100",
        "price_per_unit": "4200",
        "price_unit": "ML"
      },
      {
        "state": "TAS",
        "price": "2100",
        "price_per_unit": "4200",
        "price_unit": "ML"
      },
      {
        "state": "ACT",
        "price": "2100",
        "price_per_unit": "4200",
        "price_unit": "ML"
      },
      {
        "state": "NT",
        "price": "2100",
        "price_per_unit": "4200",
        "price_unit": "ML"
      }
    ]
  },
  {
    "source_url": "https://www.woolworths.com.au/shop/productdetails/1074650318/cerave-cerave-moisturising-lotion-for-dry-to-very-dry-skin-88ml-3oz",
    "name": "CeraVe Cerave Moisturising Lotion For Dry to Very Dry Skin 88ml/3oz",
    "image_url": "https://cdn1.woolworths.media/content/wowproductimages/large/1074650318.jpg",
    "source_id": "Woolworths - 1074650318",
    "barcode": null,
    "shop": "Woolworths",
    "weight": "100ML",
    "prices": [
      {
        "state": "NSW",
        "price": "2300",
        "price_per_unit": "2614",
        "price_unit": "ML"
      },
      {
        "state": "VIC",
        "price": "2300",
        "price_per_unit": "2614",
        "price_unit": "ML"
      },
      {
        "state": "QLD",
        "price": "2300",
        "price_per_unit": "2614",
        "price_unit": "ML"
      },
      {
        "state": "WA",
        "price": "2300",
        "price_per_unit": "2614",
        "price_unit": "ML"
      },
      {
        "state": "SA",
        "price": "2300",
        "price_per_unit": "2614",
        "price_unit": "ML"
      },
      {
        "state": "TAS",
        "price": "2300",
        "price_per_unit": "2614",
        "price_unit": "ML"
      },
      {
        "state": "ACT",
        "price": "2300",
        "price_per_unit": "2614",
        "price_unit": "ML"
      },
      {
        "state": "NT",
        "price": "2300",
        "price_per_unit": "2614",
        "price_unit": "ML"
      }
    ]
  },
  {
    "source_url": "https://www.woolworths.com.au/shop/productdetails/1074650333/cerave-moisturising-cream-for-dry-to-very-dry-skin-us-eu-random-packing-pick-454g-16oz",
    "name": "CeraVe Moisturising Cream For Dry to Very Dry Skin (US/EU Random Packing Pick) 454g/16oz",
    "image_url": "https://cdn1.woolworths.media/content/wowproductimages/large/1074650333.jpg",
    "source_id": "Woolworths - 1074650333",
    "barcode": null,
    "shop": "Woolworths",
    "weight": "100G",
    "prices": [
      {
        "state": "NSW",
        "price": "5300",
        "price_per_unit": "1167",
        "price_unit": "G"
      },
      {
        "state": "VIC",
        "price": "5300",
        "price_per_unit": "1167",
        "price_unit": "G"
      },
      {
        "state": "QLD",
        "price": "5300",
        "price_per_unit": "1167",
        "price_unit": "G"
      },
      {
        "state": "WA",
        "price": "5300",
        "price_per_unit": "1167",
        "price_unit": "G"
      },
      {
        "state": "SA",
        "price": "5300",
        "price_per_unit": "1167",
        "price_unit": "G"
      },
      {
        "state": "TAS",
        "price": "5300",
        "price_per_unit": "1167",
        "price_unit": "G"
      },
      {
        "state": "ACT",
        "price": "5300",
        "price_per_unit": "1167",
        "price_unit": "G"
      },
      {
        "state": "NT",
        "price": "5300",
        "price_per_unit": "1167",
        "price_unit": "G"
      }
    ]
  },
  {
    "source_url": "https://www.woolworths.com.au/shop/productdetails/1074650330/cerave-moisturising-cream-for-dry-to-very-dry-skin-with-pump-454g-16oz",
    "name": "CeraVe Moisturising Cream For Dry to Very Dry Skin (With Pump) 454g/16oz",
    "image_url": "https://cdn1.woolworths.media/content/wowproductimages/large/1074650330.jpg",
    "source_id": "Woolworths - 1074650330",
    "barcode": null,
    "shop": "Woolworths",
    "weight": "100G",
    "prices": [
      {
        "state": "NSW",
        "price": "5600",
        "price_per_unit": "1233",
        "price_unit": "G"
      },
      {
        "state": "VIC",
        "price": "5600",
        "price_per_unit": "1233",
        "price_unit": "G"
      },
      {
        "state": "QLD",
        "price": "5600",
        "price_per_unit": "1233",
        "price_unit": "G"
      },
      {
        "state": "WA",
        "price": "5600",
        "price_per_unit": "1233",
        "price_unit": "G"
      },
      {
        "state": "SA",
        "price": "5600",
        "price_per_unit": "1233",
        "price_unit": "G"
      },
      {
        "state": "TAS",
        "price": "5600",
        "price_per_unit": "1233",
        "price_unit": "G"
      },
      {
        "state": "ACT",
        "price": "5600",
        "price_per_unit": "1233",
        "price_unit": "G"
      },
      {
        "state": "NT",
        "price": "5600",
        "price_per_unit": "1233",
        "price_unit": "G"
      }
    ]
  },
  {
    "source_url": "https://www.woolworths.com.au/shop/productdetails/1074650331/cerave-moisturising-cream-for-dry-to-very-dry-skin-177ml-6oz",
    "name": "CeraVe Moisturising Cream For Dry to Very Dry Skin 177ml/6oz",
    "image_url": "https://cdn1.woolworths.media/content/wowproductimages/large/1074650331.jpg",
    "source_id": "Woolworths - 1074650331",
    "barcode": null,
    "shop": "Woolworths",
    "weight": "100ML",
    "prices": [
      {
        "state": "NSW",
        "price": "3600",
        "price_per_unit": "2034",
        "price_unit": "ML"
      },
      {
        "state": "VIC",
        "price": "3600",
        "price_per_unit": "2034",
        "price_unit": "ML"
      },
      {
        "state": "QLD",
        "price": "3600",
        "price_per_unit": "2034",
        "price_unit": "ML"
      },
      {
        "state": "WA",
        "price": "3600",
        "price_per_unit": "2034",
        "price_unit": "ML"
      },
      {
        "state": "SA",
        "price": "3600",
        "price_per_unit": "2034",
        "price_unit": "ML"
      },
      {
        "state": "TAS",
        "price": "3600",
        "price_per_unit": "2034",
        "price_unit": "ML"
      },
      {
        "state": "ACT",
        "price": "3600",
        "price_per_unit": "2034",
        "price_unit": "ML"
      },
      {
        "state": "NT",
        "price": "3600",
        "price_per_unit": "2034",
        "price_unit": "ML"
      }
    ]
  },
  {
    "source_url": "https://www.woolworths.com.au/shop/productdetails/1074650332/cerave-moisturising-cream-for-dry-to-very-dry-skin-340g-12oz",
    "name": "CeraVe Moisturising Cream For Dry to Very Dry Skin 340g/12oz",
    "image_url": "https://cdn1.woolworths.media/content/wowproductimages/large/1074650332.jpg",
    "source_id": "Woolworths - 1074650332",
    "barcode": null,
    "shop": "Woolworths",
    "weight": "100G",
    "prices": [
      {
        "state": "NSW",
        "price": "4000",
        "price_per_unit": "1176",
        "price_unit": "G"
      },
      {
        "state": "VIC",
        "price": "4000",
        "price_per_unit": "1176",
        "price_unit": "G"
      },
      {
        "state": "QLD",
        "price": "4000",
        "price_per_unit": "1176",
        "price_unit": "G"
      },
      {
        "state": "WA",
        "price": "4000",
        "price_per_unit": "1176",
        "price_unit": "G"
      },
      {
        "state": "SA",
        "price": "4000",
        "price_per_unit": "1176",
        "price_unit": "G"
      },
      {
        "state": "TAS",
        "price": "4000",
        "price_per_unit": "1176",
        "price_unit": "G"
      },
      {
        "state": "ACT",
        "price": "4000",
        "price_per_unit": "1176",
        "price_unit": "G"
      },
      {
        "state": "NT",
        "price": "4000",
        "price_per_unit": "1176",
        "price_unit": "G"
      }
    ]
  },
  {
    "source_url": "https://www.woolworths.com.au/shop/productdetails/1074650334/cerave-moisturising-lotion-for-dry-to-very-dry-skin-us-eu-random-packing-pick-236ml-8oz",
    "name": "CeraVe Moisturising Lotion For Dry to Very Dry Skin (US/EU Random Packing Pick) 236ml/8oz",
    "image_url": "https://cdn1.woolworths.media/content/wowproductimages/large/1074650334.jpg",
    "source_id": "Woolworths - 1074650334",
    "barcode": null,
    "shop": "Woolworths",
    "weight": "100ML",
    "prices": [
      {
        "state": "NSW",
        "price": "3900",
        "price_per_unit": "1653",
        "price_unit": "ML"
      },
      {
        "state": "VIC",
        "price": "3900",
        "price_per_unit": "1653",
        "price_unit": "ML"
      },
      {
        "state": "QLD",
        "price": "3900",
        "price_per_unit": "1653",
        "price_unit": "ML"
      },
      {
        "state": "WA",
        "price": "3900",
        "price_per_unit": "1653",
        "price_unit": "ML"
      },
      {
        "state": "SA",
        "price": "3900",
        "price_per_unit": "1653",
        "price_unit": "ML"
      },
      {
        "state": "TAS",
        "price": "3900",
        "price_per_unit": "1653",
        "price_unit": "ML"
      },
      {
        "state": "ACT",
        "price": "3900",
        "price_per_unit": "1653",
        "price_unit": "ML"
      },
      {
        "state": "NT",
        "price": "3900",
        "price_per_unit": "1653",
        "price_unit": "ML"
      }
    ]
  },
  {
    "source_url": "https://www.woolworths.com.au/shop/productdetails/1074650335/cerave-moisturising-lotion-for-dry-to-very-dry-skin-473ml-16oz",
    "name": "CeraVe Moisturising Lotion For Dry To Very Dry Skin 473ml/16oz",
    "image_url": "https://cdn1.woolworths.media/content/wowproductimages/large/1074650335.jpg",
    "source_id": "Woolworths - 1074650335",
    "barcode": null,
    "shop": "Woolworths",
    "weight": "100ML",
    "prices": [
      {
        "state": "NSW",
        "price": "5000",
        "price_per_unit": "1057",
        "price_unit": "ML"
      },
      {
        "state": "VIC",
        "price": "5000",
        "price_per_unit": "1057",
        "price_unit": "ML"
      },
      {
        "state": "QLD",
        "price": "5000",
        "price_per_unit": "1057",
        "price_unit": "ML"
      },
      {
        "state": "WA",
        "price": "5000",
        "price_per_unit": "1057",
        "price_unit": "ML"
      },
      {
        "state": "SA",
        "price": "5000",
        "price_per_unit": "1057",
        "price_unit": "ML"
      },
      {
        "state": "TAS",
        "price": "5000",
        "price_per_unit": "1057",
        "price_unit": "ML"
      },
      {
        "state": "ACT",
        "price": "5000",
        "price_per_unit": "1057",
        "price_unit": "ML"
      },
      {
        "state": "NT",
        "price": "5000",
        "price_per_unit": "1057",
        "price_unit": "ML"
      }
    ]
  },
  {
    "source_url": "https://www.woolworths.com.au/shop/productdetails/1074731067/cetaphil-moisturising-cream-48h-for-dry-to-very-dry-sensitive-skin-550g",
    "name": "Cetaphil Moisturising Cream 48H - For Dry to Very Dry, Sensitive Skin 550g",
    "image_url": "https://cdn1.woolworths.media/content/wowproductimages/large/1074731067.jpg",
    "source_id": "Woolworths - 1074731067",
    "barcode": null,
    "shop": "Woolworths",
    "weight": "100G",
    "prices": [
      {
        "state": "NSW",
        "price": "4200",
        "price_per_unit": "764",
        "price_unit": "G"
      },
      {
        "state": "VIC",
        "price": "4200",
        "price_per_unit": "764",
        "price_unit": "G"
      },
      {
        "state": "QLD",
        "price": "4200",
        "price_per_unit": "764",
        "price_unit": "G"
      },
      {
        "state": "WA",
        "price": "4200",
        "price_per_unit": "764",
        "price_unit": "G"
      },
      {
        "state": "SA",
        "price": "4200",
        "price_per_unit": "764",
        "price_unit": "G"
      },
      {
        "state": "TAS",
        "price": "4200",
        "price_per_unit": "764",
        "price_unit": "G"
      },
      {
        "state": "ACT",
        "price": "4200",
        "price_per_unit": "764",
        "price_unit": "G"
      },
      {
        "state": "NT",
        "price": "4200",
        "price_per_unit": "764",
        "price_unit": "G"
      }
    ]
  },
  {
    "source_url": "https://www.woolworths.com.au/shop/productdetails/110783/cetaphil-moisturising-cream-for-face-body",
    "name": "Cetaphil Moisturising Cream For Face & Body 550g",
    "image_url": "https://cdn1.woolworths.media/content/wowproductimages/large/110783.jpg",
    "source_id": "Woolworths - 110783",
    "barcode": "9318637391714",
    "shop": "Woolworths",
    "weight": "100G",
    "prices": [
      {
        "state": "NSW",
        "price": "1960",
        "price_per_unit": "356",
        "price_unit": "G"
      },
      {
        "state": "VIC",
        "price": "1960",
        "price_per_unit": "356",
        "price_unit": "G"
      },
      {
        "state": "QLD",
        "price": "1960",
        "price_per_unit": "356",
        "price_unit": "G"
      },
      {
        "state": "WA",
        "price": "1960",
        "price_per_unit": "356",
        "price_unit": "G"
      },
      {
        "state": "TAS",
        "price": "1960",
        "price_per_unit": "356",
        "price_unit": "G"
      },
      {
        "state": "ACT",
        "price": "1960",
        "price_per_unit": "356",
        "price_unit": "G"
      },
      {
        "state": "NT",
        "price": "1960",
        "price_per_unit": "356",
        "price_unit": "G"
      }
    ]
  },
  {
    "source_url": "https://www.woolworths.com.au/shop/productdetails/801239/cetaphil-moisturising-lotion-dry-to-normal-sensitive-skin",
    "name": "Cetaphil Moisturising Lotion Dry To Normal Sensitive Skin 1l",
    "image_url": "https://cdn1.woolworths.media/content/wowproductimages/large/801239.jpg",
    "source_id": "Woolworths - 801239",
    "barcode": "9318637042289",
    "shop": "Woolworths",
    "weight": "100ML",
    "prices": [
      {
        "state": "VIC",
        "price": "2300",
        "price_per_unit": "230",
        "price_unit": "ML"
      },
      {
        "state": "QLD",
        "price": "2300",
        "price_per_unit": "230",
        "price_unit": "ML"
      },
      {
        "state": "WA",
        "price": "2300",
        "price_per_unit": "230",
        "price_unit": "ML"
      },
      {
        "state": "SA",
        "price": "2300",
        "price_per_unit": "230",
        "price_unit": "ML"
      },
      {
        "state": "TAS",
        "price": "2300",
        "price_per_unit": "230",
        "price_unit": "ML"
      },
      {
        "state": "ACT",
        "price": "2300",
        "price_per_unit": "230",
        "price_unit": "ML"
      },
      {
        "state": "NT",
        "price": "2300",
        "price_per_unit": "230",
        "price_unit": "ML"
      }
    ]
  },
  {
    "source_url": "https://www.woolworths.com.au/shop/productdetails/140534/cetaphil-rich-night-cream-normal-to-very-dry-skin",
    "name": "Cetaphil Rich Night Cream Normal To Very Dry Skin 48g",
    "image_url": "https://cdn1.woolworths.media/content/wowproductimages/large/140534.jpg",
    "source_id": "Woolworths - 140534",
    "barcode": "9318637044023",
    "shop": "Woolworths",
    "weight": "100G",
    "prices": [
      {
        "state": "NSW",
        "price": "1600",
        "price_per_unit": "3333",
        "price_unit": "G"
      },
      {
        "state": "WA",
        "price": "1600",
        "price_per_unit": "3333",
        "price_unit": "G"
      },
      {
        "state": "SA",
        "price": "1600",
        "price_per_unit": "3333",
        "price_unit": "G"
      }
    ]
  },
  {
    "source_url": "https://www.woolworths.com.au/shop/productdetails/1074650351/chanel-hydra-beauty-creme-50g-1-7oz",
    "name": "Chanel Hydra Beauty Creme 50g/1.7oz",
    "image_url": "https://cdn1.woolworths.media/content/wowproductimages/large/1074650351.jpg",
    "source_id": "Woolworths - 1074650351",
    "barcode": null,
    "shop": "Woolworths",
    "weight": "100G",
    "prices": [
      {
        "state": "NSW",
        "price": "15000",
        "price_per_unit": "30000",
        "price_unit": "G"
      },
      {
        "state": "VIC",
        "price": "15000",
        "price_per_unit": "30000",
        "price_unit": "G"
      },
      {
        "state": "QLD",
        "price": "15000",
        "price_per_unit": "30000",
        "price_unit": "G"
      },
      {
        "state": "WA",
        "price": "15000",
        "price_per_unit": "30000",
        "price_unit": "G"
      },
      {
        "state": "SA",
        "price": "15000",
        "price_per_unit": "30000",
        "price_unit": "G"
      },
      {
        "state": "TAS",
        "price": "15000",
        "price_per_unit": "30000",
        "price_unit": "G"
      },
      {
        "state": "ACT",
        "price": "15000",
        "price_per_unit": "30000",
        "price_unit": "G"
      },
      {
        "state": "NT",
        "price": "15000",
        "price_per_unit": "30000",
        "price_unit": "G"
      }
    ]
  },
  {
    "source_url": "https://www.woolworths.com.au/shop/productdetails/1074650354/chanel-hydra-beauty-micro-cream-hydratant-repulpant-fortifiant-50g-1-7oz",
    "name": "Chanel Hydra Beauty Micro Cream Hydratant Repulpant Fortifiant 50g/1.7oz",
    "image_url": "https://cdn1.woolworths.media/content/wowproductimages/large/1074650354.jpg",
    "source_id": "Woolworths - 1074650354",
    "barcode": null,
    "shop": "Woolworths",
    "weight": "100G",
    "prices": [
      {
        "state": "NSW",
        "price": "18000",
        "price_per_unit": "36000",
        "price_unit": "G"
      },
      {
        "state": "VIC",
        "price": "18000",
        "price_per_unit": "36000",
        "price_unit": "G"
      },
      {
        "state": "QLD",
        "price": "18000",
        "price_per_unit": "36000",
        "price_unit": "G"
      },
      {
        "state": "WA",
        "price": "18000",
        "price_per_unit": "36000",
        "price_unit": "G"
      },
      {
        "state": "SA",
        "price": "18000",
        "price_per_unit": "36000",
        "price_unit": "G"
      },
      {
        "state": "TAS",
        "price": "18000",
        "price_per_unit": "36000",
        "price_unit": "G"
      },
      {
        "state": "ACT",
        "price": "18000",
        "price_per_unit": "36000",
        "price_unit": "G"
      },
      {
        "state": "NT",
        "price": "18000",
        "price_per_unit": "36000",
        "price_unit": "G"
      }
    ]
  },
  {
    "source_url": "https://www.woolworths.com.au/shop/productdetails/1074650360/chanel-la-solution-10-de-chanel-sensitive-skin-cream-30ml-1oz",
    "name": "Chanel La Solution 10 De Chanel Sensitive Skin Cream 30ml/1oz",
    "image_url": "https://cdn1.woolworths.media/content/wowproductimages/large/1074650360.jpg",
    "source_id": "Woolworths - 1074650360",
    "barcode": null,
    "shop": "Woolworths",
    "weight": "100ML",
    "prices": [
      {
        "state": "NSW",
        "price": "16600",
        "price_per_unit": "55333",
        "price_unit": "ML"
      },
      {
        "state": "VIC",
        "price": "16600",
        "price_per_unit": "55333",
        "price_unit": "ML"
      },
      {
        "state": "QLD",
        "price": "16600",
        "price_per_unit": "55333",
        "price_unit": "ML"
      },
      {
        "state": "WA",
        "price": "16600",
        "price_per_unit": "55333",
        "price_unit": "ML"
      },
      {
        "state": "SA",
        "price": "16600",
        "price_per_unit": "55333",
        "price_unit": "ML"
      },
      {
        "state": "TAS",
        "price": "16600",
        "price_per_unit": "55333",
        "price_unit": "ML"
      },
      {
        "state": "ACT",
        "price": "16600",
        "price_per_unit": "55333",
        "price_unit": "ML"
      },
      {
        "state": "NT",
        "price": "16600",
        "price_per_unit": "55333",
        "price_unit": "ML"
      }
    ]
  },
  {
    "source_url": "https://www.woolworths.com.au/shop/productdetails/1074650391/chanel-sublimage-la-creme-the-regenerating-radiance-fresh-body-cream-150g-5-2oz",
    "name": "Chanel Sublimage La Creme The Regenerating Radiance Fresh Body Cream 150g/5.2oz",
    "image_url": "https://cdn1.woolworths.media/content/wowproductimages/large/1074650391.jpg",
    "source_id": "Woolworths - 1074650391",
    "barcode": null,
    "shop": "Woolworths",
    "weight": "100G",
    "prices": [
      {
        "state": "NSW",
        "price": "56700",
        "price_per_unit": "37800",
        "price_unit": "G"
      },
      {
        "state": "VIC",
        "price": "56700",
        "price_per_unit": "37800",
        "price_unit": "G"
      },
      {
        "state": "QLD",
        "price": "56700",
        "price_per_unit": "37800",
        "price_unit": "G"
      },
      {
        "state": "WA",
        "price": "56700",
        "price_per_unit": "37800",
        "price_unit": "G"
      },
      {
        "state": "SA",
        "price": "56700",
        "price_per_unit": "37800",
        "price_unit": "G"
      },
      {
        "state": "TAS",
        "price": "56700",
        "price_per_unit": "37800",
        "price_unit": "G"
      },
      {
        "state": "ACT",
        "price": "56700",
        "price_per_unit": "37800",
        "price_unit": "G"
      },
      {
        "state": "NT",
        "price": "56700",
        "price_per_unit": "37800",
        "price_unit": "G"
      }
    ]
  },
  {
    "source_url": "https://www.woolworths.com.au/shop/productdetails/1074650398/chantecaille-anti-pollution-finishing-essence-30ml-1-01oz",
    "name": "Chantecaille Anti-Pollution Finishing Essence 30ml/1.01oz",
    "image_url": "https://cdn1.woolworths.media/content/wowproductimages/large/1074650398.jpg",
    "source_id": "Woolworths - 1074650398",
    "barcode": null,
    "shop": "Woolworths",
    "weight": "100ML",
    "prices": [
      {
        "state": "NSW",
        "price": "22000",
        "price_per_unit": "73333",
        "price_unit": "ML"
      },
      {
        "state": "VIC",
        "price": "22000",
        "price_per_unit": "73333",
        "price_unit": "ML"
      },
      {
        "state": "QLD",
        "price": "22000",
        "price_per_unit": "73333",
        "price_unit": "ML"
      },
      {
        "state": "WA",
        "price": "22000",
        "price_per_unit": "73333",
        "price_unit": "ML"
      },
      {
        "state": "SA",
        "price": "22000",
        "price_per_unit": "73333",
        "price_unit": "ML"
      },
      {
        "state": "TAS",
        "price": "22000",
        "price_per_unit": "73333",
        "price_unit": "ML"
      },
      {
        "state": "ACT",
        "price": "22000",
        "price_per_unit": "73333",
        "price_unit": "ML"
      },
      {
        "state": "NT",
        "price": "22000",
        "price_per_unit": "73333",
        "price_unit": "ML"
      }
    ]
  },
  {
    "source_url": "https://www.woolworths.com.au/shop/productdetails/1075919653/chantecaille-just-skin-tinted-moisturizer-spf-15-aura-50g",
    "name": "Chantecaille Just Skin Tinted Moisturizer SPF 15 #Aura 50g",
    "image_url": "https://cdn1.woolworths.media/content/wowproductimages/large/1075919653.jpg",
    "source_id": "Woolworths - 1075919653",
    "barcode": null,
    "shop": "Woolworths",
    "weight": "10G",
    "prices": [
      {
        "state": "NSW",
        "price": "11600",
        "price_per_unit": "2320",
        "price_unit": "G"
      },
      {
        "state": "VIC",
        "price": "11600",
        "price_per_unit": "2320",
        "price_unit": "G"
      },
      {
        "state": "QLD",
        "price": "11600",
        "price_per_unit": "2320",
        "price_unit": "G"
      },
      {
        "state": "WA",
        "price": "11600",
        "price_per_unit": "2320",
        "price_unit": "G"
      },
      {
        "state": "SA",
        "price": "11600",
        "price_per_unit": "2320",
        "price_unit": "G"
      },
      {
        "state": "TAS",
        "price": "11600",
        "price_per_unit": "2320",
        "price_unit": "G"
      },
      {
        "state": "ACT",
        "price": "11600",
        "price_per_unit": "2320",
        "price_unit": "G"
      },
      {
        "state": "NT",
        "price": "11600",
        "price_per_unit": "2320",
        "price_unit": "G"
      }
    ]
  },
  {
    "source_url": "https://www.woolworths.com.au/shop/productdetails/1074650472/clarins-body-treatment-oil-contour-100ml-3-4oz",
    "name": "Clarins Body Treatment Oil - Contour 100ml/3.4oz",
    "image_url": "https://cdn1.woolworths.media/content/wowproductimages/large/1074650472.jpg",
    "source_id": "Woolworths - 1074650472",
    "barcode": null,
    "shop": "Woolworths",
    "weight": "100ML",
    "prices": [
      {
        "state": "NSW",
        "price": "9400",
        "price_per_unit": "9400",
        "price_unit": "ML"
      },
      {
        "state": "VIC",
        "price": "9400",
        "price_per_unit": "9400",
        "price_unit": "ML"
      },
      {
        "state": "QLD",
        "price": "9400",
        "price_per_unit": "9400",
        "price_unit": "ML"
      },
      {
        "state": "WA",
        "price": "9400",
        "price_per_unit": "9400",
        "price_unit": "ML"
      },
      {
        "state": "SA",
        "price": "9400",
        "price_per_unit": "9400",
        "price_unit": "ML"
      },
      {
        "state": "TAS",
        "price": "9400",
        "price_per_unit": "9400",
        "price_unit": "ML"
      },
      {
        "state": "ACT",
        "price": "9400",
        "price_per_unit": "9400",
        "price_unit": "ML"
      },
      {
        "state": "NT",
        "price": "9400",
        "price_per_unit": "9400",
        "price_unit": "ML"
      }
    ]
  },
  {
    "source_url": "https://www.woolworths.com.au/shop/productdetails/1074650473/clarins-body-treatment-oil-relax-100ml-3-4oz",
    "name": "Clarins Body Treatment Oil - Relax 100ml/3.4oz",
    "image_url": "https://cdn1.woolworths.media/content/wowproductimages/large/1074650473.jpg",
    "source_id": "Woolworths - 1074650473",
    "barcode": null,
    "shop": "Woolworths",
    "weight": "100ML",
    "prices": [
      {
        "state": "NSW",
        "price": "9400",
        "price_per_unit": "9400",
        "price_unit": "ML"
      },
      {
        "state": "VIC",
        "price": "9400",
        "price_per_unit": "9400",
        "price_unit": "ML"
      },
      {
        "state": "QLD",
        "price": "9400",
        "price_per_unit": "9400",
        "price_unit": "ML"
      },
      {
        "state": "WA",
        "price": "9400",
        "price_per_unit": "9400",
        "price_unit": "ML"
      },
      {
        "state": "SA",
        "price": "9400",
        "price_per_unit": "9400",
        "price_unit": "ML"
      },
      {
        "state": "TAS",
        "price": "9400",
        "price_per_unit": "9400",
        "price_unit": "ML"
      },
      {
        "state": "ACT",
        "price": "9400",
        "price_per_unit": "9400",
        "price_unit": "ML"
      },
      {
        "state": "NT",
        "price": "9400",
        "price_per_unit": "9400",
        "price_unit": "ML"
      }
    ]
  },
  {
    "source_url": "https://www.woolworths.com.au/shop/productdetails/1076338019/clarins-bright-plus-moisturizing-emulsion-75ml",
    "name": "Clarins Bright Plus Moisturizing Emulsion 75ml",
    "image_url": "https://cdn1.woolworths.media/content/wowproductimages/large/1076338019.jpg",
    "source_id": "Woolworths - 1076338019",
    "barcode": null,
    "shop": "Woolworths",
    "weight": "100ML",
    "prices": [
      {
        "state": "NSW",
        "price": "9900",
        "price_per_unit": "13200",
        "price_unit": "ML"
      },
      {
        "state": "VIC",
        "price": "9900",
        "price_per_unit": "13200",
        "price_unit": "ML"
      },
      {
        "state": "QLD",
        "price": "9900",
        "price_per_unit": "13200",
        "price_unit": "ML"
      },
      {
        "state": "WA",
        "price": "9900",
        "price_per_unit": "13200",
        "price_unit": "ML"
      },
      {
        "state": "SA",
        "price": "9900",
        "price_per_unit": "13200",
        "price_unit": "ML"
      },
      {
        "state": "TAS",
        "price": "9900",
        "price_per_unit": "13200",
        "price_unit": "ML"
      },
      {
        "state": "ACT",
        "price": "9900",
        "price_per_unit": "13200",
        "price_unit": "ML"
      },
      {
        "state": "NT",
        "price": "9900",
        "price_per_unit": "13200",
        "price_unit": "ML"
      }
    ]
  },
  {
    "source_url": "https://www.woolworths.com.au/shop/productdetails/1075919668/clarins-extra-firming-cream-day-night-set-50ml-50ml-all-skin-types-",
    "name": "Clarins Extra Firming Cream Day & Night Set 50ml +50ml (All Skin Types)",
    "image_url": "https://cdn1.woolworths.media/content/wowproductimages/large/1075919668.jpg",
    "source_id": "Woolworths - 1075919668",
    "barcode": null,
    "shop": "Woolworths",
    "weight": "1EA",
    "prices": [
      {
        "state": "NSW",
        "price": "19900",
        "price_per_unit": "19900",
        "price_unit": "EA"
      },
      {
        "state": "VIC",
        "price": "19900",
        "price_per_unit": "19900",
        "price_unit": "EA"
      },
      {
        "state": "QLD",
        "price": "19900",
        "price_per_unit": "19900",
        "price_unit": "EA"
      },
      {
        "state": "WA",
        "price": "19900",
        "price_per_unit": "19900",
        "price_unit": "EA"
      },
      {
        "state": "SA",
        "price": "19900",
        "price_per_unit": "19900",
        "price_unit": "EA"
      },
      {
        "state": "TAS",
        "price": "19900",
        "price_per_unit": "19900",
        "price_unit": "EA"
      },
      {
        "state": "ACT",
        "price": "19900",
        "price_per_unit": "19900",
        "price_unit": "EA"
      },
      {
        "state": "NT",
        "price": "19900",
        "price_per_unit": "19900",
        "price_unit": "EA"
      }
    ]
  },
  {
    "source_url": "https://www.woolworths.com.au/shop/productdetails/1074650555/clarins-multi-intensive-jour-super-restorative-day-cream-all-skin-types-50ml-1-7oz",
    "name": "Clarins Multi Intensive Jour Super Restorative Day Cream (All Skin Types) 50ml/1.7oz",
    "image_url": "https://cdn1.woolworths.media/content/wowproductimages/large/1074650555.jpg",
    "source_id": "Woolworths - 1074650555",
    "barcode": null,
    "shop": "Woolworths",
    "weight": "100ML",
    "prices": [
      {
        "state": "NSW",
        "price": "17000",
        "price_per_unit": "34000",
        "price_unit": "ML"
      },
      {
        "state": "VIC",
        "price": "17000",
        "price_per_unit": "34000",
        "price_unit": "ML"
      },
      {
        "state": "QLD",
        "price": "17000",
        "price_per_unit": "34000",
        "price_unit": "ML"
      },
      {
        "state": "WA",
        "price": "17000",
        "price_per_unit": "34000",
        "price_unit": "ML"
      },
      {
        "state": "SA",
        "price": "17000",
        "price_per_unit": "34000",
        "price_unit": "ML"
      },
      {
        "state": "TAS",
        "price": "17000",
        "price_per_unit": "34000",
        "price_unit": "ML"
      },
      {
        "state": "ACT",
        "price": "17000",
        "price_per_unit": "34000",
        "price_unit": "ML"
      },
      {
        "state": "NT",
        "price": "17000",
        "price_per_unit": "34000",
        "price_unit": "ML"
      }
    ]
  },
  {
    "source_url": "https://www.woolworths.com.au/shop/productdetails/1074650556/clarins-multi-intensive-jour-super-restorative-day-cream-50ml-1-6oz",
    "name": "Clarins Multi Intensive Jour Super Restorative Day Cream 50ml/1.6oz",
    "image_url": "https://cdn1.woolworths.media/content/wowproductimages/large/1074650556.jpg",
    "source_id": "Woolworths - 1074650556",
    "barcode": null,
    "shop": "Woolworths",
    "weight": "100ML",
    "prices": [
      {
        "state": "NSW",
        "price": "17000",
        "price_per_unit": "34000",
        "price_unit": "ML"
      },
      {
        "state": "VIC",
        "price": "17000",
        "price_per_unit": "34000",
        "price_unit": "ML"
      },
      {
        "state": "QLD",
        "price": "17000",
        "price_per_unit": "34000",
        "price_unit": "ML"
      },
      {
        "state": "WA",
        "price": "17000",
        "price_per_unit": "34000",
        "price_unit": "ML"
      },
      {
        "state": "SA",
        "price": "17000",
        "price_per_unit": "34000",
        "price_unit": "ML"
      },
      {
        "state": "TAS",
        "price": "17000",
        "price_per_unit": "34000",
        "price_unit": "ML"
      },
      {
        "state": "ACT",
        "price": "17000",
        "price_per_unit": "34000",
        "price_unit": "ML"
      },
      {
        "state": "NT",
        "price": "17000",
        "price_per_unit": "34000",
        "price_unit": "ML"
      }
    ]
  },
  {
    "source_url": "https://www.woolworths.com.au/shop/productdetails/1074650558/clarins-multi-intensive-nuit-super-restorative-night-cream-50ml-1-6oz",
    "name": "Clarins Multi Intensive Nuit Super Restorative Night Cream 50ml/1.6oz",
    "image_url": "https://cdn1.woolworths.media/content/wowproductimages/large/1074650558.jpg",
    "source_id": "Woolworths - 1074650558",
    "barcode": null,
    "shop": "Woolworths",
    "weight": "100ML",
    "prices": [
      {
        "state": "NSW",
        "price": "18300",
        "price_per_unit": "36600",
        "price_unit": "ML"
      },
      {
        "state": "VIC",
        "price": "18300",
        "price_per_unit": "36600",
        "price_unit": "ML"
      },
      {
        "state": "QLD",
        "price": "18300",
        "price_per_unit": "36600",
        "price_unit": "ML"
      },
      {
        "state": "WA",
        "price": "18300",
        "price_per_unit": "36600",
        "price_unit": "ML"
      },
      {
        "state": "SA",
        "price": "18300",
        "price_per_unit": "36600",
        "price_unit": "ML"
      },
      {
        "state": "TAS",
        "price": "18300",
        "price_per_unit": "36600",
        "price_unit": "ML"
      },
      {
        "state": "ACT",
        "price": "18300",
        "price_per_unit": "36600",
        "price_unit": "ML"
      },
      {
        "state": "NT",
        "price": "18300",
        "price_per_unit": "36600",
        "price_unit": "ML"
      }
    ]
  },
  {
    "source_url": "https://www.woolworths.com.au/shop/productdetails/1074650559/clarins-multi-intensive-nuit-super-restorative-night-cream-50ml-1-7oz",
    "name": "Clarins Multi Intensive Nuit Super Restorative Night Cream 50ml/1.7oz",
    "image_url": "https://cdn1.woolworths.media/content/wowproductimages/large/1074650559.jpg",
    "source_id": "Woolworths - 1074650559",
    "barcode": null,
    "shop": "Woolworths",
    "weight": "100ML",
    "prices": [
      {
        "state": "NSW",
        "price": "18300",
        "price_per_unit": "36600",
        "price_unit": "ML"
      },
      {
        "state": "VIC",
        "price": "18300",
        "price_per_unit": "36600",
        "price_unit": "ML"
      },
      {
        "state": "QLD",
        "price": "18300",
        "price_per_unit": "36600",
        "price_unit": "ML"
      },
      {
        "state": "WA",
        "price": "18300",
        "price_per_unit": "36600",
        "price_unit": "ML"
      },
      {
        "state": "SA",
        "price": "18300",
        "price_per_unit": "36600",
        "price_unit": "ML"
      },
      {
        "state": "TAS",
        "price": "18300",
        "price_per_unit": "36600",
        "price_unit": "ML"
      },
      {
        "state": "ACT",
        "price": "18300",
        "price_per_unit": "36600",
        "price_unit": "ML"
      },
      {
        "state": "NT",
        "price": "18300",
        "price_per_unit": "36600",
        "price_unit": "ML"
      }
    ]
  },
  {
    "source_url": "https://www.woolworths.com.au/shop/productdetails/1075919528/clarins-multi-active-day-cream-for-all-skin-types-50ml",
    "name": "CLARINS Multi-Active Day Cream For All Skin Types 50ml",
    "image_url": "https://cdn1.woolworths.media/content/wowproductimages/large/1075919528.jpg",
    "source_id": "Woolworths - 1075919528",
    "barcode": null,
    "shop": "Woolworths",
    "weight": "100ML",
    "prices": [
      {
        "state": "NSW",
        "price": "7500",
        "price_per_unit": "15000",
        "price_unit": "ML"
      },
      {
        "state": "VIC",
        "price": "7500",
        "price_per_unit": "15000",
        "price_unit": "ML"
      },
      {
        "state": "QLD",
        "price": "7500",
        "price_per_unit": "15000",
        "price_unit": "ML"
      },
      {
        "state": "WA",
        "price": "7500",
        "price_per_unit": "15000",
        "price_unit": "ML"
      },
      {
        "state": "SA",
        "price": "7500",
        "price_per_unit": "15000",
        "price_unit": "ML"
      },
      {
        "state": "TAS",
        "price": "7500",
        "price_per_unit": "15000",
        "price_unit": "ML"
      },
      {
        "state": "ACT",
        "price": "7500",
        "price_per_unit": "15000",
        "price_unit": "ML"
      },
      {
        "state": "NT",
        "price": "7500",
        "price_per_unit": "15000",
        "price_unit": "ML"
      }
    ]
  },
  {
    "source_url": "https://www.woolworths.com.au/shop/productdetails/1074650560/clarins-multi-active-day-targets-fine-lines-antioxidant-day-cream-for-all-skin-types-50ml-1-6oz",
    "name": "Clarins Multi-Active Day Targets Fine Lines Antioxidant Day Cream - For All Skin Types 50ml/1.6oz",
    "image_url": "https://cdn1.woolworths.media/content/wowproductimages/large/1074650560.jpg",
    "source_id": "Woolworths - 1074650560",
    "barcode": null,
    "shop": "Woolworths",
    "weight": "100ML",
    "prices": [
      {
        "state": "NSW",
        "price": "8200",
        "price_per_unit": "16400",
        "price_unit": "ML"
      },
      {
        "state": "VIC",
        "price": "8200",
        "price_per_unit": "16400",
        "price_unit": "ML"
      },
      {
        "state": "QLD",
        "price": "8200",
        "price_per_unit": "16400",
        "price_unit": "ML"
      },
      {
        "state": "WA",
        "price": "8200",
        "price_per_unit": "16400",
        "price_unit": "ML"
      },
      {
        "state": "SA",
        "price": "8200",
        "price_per_unit": "16400",
        "price_unit": "ML"
      },
      {
        "state": "TAS",
        "price": "8200",
        "price_per_unit": "16400",
        "price_unit": "ML"
      },
      {
        "state": "ACT",
        "price": "8200",
        "price_per_unit": "16400",
        "price_unit": "ML"
      },
      {
        "state": "NT",
        "price": "8200",
        "price_per_unit": "16400",
        "price_unit": "ML"
      }
    ]
  },
  {
    "source_url": "https://www.woolworths.com.au/shop/productdetails/1074650561/clarins-multi-active-day-targets-fine-lines-antioxidant-day-cream-for-dry-skin-50ml-1-6oz",
    "name": "Clarins Multi-Active Day Targets Fine Lines Antioxidant Day Cream - For Dry Skin 50ml/1.6oz",
    "image_url": "https://cdn1.woolworths.media/content/wowproductimages/large/1074650561.jpg",
    "source_id": "Woolworths - 1074650561",
    "barcode": null,
    "shop": "Woolworths",
    "weight": "100ML",
    "prices": [
      {
        "state": "NSW",
        "price": "8400",
        "price_per_unit": "16800",
        "price_unit": "ML"
      },
      {
        "state": "VIC",
        "price": "8400",
        "price_per_unit": "16800",
        "price_unit": "ML"
      },
      {
        "state": "QLD",
        "price": "8400",
        "price_per_unit": "16800",
        "price_unit": "ML"
      },
      {
        "state": "WA",
        "price": "8400",
        "price_per_unit": "16800",
        "price_unit": "ML"
      },
      {
        "state": "SA",
        "price": "8400",
        "price_per_unit": "16800",
        "price_unit": "ML"
      },
      {
        "state": "TAS",
        "price": "8400",
        "price_per_unit": "16800",
        "price_unit": "ML"
      },
      {
        "state": "ACT",
        "price": "8400",
        "price_per_unit": "16800",
        "price_unit": "ML"
      },
      {
        "state": "NT",
        "price": "8400",
        "price_per_unit": "16800",
        "price_unit": "ML"
      }
    ]
  },
  {
    "source_url": "https://www.woolworths.com.au/shop/productdetails/1074650562/clarins-multi-active-day-targets-fine-lines-antioxidant-day-cream-gel-for-normal-to-combination-skin-50ml-1-7oz",
    "name": "Clarins Multi-Active Day Targets Fine Lines Antioxidant Day Cream-Gel - For Normal To Combination Skin 50ml/1.7oz",
    "image_url": "https://cdn1.woolworths.media/content/wowproductimages/large/1074650562.jpg",
    "source_id": "Woolworths - 1074650562",
    "barcode": null,
    "shop": "Woolworths",
    "weight": "100ML",
    "prices": [
      {
        "state": "NSW",
        "price": "8400",
        "price_per_unit": "16800",
        "price_unit": "ML"
      },
      {
        "state": "VIC",
        "price": "8400",
        "price_per_unit": "16800",
        "price_unit": "ML"
      },
      {
        "state": "QLD",
        "price": "8400",
        "price_per_unit": "16800",
        "price_unit": "ML"
      },
      {
        "state": "WA",
        "price": "8400",
        "price_per_unit": "16800",
        "price_unit": "ML"
      },
      {
        "state": "SA",
        "price": "8400",
        "price_per_unit": "16800",
        "price_unit": "ML"
      },
      {
        "state": "TAS",
        "price": "8400",
        "price_per_unit": "16800",
        "price_unit": "ML"
      },
      {
        "state": "ACT",
        "price": "8400",
        "price_per_unit": "16800",
        "price_unit": "ML"
      },
      {
        "state": "NT",
        "price": "8400",
        "price_per_unit": "16800",
        "price_unit": "ML"
      }
    ]
  },
  {
    "source_url": "https://www.woolworths.com.au/shop/productdetails/1074650563/clarins-multi-active-night-targets-fine-lines-revitalizing-night-cream-for-normal-to-combination-skin-50ml-1-6oz",
    "name": "Clarins Multi-Active Night Targets Fine Lines Revitalizing Night Cream - For Normal To Combination Skin 50ml/1.6oz",
    "image_url": "https://cdn1.woolworths.media/content/wowproductimages/large/1074650563.jpg",
    "source_id": "Woolworths - 1074650563",
    "barcode": null,
    "shop": "Woolworths",
    "weight": "100ML",
    "prices": [
      {
        "state": "NSW",
        "price": "9400",
        "price_per_unit": "18800",
        "price_unit": "ML"
      },
      {
        "state": "VIC",
        "price": "9400",
        "price_per_unit": "18800",
        "price_unit": "ML"
      },
      {
        "state": "QLD",
        "price": "9400",
        "price_per_unit": "18800",
        "price_unit": "ML"
      },
      {
        "state": "WA",
        "price": "9400",
        "price_per_unit": "18800",
        "price_unit": "ML"
      },
      {
        "state": "SA",
        "price": "9400",
        "price_per_unit": "18800",
        "price_unit": "ML"
      },
      {
        "state": "TAS",
        "price": "9400",
        "price_per_unit": "18800",
        "price_unit": "ML"
      },
      {
        "state": "ACT",
        "price": "9400",
        "price_per_unit": "18800",
        "price_unit": "ML"
      },
      {
        "state": "NT",
        "price": "9400",
        "price_per_unit": "18800",
        "price_unit": "ML"
      }
    ]
  },
  {
    "source_url": "https://www.woolworths.com.au/shop/productdetails/1074650564/clarins-multi-active-night-targets-fine-lines-revitalizing-night-cream-for-normal-to-dry-skin-50ml-1-7oz",
    "name": "Clarins Multi-Active Night Targets Fine Lines Revitalizing Night Cream - For Normal To Dry Skin 50ml/1.7oz",
    "image_url": "https://cdn1.woolworths.media/content/wowproductimages/large/1074650564.jpg",
    "source_id": "Woolworths - 1074650564",
    "barcode": null,
    "shop": "Woolworths",
    "weight": "100ML",
    "prices": [
      {
        "state": "NSW",
        "price": "9200",
        "price_per_unit": "18400",
        "price_unit": "ML"
      },
      {
        "state": "VIC",
        "price": "9200",
        "price_per_unit": "18400",
        "price_unit": "ML"
      },
      {
        "state": "QLD",
        "price": "9200",
        "price_per_unit": "18400",
        "price_unit": "ML"
      },
      {
        "state": "WA",
        "price": "9200",
        "price_per_unit": "18400",
        "price_unit": "ML"
      },
      {
        "state": "SA",
        "price": "9200",
        "price_per_unit": "18400",
        "price_unit": "ML"
      },
      {
        "state": "TAS",
        "price": "9200",
        "price_per_unit": "18400",
        "price_unit": "ML"
      },
      {
        "state": "ACT",
        "price": "9200",
        "price_per_unit": "18400",
        "price_unit": "ML"
      },
      {
        "state": "NT",
        "price": "9200",
        "price_per_unit": "18400",
        "price_unit": "ML"
      }
    ]
  },
  {
    "source_url": "https://www.woolworths.com.au/shop/productdetails/1074650568/clarins-my-clarins-clear-out-blackhead-expert-stick-mask-50ml-2-5g",
    "name": "Clarins My Clarins Clear-Out Blackhead Expert [Stick + Mask] 50ml+2.5g",
    "image_url": "https://cdn1.woolworths.media/content/wowproductimages/large/1074650568.jpg",
    "source_id": "Woolworths - 1074650568",
    "barcode": null,
    "shop": "Woolworths",
    "weight": "100EA",
    "prices": [
      {
        "state": "NSW",
        "price": "3100",
        "price_per_unit": "6200",
        "price_unit": "EA"
      },
      {
        "state": "VIC",
        "price": "3100",
        "price_per_unit": "6200",
        "price_unit": "EA"
      },
      {
        "state": "QLD",
        "price": "3100",
        "price_per_unit": "6200",
        "price_unit": "EA"
      },
      {
        "state": "WA",
        "price": "3100",
        "price_per_unit": "6200",
        "price_unit": "EA"
      },
      {
        "state": "SA",
        "price": "3100",
        "price_per_unit": "6200",
        "price_unit": "EA"
      },
      {
        "state": "TAS",
        "price": "3100",
        "price_per_unit": "6200",
        "price_unit": "EA"
      },
      {
        "state": "ACT",
        "price": "3100",
        "price_per_unit": "6200",
        "price_unit": "EA"
      },
      {
        "state": "NT",
        "price": "3100",
        "price_per_unit": "6200",
        "price_unit": "EA"
      }
    ]
  },
  {
    "source_url": "https://www.woolworths.com.au/shop/productdetails/1074650581/clarins-nutri-lumiere-jour-nourishing-revitalizing-day-cream-50ml-1-6oz",
    "name": "Clarins Nutri-Lumiere Jour Nourishing, Revitalizing Day Cream 50ml/1.6oz",
    "image_url": "https://cdn1.woolworths.media/content/wowproductimages/large/1074650581.jpg",
    "source_id": "Woolworths - 1074650581",
    "barcode": null,
    "shop": "Woolworths",
    "weight": "100ML",
    "prices": [
      {
        "state": "NSW",
        "price": "19200",
        "price_per_unit": "38400",
        "price_unit": "ML"
      },
      {
        "state": "VIC",
        "price": "19200",
        "price_per_unit": "38400",
        "price_unit": "ML"
      },
      {
        "state": "QLD",
        "price": "19200",
        "price_per_unit": "38400",
        "price_unit": "ML"
      },
      {
        "state": "WA",
        "price": "19200",
        "price_per_unit": "38400",
        "price_unit": "ML"
      },
      {
        "state": "SA",
        "price": "19200",
        "price_per_unit": "38400",
        "price_unit": "ML"
      },
      {
        "state": "TAS",
        "price": "19200",
        "price_per_unit": "38400",
        "price_unit": "ML"
      },
      {
        "state": "ACT",
        "price": "19200",
        "price_per_unit": "38400",
        "price_unit": "ML"
      },
      {
        "state": "NT",
        "price": "19200",
        "price_per_unit": "38400",
        "price_unit": "ML"
      }
    ]
  },
  {
    "source_url": "https://www.woolworths.com.au/shop/productdetails/1074650582/clarins-nutri-lumiere-nuit-nourishing-rejuvenating-night-cream-50ml-1-6oz",
    "name": "Clarins Nutri-Lumiere Nuit Nourishing, Rejuvenating Night Cream 50ml/1.6oz",
    "image_url": "https://cdn1.woolworths.media/content/wowproductimages/large/1074650582.jpg",
    "source_id": "Woolworths - 1074650582",
    "barcode": null,
    "shop": "Woolworths",
    "weight": "100ML",
    "prices": [
      {
        "state": "NSW",
        "price": "19900",
        "price_per_unit": "39800",
        "price_unit": "ML"
      },
      {
        "state": "VIC",
        "price": "19900",
        "price_per_unit": "39800",
        "price_unit": "ML"
      },
      {
        "state": "QLD",
        "price": "19900",
        "price_per_unit": "39800",
        "price_unit": "ML"
      },
      {
        "state": "WA",
        "price": "19900",
        "price_per_unit": "39800",
        "price_unit": "ML"
      },
      {
        "state": "SA",
        "price": "19900",
        "price_per_unit": "39800",
        "price_unit": "ML"
      },
      {
        "state": "TAS",
        "price": "19900",
        "price_per_unit": "39800",
        "price_unit": "ML"
      },
      {
        "state": "ACT",
        "price": "19900",
        "price_per_unit": "39800",
        "price_unit": "ML"
      },
      {
        "state": "NT",
        "price": "19900",
        "price_per_unit": "39800",
        "price_unit": "ML"
      }
    ]
  },
  {
    "source_url": "https://www.woolworths.com.au/shop/productdetails/1074650634/clarins-v-facial-intensive-wrap-75ml-2-5oz",
    "name": "Clarins V-Facial Intensive Wrap 75ml/2.5oz",
    "image_url": "https://cdn1.woolworths.media/content/wowproductimages/large/1074650634.jpg",
    "source_id": "Woolworths - 1074650634",
    "barcode": null,
    "shop": "Woolworths",
    "weight": "100ML",
    "prices": [
      {
        "state": "NSW",
        "price": "8800",
        "price_per_unit": "11733",
        "price_unit": "ML"
      },
      {
        "state": "VIC",
        "price": "8800",
        "price_per_unit": "11733",
        "price_unit": "ML"
      },
      {
        "state": "QLD",
        "price": "8800",
        "price_per_unit": "11733",
        "price_unit": "ML"
      },
      {
        "state": "WA",
        "price": "8800",
        "price_per_unit": "11733",
        "price_unit": "ML"
      },
      {
        "state": "SA",
        "price": "8800",
        "price_per_unit": "11733",
        "price_unit": "ML"
      },
      {
        "state": "TAS",
        "price": "8800",
        "price_per_unit": "11733",
        "price_unit": "ML"
      },
      {
        "state": "ACT",
        "price": "8800",
        "price_per_unit": "11733",
        "price_unit": "ML"
      },
      {
        "state": "NT",
        "price": "8800",
        "price_per_unit": "11733",
        "price_unit": "ML"
      }
    ]
  },
  {
    "source_url": "https://www.woolworths.com.au/shop/productdetails/1074650650/cle-de-peau-intensive-fortifying-emulsion-125ml-4-2oz",
    "name": "Cle De Peau Intensive Fortifying Emulsion 125ml/4.2oz",
    "image_url": "https://cdn1.woolworths.media/content/wowproductimages/large/1074650650.jpg",
    "source_id": "Woolworths - 1074650650",
    "barcode": null,
    "shop": "Woolworths",
    "weight": "100ML",
    "prices": [
      {
        "state": "NSW",
        "price": "18200",
        "price_per_unit": "14560",
        "price_unit": "ML"
      },
      {
        "state": "VIC",
        "price": "18200",
        "price_per_unit": "14560",
        "price_unit": "ML"
      },
      {
        "state": "QLD",
        "price": "18200",
        "price_per_unit": "14560",
        "price_unit": "ML"
      },
      {
        "state": "WA",
        "price": "18200",
        "price_per_unit": "14560",
        "price_unit": "ML"
      },
      {
        "state": "SA",
        "price": "18200",
        "price_per_unit": "14560",
        "price_unit": "ML"
      },
      {
        "state": "TAS",
        "price": "18200",
        "price_per_unit": "14560",
        "price_unit": "ML"
      },
      {
        "state": "ACT",
        "price": "18200",
        "price_per_unit": "14560",
        "price_unit": "ML"
      },
      {
        "state": "NT",
        "price": "18200",
        "price_per_unit": "14560",
        "price_unit": "ML"
      }
    ]
  },
  {
    "source_url": "https://www.woolworths.com.au/shop/productdetails/1075346961/clemence-organics-calming-daily-face-lotion-50ml",
    "name": "Clemence Organics Calming Daily Face Lotion 50ml",
    "image_url": "https://cdn1.woolworths.media/content/wowproductimages/large/1075346961.jpg",
    "source_id": "Woolworths - 1075346961",
    "barcode": null,
    "shop": "Woolworths",
    "weight": "100ML",
    "prices": [
      {
        "state": "NSW",
        "price": "6999",
        "price_per_unit": "13998",
        "price_unit": "ML"
      },
      {
        "state": "VIC",
        "price": "6999",
        "price_per_unit": "13998",
        "price_unit": "ML"
      },
      {
        "state": "QLD",
        "price": "6999",
        "price_per_unit": "13998",
        "price_unit": "ML"
      },
      {
        "state": "WA",
        "price": "6999",
        "price_per_unit": "13998",
        "price_unit": "ML"
      },
      {
        "state": "SA",
        "price": "6999",
        "price_per_unit": "13998",
        "price_unit": "ML"
      },
      {
        "state": "TAS",
        "price": "6999",
        "price_per_unit": "13998",
        "price_unit": "ML"
      },
      {
        "state": "ACT",
        "price": "6999",
        "price_per_unit": "13998",
        "price_unit": "ML"
      },
      {
        "state": "NT",
        "price": "6999",
        "price_per_unit": "13998",
        "price_unit": "ML"
      }
    ]
  },
  {
    "source_url": "https://www.woolworths.com.au/shop/productdetails/1075345148/clemence-organics-protect-clarify-daily-face-lotion-50ml",
    "name": "Clemence Organics Protect + Clarify Daily Face Lotion 50ml",
    "image_url": "https://cdn1.woolworths.media/content/wowproductimages/large/1075345148.jpg",
    "source_id": "Woolworths - 1075345148",
    "barcode": null,
    "shop": "Woolworths",
    "weight": "100ML",
    "prices": [
      {
        "state": "NSW",
        "price": "7999",
        "price_per_unit": "15998",
        "price_unit": "ML"
      },
      {
        "state": "VIC",
        "price": "7999",
        "price_per_unit": "15998",
        "price_unit": "ML"
      },
      {
        "state": "QLD",
        "price": "7999",
        "price_per_unit": "15998",
        "price_unit": "ML"
      },
      {
        "state": "WA",
        "price": "7999",
        "price_per_unit": "15998",
        "price_unit": "ML"
      },
      {
        "state": "SA",
        "price": "7999",
        "price_per_unit": "15998",
        "price_unit": "ML"
      },
      {
        "state": "TAS",
        "price": "7999",
        "price_per_unit": "15998",
        "price_unit": "ML"
      },
      {
        "state": "ACT",
        "price": "7999",
        "price_per_unit": "15998",
        "price_unit": "ML"
      },
      {
        "state": "NT",
        "price": "7999",
        "price_per_unit": "15998",
        "price_unit": "ML"
      }
    ]
  },
  {
    "source_url": "https://www.woolworths.com.au/shop/productdetails/1075346818/clemence-organics-ultimate-face-creme-50ml",
    "name": "Clemence Organics Ultimate Face Creme 50ml",
    "image_url": "https://cdn1.woolworths.media/content/wowproductimages/large/1075346818.jpg",
    "source_id": "Woolworths - 1075346818",
    "barcode": null,
    "shop": "Woolworths",
    "weight": "100ML",
    "prices": [
      {
        "state": "NSW",
        "price": "7999",
        "price_per_unit": "15998",
        "price_unit": "ML"
      },
      {
        "state": "VIC",
        "price": "7999",
        "price_per_unit": "15998",
        "price_unit": "ML"
      },
      {
        "state": "QLD",
        "price": "7999",
        "price_per_unit": "15998",
        "price_unit": "ML"
      },
      {
        "state": "WA",
        "price": "7999",
        "price_per_unit": "15998",
        "price_unit": "ML"
      },
      {
        "state": "SA",
        "price": "7999",
        "price_per_unit": "15998",
        "price_unit": "ML"
      },
      {
        "state": "TAS",
        "price": "7999",
        "price_per_unit": "15998",
        "price_unit": "ML"
      },
      {
        "state": "ACT",
        "price": "7999",
        "price_per_unit": "15998",
        "price_unit": "ML"
      },
      {
        "state": "NT",
        "price": "7999",
        "price_per_unit": "15998",
        "price_unit": "ML"
      }
    ]
  },
  {
    "source_url": "https://www.woolworths.com.au/shop/productdetails/1075919638/clinique-moisture-surge-100h-auto-replenishing-hydrator-2x-200ml-duo-set",
    "name": "Clinique  Moisture Surge 100H Auto-Replenishing Hydrator (2x 200ml) DUO SET",
    "image_url": "https://cdn1.woolworths.media/content/wowproductimages/large/1075919638.jpg",
    "source_id": "Woolworths - 1075919638",
    "barcode": null,
    "shop": "Woolworths",
    "weight": "1EA",
    "prices": [
      {
        "state": "NSW",
        "price": "25500",
        "price_per_unit": "25500",
        "price_unit": "EA"
      },
      {
        "state": "VIC",
        "price": "25500",
        "price_per_unit": "25500",
        "price_unit": "EA"
      },
      {
        "state": "QLD",
        "price": "25500",
        "price_per_unit": "25500",
        "price_unit": "EA"
      },
      {
        "state": "WA",
        "price": "25500",
        "price_per_unit": "25500",
        "price_unit": "EA"
      },
      {
        "state": "SA",
        "price": "25500",
        "price_per_unit": "25500",
        "price_unit": "EA"
      },
      {
        "state": "TAS",
        "price": "25500",
        "price_per_unit": "25500",
        "price_unit": "EA"
      },
      {
        "state": "ACT",
        "price": "25500",
        "price_per_unit": "25500",
        "price_unit": "EA"
      },
      {
        "state": "NT",
        "price": "25500",
        "price_per_unit": "25500",
        "price_unit": "EA"
      }
    ]
  },
  {
    "source_url": "https://www.woolworths.com.au/shop/productdetails/1075919374/clinique-moisture-surge-100h-auto-replenishing-hydrator-200ml",
    "name": "Clinique  Moisture Surge 100H Auto-Replenishing Hydrator 200ml",
    "image_url": "https://cdn1.woolworths.media/content/wowproductimages/large/1075919374.jpg",
    "source_id": "Woolworths - 1075919374",
    "barcode": null,
    "shop": "Woolworths",
    "weight": "100ML",
    "prices": [
      {
        "state": "NSW",
        "price": "11300",
        "price_per_unit": "5650",
        "price_unit": "ML"
      },
      {
        "state": "VIC",
        "price": "11300",
        "price_per_unit": "5650",
        "price_unit": "ML"
      },
      {
        "state": "QLD",
        "price": "11300",
        "price_per_unit": "5650",
        "price_unit": "ML"
      },
      {
        "state": "WA",
        "price": "11300",
        "price_per_unit": "5650",
        "price_unit": "ML"
      },
      {
        "state": "SA",
        "price": "11300",
        "price_per_unit": "5650",
        "price_unit": "ML"
      },
      {
        "state": "TAS",
        "price": "11300",
        "price_per_unit": "5650",
        "price_unit": "ML"
      },
      {
        "state": "ACT",
        "price": "11300",
        "price_per_unit": "5650",
        "price_unit": "ML"
      },
      {
        "state": "NT",
        "price": "11300",
        "price_per_unit": "5650",
        "price_unit": "ML"
      }
    ]
  },
  {
    "source_url": "https://www.woolworths.com.au/shop/productdetails/1075018502/clinique-dramatically-different-moisturizing-lotion-for-very-dry-to-dry-combination-skin-with-pump-125ml-4-2oz",
    "name": "Clinique Dramatically Different Moisturizing Lotion+ - For Very Dry to Dry Combination Skin (With Pump) 125ml/4.2oz",
    "image_url": "https://cdn1.woolworths.media/content/wowproductimages/large/1075018502.jpg",
    "source_id": "Woolworths - 1075018502",
    "barcode": null,
    "shop": "Woolworths",
    "weight": "100ML",
    "prices": [
      {
        "state": "NSW",
        "price": "4900",
        "price_per_unit": "3920",
        "price_unit": "ML"
      },
      {
        "state": "VIC",
        "price": "4900",
        "price_per_unit": "3920",
        "price_unit": "ML"
      },
      {
        "state": "QLD",
        "price": "4900",
        "price_per_unit": "3920",
        "price_unit": "ML"
      },
      {
        "state": "WA",
        "price": "4900",
        "price_per_unit": "3920",
        "price_unit": "ML"
      },
      {
        "state": "SA",
        "price": "4900",
        "price_per_unit": "3920",
        "price_unit": "ML"
      },
      {
        "state": "TAS",
        "price": "4900",
        "price_per_unit": "3920",
        "price_unit": "ML"
      },
      {
        "state": "ACT",
        "price": "4900",
        "price_per_unit": "3920",
        "price_unit": "ML"
      },
      {
        "state": "NT",
        "price": "4900",
        "price_per_unit": "3920",
        "price_unit": "ML"
      }
    ]
  },
  {
    "source_url": "https://www.woolworths.com.au/shop/productdetails/1075732634/clinique-moisture-surge-100h-auto-replenishing-hydrator-75ml-2-5oz",
    "name": "Clinique Moisture Surge 100H Auto-Replenishing Hydrator 75ml/2.5oz",
    "image_url": "https://cdn1.woolworths.media/content/wowproductimages/large/1075732634.jpg",
    "source_id": "Woolworths - 1075732634",
    "barcode": null,
    "shop": "Woolworths",
    "weight": "100ML",
    "prices": [
      {
        "state": "NSW",
        "price": "8700",
        "price_per_unit": "11600",
        "price_unit": "ML"
      },
      {
        "state": "VIC",
        "price": "8700",
        "price_per_unit": "11600",
        "price_unit": "ML"
      },
      {
        "state": "QLD",
        "price": "8700",
        "price_per_unit": "11600",
        "price_unit": "ML"
      },
      {
        "state": "WA",
        "price": "8700",
        "price_per_unit": "11600",
        "price_unit": "ML"
      },
      {
        "state": "SA",
        "price": "8700",
        "price_per_unit": "11600",
        "price_unit": "ML"
      },
      {
        "state": "TAS",
        "price": "8700",
        "price_per_unit": "11600",
        "price_unit": "ML"
      },
      {
        "state": "ACT",
        "price": "8700",
        "price_per_unit": "11600",
        "price_unit": "ML"
      },
      {
        "state": "NT",
        "price": "8700",
        "price_per_unit": "11600",
        "price_unit": "ML"
      }
    ]
  },
  {
    "source_url": "https://www.woolworths.com.au/shop/productdetails/1074713771/clinique-moisture-surge-intense-72h-lipid-replenishing-hydrator-very-dry-to-dry-combination-30ml-1oz",
    "name": "Clinique Moisture Surge Intense 72H Lipid-Replenishing Hydrator - Very Dry to Dry Combination 30ml/1oz",
    "image_url": "https://cdn1.woolworths.media/content/wowproductimages/large/1074713771.jpg",
    "source_id": "Woolworths - 1074713771",
    "barcode": null,
    "shop": "Woolworths",
    "weight": "100ML",
    "prices": [
      {
        "state": "NSW",
        "price": "5295",
        "price_per_unit": "17650",
        "price_unit": "ML"
      },
      {
        "state": "VIC",
        "price": "5295",
        "price_per_unit": "17650",
        "price_unit": "ML"
      },
      {
        "state": "QLD",
        "price": "5295",
        "price_per_unit": "17650",
        "price_unit": "ML"
      },
      {
        "state": "WA",
        "price": "5295",
        "price_per_unit": "17650",
        "price_unit": "ML"
      },
      {
        "state": "SA",
        "price": "5295",
        "price_per_unit": "17650",
        "price_unit": "ML"
      },
      {
        "state": "TAS",
        "price": "5295",
        "price_per_unit": "17650",
        "price_unit": "ML"
      },
      {
        "state": "ACT",
        "price": "5295",
        "price_per_unit": "17650",
        "price_unit": "ML"
      },
      {
        "state": "NT",
        "price": "5295",
        "price_per_unit": "17650",
        "price_unit": "ML"
      }
    ]
  },
  {
    "source_url": "https://www.woolworths.com.au/shop/productdetails/1074650778/clinique-superdefense-night-recovery-moisturizer-for-combination-oily-to-oily-50ml-1-7oz",
    "name": "Clinique Superdefense Night Recovery Moisturizer - For Combination Oily To Oily 50ml/1.7oz",
    "image_url": "https://cdn1.woolworths.media/content/wowproductimages/large/1074650778.jpg",
    "source_id": "Woolworths - 1074650778",
    "barcode": null,
    "shop": "Woolworths",
    "weight": "100ML",
    "prices": [
      {
        "state": "NSW",
        "price": "11200",
        "price_per_unit": "22400",
        "price_unit": "ML"
      },
      {
        "state": "VIC",
        "price": "11200",
        "price_per_unit": "22400",
        "price_unit": "ML"
      },
      {
        "state": "QLD",
        "price": "11200",
        "price_per_unit": "22400",
        "price_unit": "ML"
      },
      {
        "state": "WA",
        "price": "11200",
        "price_per_unit": "22400",
        "price_unit": "ML"
      },
      {
        "state": "SA",
        "price": "11200",
        "price_per_unit": "22400",
        "price_unit": "ML"
      },
      {
        "state": "TAS",
        "price": "11200",
        "price_per_unit": "22400",
        "price_unit": "ML"
      },
      {
        "state": "ACT",
        "price": "11200",
        "price_per_unit": "22400",
        "price_unit": "ML"
      },
      {
        "state": "NT",
        "price": "11200",
        "price_per_unit": "22400",
        "price_unit": "ML"
      }
    ]
  },
  {
    "source_url": "https://www.woolworths.com.au/shop/productdetails/1074131983/clover-fields-natures-gifts-essentials-pink-clay-with-rosehip-peony-moisturising-cleanser-300ml",
    "name": "Clover Fields Natures Gifts Essentials Pink Clay with Rosehip & Peony Moisturising Cleanser 300ml",
    "image_url": "https://cdn1.woolworths.media/content/wowproductimages/large/1074131983.jpg",
    "source_id": "Woolworths - 1074131983",
    "barcode": null,
    "shop": "Woolworths",
    "weight": "100ML",
    "prices": [
      {
        "state": "NSW",
        "price": "5720",
        "price_per_unit": "1907",
        "price_unit": "ML"
      },
      {
        "state": "VIC",
        "price": "5720",
        "price_per_unit": "1907",
        "price_unit": "ML"
      },
      {
        "state": "QLD",
        "price": "5720",
        "price_per_unit": "1907",
        "price_unit": "ML"
      },
      {
        "state": "WA",
        "price": "5720",
        "price_per_unit": "1907",
        "price_unit": "ML"
      },
      {
        "state": "SA",
        "price": "5720",
        "price_per_unit": "1907",
        "price_unit": "ML"
      },
      {
        "state": "TAS",
        "price": "5720",
        "price_per_unit": "1907",
        "price_unit": "ML"
      },
      {
        "state": "ACT",
        "price": "5720",
        "price_per_unit": "1907",
        "price_unit": "ML"
      },
      {
        "state": "NT",
        "price": "5720",
        "price_per_unit": "1907",
        "price_unit": "ML"
      }
    ]
  },
  {
    "source_url": "https://www.woolworths.com.au/shop/productdetails/1075919231/cosme-decorte-cellgenie-lotion-er-moisture-type-200ml",
    "name": "Cosme Decorte Cellgenie Lotion Er (Moisture Type) 200ml",
    "image_url": "https://cdn1.woolworths.media/content/wowproductimages/large/1075919231.jpg",
    "source_id": "Woolworths - 1075919231",
    "barcode": null,
    "shop": "Woolworths",
    "weight": "100ML",
    "prices": [
      {
        "state": "NSW",
        "price": "9900",
        "price_per_unit": "4950",
        "price_unit": "ML"
      },
      {
        "state": "VIC",
        "price": "9900",
        "price_per_unit": "4950",
        "price_unit": "ML"
      },
      {
        "state": "QLD",
        "price": "9900",
        "price_per_unit": "4950",
        "price_unit": "ML"
      },
      {
        "state": "WA",
        "price": "9900",
        "price_per_unit": "4950",
        "price_unit": "ML"
      },
      {
        "state": "SA",
        "price": "9900",
        "price_per_unit": "4950",
        "price_unit": "ML"
      },
      {
        "state": "TAS",
        "price": "9900",
        "price_per_unit": "4950",
        "price_unit": "ML"
      },
      {
        "state": "ACT",
        "price": "9900",
        "price_per_unit": "4950",
        "price_unit": "ML"
      },
      {
        "state": "NT",
        "price": "9900",
        "price_per_unit": "4950",
        "price_unit": "ML"
      }
    ]
  },
  {
    "source_url": "https://www.woolworths.com.au/shop/productdetails/1075919419/cosme-decorte-prime-latte-essential-softening-milk-lotion-150ml",
    "name": "Cosme Decorte Prime Latte Essential Softening Milk Lotion 150ml",
    "image_url": "https://cdn1.woolworths.media/content/wowproductimages/large/1075919419.jpg",
    "source_id": "Woolworths - 1075919419",
    "barcode": null,
    "shop": "Woolworths",
    "weight": "100ML",
    "prices": [
      {
        "state": "NSW",
        "price": "7300",
        "price_per_unit": "4867",
        "price_unit": "ML"
      },
      {
        "state": "VIC",
        "price": "7300",
        "price_per_unit": "4867",
        "price_unit": "ML"
      },
      {
        "state": "QLD",
        "price": "7300",
        "price_per_unit": "4867",
        "price_unit": "ML"
      },
      {
        "state": "WA",
        "price": "7300",
        "price_per_unit": "4867",
        "price_unit": "ML"
      },
      {
        "state": "SA",
        "price": "7300",
        "price_per_unit": "4867",
        "price_unit": "ML"
      },
      {
        "state": "TAS",
        "price": "7300",
        "price_per_unit": "4867",
        "price_unit": "ML"
      },
      {
        "state": "ACT",
        "price": "7300",
        "price_per_unit": "4867",
        "price_unit": "ML"
      },
      {
        "state": "NT",
        "price": "7300",
        "price_per_unit": "4867",
        "price_unit": "ML"
      }
    ]
  },
  {
    "source_url": "https://www.woolworths.com.au/shop/productdetails/1075919232/cosme-decorte-vita-de-r-ve-herbal-vitalizing-lotion-300ml",
    "name": "Cosme Decorte Vita De Rve Herbal Vitalizing Lotion 300ml",
    "image_url": "https://cdn1.woolworths.media/content/wowproductimages/large/1075919232.jpg",
    "source_id": "Woolworths - 1075919232",
    "barcode": null,
    "shop": "Woolworths",
    "weight": "100ML",
    "prices": [
      {
        "state": "NSW",
        "price": "9900",
        "price_per_unit": "3300",
        "price_unit": "ML"
      },
      {
        "state": "VIC",
        "price": "9900",
        "price_per_unit": "3300",
        "price_unit": "ML"
      },
      {
        "state": "QLD",
        "price": "9900",
        "price_per_unit": "3300",
        "price_unit": "ML"
      },
      {
        "state": "WA",
        "price": "9900",
        "price_per_unit": "3300",
        "price_unit": "ML"
      },
      {
        "state": "SA",
        "price": "9900",
        "price_per_unit": "3300",
        "price_unit": "ML"
      },
      {
        "state": "TAS",
        "price": "9900",
        "price_per_unit": "3300",
        "price_unit": "ML"
      },
      {
        "state": "ACT",
        "price": "9900",
        "price_per_unit": "3300",
        "price_unit": "ML"
      },
      {
        "state": "NT",
        "price": "9900",
        "price_per_unit": "3300",
        "price_unit": "ML"
      }
    ]
  },
  {
    "source_url": "https://www.woolworths.com.au/shop/productdetails/1075845477/cosmedix-emulsion-intense-hydrator-60g-2oz",
    "name": "CosMedix Emulsion Intense Hydrator 60g/2oz",
    "image_url": "https://cdn1.woolworths.media/content/wowproductimages/large/1075845477.jpg",
    "source_id": "Woolworths - 1075845477",
    "barcode": null,
    "shop": "Woolworths",
    "weight": "100G",
    "prices": [
      {
        "state": "NSW",
        "price": "11100",
        "price_per_unit": "18500",
        "price_unit": "G"
      },
      {
        "state": "VIC",
        "price": "11100",
        "price_per_unit": "18500",
        "price_unit": "G"
      },
      {
        "state": "QLD",
        "price": "11100",
        "price_per_unit": "18500",
        "price_unit": "G"
      },
      {
        "state": "WA",
        "price": "11100",
        "price_per_unit": "18500",
        "price_unit": "G"
      },
      {
        "state": "SA",
        "price": "11100",
        "price_per_unit": "18500",
        "price_unit": "G"
      },
      {
        "state": "TAS",
        "price": "11100",
        "price_per_unit": "18500",
        "price_unit": "G"
      },
      {
        "state": "ACT",
        "price": "11100",
        "price_per_unit": "18500",
        "price_unit": "G"
      },
      {
        "state": "NT",
        "price": "11100",
        "price_per_unit": "18500",
        "price_unit": "G"
      }
    ]
  },
  {
    "source_url": "https://www.woolworths.com.au/shop/productdetails/1074713565/cosmedix-humidify-deep-moisture-cream-74g-2-6oz",
    "name": "CosMedix Humidify Deep Moisture Cream 74g/2.6oz",
    "image_url": "https://cdn1.woolworths.media/content/wowproductimages/large/1074713565.jpg",
    "source_id": "Woolworths - 1074713565",
    "barcode": null,
    "shop": "Woolworths",
    "weight": "100G",
    "prices": [
      {
        "state": "NSW",
        "price": "11895",
        "price_per_unit": "16074",
        "price_unit": "G"
      },
      {
        "state": "VIC",
        "price": "11895",
        "price_per_unit": "16074",
        "price_unit": "G"
      },
      {
        "state": "QLD",
        "price": "11895",
        "price_per_unit": "16074",
        "price_unit": "G"
      },
      {
        "state": "WA",
        "price": "11895",
        "price_per_unit": "16074",
        "price_unit": "G"
      },
      {
        "state": "SA",
        "price": "11895",
        "price_per_unit": "16074",
        "price_unit": "G"
      },
      {
        "state": "TAS",
        "price": "11895",
        "price_per_unit": "16074",
        "price_unit": "G"
      },
      {
        "state": "ACT",
        "price": "11895",
        "price_per_unit": "16074",
        "price_unit": "G"
      },
      {
        "state": "NT",
        "price": "11895",
        "price_per_unit": "16074",
        "price_unit": "G"
      }
    ]
  },
  {
    "source_url": "https://www.woolworths.com.au/shop/productdetails/1074713508/cosmedix-mystic-hydrating-treatment-150ml-5oz",
    "name": "CosMedix Mystic Hydrating Treatment 150ml/5oz",
    "image_url": "https://cdn1.woolworths.media/content/wowproductimages/large/1074713508.jpg",
    "source_id": "Woolworths - 1074713508",
    "barcode": null,
    "shop": "Woolworths",
    "weight": "100ML",
    "prices": [
      {
        "state": "NSW",
        "price": "7095",
        "price_per_unit": "14190",
        "price_unit": "ML"
      },
      {
        "state": "VIC",
        "price": "7095",
        "price_per_unit": "14190",
        "price_unit": "ML"
      },
      {
        "state": "QLD",
        "price": "7095",
        "price_per_unit": "14190",
        "price_unit": "ML"
      },
      {
        "state": "WA",
        "price": "7095",
        "price_per_unit": "14190",
        "price_unit": "ML"
      },
      {
        "state": "SA",
        "price": "7095",
        "price_per_unit": "14190",
        "price_unit": "ML"
      },
      {
        "state": "TAS",
        "price": "7095",
        "price_per_unit": "14190",
        "price_unit": "ML"
      },
      {
        "state": "ACT",
        "price": "7095",
        "price_per_unit": "14190",
        "price_unit": "ML"
      },
      {
        "state": "NT",
        "price": "7095",
        "price_per_unit": "14190",
        "price_unit": "ML"
      }
    ]
  },
  {
    "source_url": "https://www.woolworths.com.au/shop/productdetails/1074132034/cosmedix-mystic-hydrating-treatment-150ml-5oz",
    "name": "CosMedix Mystic Hydrating Treatment 150ml/5oz",
    "image_url": "https://cdn1.woolworths.media/content/wowproductimages/large/1074132034.jpg",
    "source_id": "Woolworths - 1074132034",
    "barcode": null,
    "shop": "Woolworths",
    "weight": "100ML",
    "prices": [
      {
        "state": "NSW",
        "price": "11440",
        "price_per_unit": "7627",
        "price_unit": "ML"
      },
      {
        "state": "VIC",
        "price": "11440",
        "price_per_unit": "7627",
        "price_unit": "ML"
      },
      {
        "state": "QLD",
        "price": "11440",
        "price_per_unit": "7627",
        "price_unit": "ML"
      },
      {
        "state": "WA",
        "price": "11440",
        "price_per_unit": "7627",
        "price_unit": "ML"
      },
      {
        "state": "SA",
        "price": "11440",
        "price_per_unit": "7627",
        "price_unit": "ML"
      },
      {
        "state": "TAS",
        "price": "11440",
        "price_per_unit": "7627",
        "price_unit": "ML"
      },
      {
        "state": "ACT",
        "price": "11440",
        "price_per_unit": "7627",
        "price_unit": "ML"
      },
      {
        "state": "NT",
        "price": "11440",
        "price_per_unit": "7627",
        "price_unit": "ML"
      }
    ]
  },
  {
    "source_url": "https://www.woolworths.com.au/shop/productdetails/1075500816/cosrx-ac-collection-lightweight-soothing-moisturizer-3pcs-",
    "name": "COSRX AC Collection Lightweight Soothing Moisturizer (3pcs)",
    "image_url": "https://cdn1.woolworths.media/content/wowproductimages/large/1075500816.jpg",
    "source_id": "Woolworths - 1075500816",
    "barcode": null,
    "shop": "Woolworths",
    "weight": "1EA",
    "prices": [
      {
        "state": "NSW",
        "price": "9945",
        "price_per_unit": "3315",
        "price_unit": "EA"
      },
      {
        "state": "VIC",
        "price": "9945",
        "price_per_unit": "3315",
        "price_unit": "EA"
      },
      {
        "state": "QLD",
        "price": "9945",
        "price_per_unit": "3315",
        "price_unit": "EA"
      },
      {
        "state": "WA",
        "price": "9945",
        "price_per_unit": "3315",
        "price_unit": "EA"
      },
      {
        "state": "SA",
        "price": "9945",
        "price_per_unit": "3315",
        "price_unit": "EA"
      },
      {
        "state": "TAS",
        "price": "9945",
        "price_per_unit": "3315",
        "price_unit": "EA"
      },
      {
        "state": "ACT",
        "price": "9945",
        "price_per_unit": "3315",
        "price_unit": "EA"
      },
      {
        "state": "NT",
        "price": "9945",
        "price_per_unit": "3315",
        "price_unit": "EA"
      }
    ]
  },
  {
    "source_url": "https://www.woolworths.com.au/shop/productdetails/1074445082/cosrx-ac-collection-lightweight-soothing-moisturizer-80ml",
    "name": "Cosrx AC Collection Lightweight Soothing Moisturizer 80ml",
    "image_url": "https://cdn1.woolworths.media/content/wowproductimages/large/1074445082.jpg",
    "source_id": "Woolworths - 1074445082",
    "barcode": null,
    "shop": "Woolworths",
    "weight": "100ML",
    "prices": [
      {
        "state": "NSW",
        "price": "3900",
        "price_per_unit": "4875",
        "price_unit": "ML"
      },
      {
        "state": "VIC",
        "price": "3900",
        "price_per_unit": "4875",
        "price_unit": "ML"
      },
      {
        "state": "QLD",
        "price": "3900",
        "price_per_unit": "4875",
        "price_unit": "ML"
      },
      {
        "state": "WA",
        "price": "3900",
        "price_per_unit": "4875",
        "price_unit": "ML"
      },
      {
        "state": "SA",
        "price": "3900",
        "price_per_unit": "4875",
        "price_unit": "ML"
      },
      {
        "state": "TAS",
        "price": "3900",
        "price_per_unit": "4875",
        "price_unit": "ML"
      },
      {
        "state": "ACT",
        "price": "3900",
        "price_per_unit": "4875",
        "price_unit": "ML"
      },
      {
        "state": "NT",
        "price": "3900",
        "price_per_unit": "4875",
        "price_unit": "ML"
      }
    ]
  },
  {
    "source_url": "https://www.woolworths.com.au/shop/productdetails/1075500806/cosrx-advanced-snail-92-all-in-one-cream-3pcs-",
    "name": "COSRX Advanced Snail 92 All In One Cream (3pcs)",
    "image_url": "https://cdn1.woolworths.media/content/wowproductimages/large/1075500806.jpg",
    "source_id": "Woolworths - 1075500806",
    "barcode": null,
    "shop": "Woolworths",
    "weight": "1EA",
    "prices": [
      {
        "state": "NSW",
        "price": "10965",
        "price_per_unit": "3655",
        "price_unit": "EA"
      },
      {
        "state": "VIC",
        "price": "10965",
        "price_per_unit": "3655",
        "price_unit": "EA"
      },
      {
        "state": "QLD",
        "price": "10965",
        "price_per_unit": "3655",
        "price_unit": "EA"
      },
      {
        "state": "WA",
        "price": "10965",
        "price_per_unit": "3655",
        "price_unit": "EA"
      },
      {
        "state": "SA",
        "price": "10965",
        "price_per_unit": "3655",
        "price_unit": "EA"
      },
      {
        "state": "TAS",
        "price": "10965",
        "price_per_unit": "3655",
        "price_unit": "EA"
      },
      {
        "state": "ACT",
        "price": "10965",
        "price_per_unit": "3655",
        "price_unit": "EA"
      },
      {
        "state": "NT",
        "price": "10965",
        "price_per_unit": "3655",
        "price_unit": "EA"
      }
    ]
  },
  {
    "source_url": "https://www.woolworths.com.au/shop/productdetails/1074444832/cosrx-advanced-snail-92-all-in-one-cream-100g",
    "name": "Cosrx Advanced Snail 92 All In One Cream 100g",
    "image_url": "https://cdn1.woolworths.media/content/wowproductimages/large/1074444832.jpg",
    "source_id": "Woolworths - 1074444832",
    "barcode": null,
    "shop": "Woolworths",
    "weight": "100G",
    "prices": [
      {
        "state": "NSW",
        "price": "4300",
        "price_per_unit": "4300",
        "price_unit": "G"
      },
      {
        "state": "VIC",
        "price": "4300",
        "price_per_unit": "4300",
        "price_unit": "G"
      },
      {
        "state": "QLD",
        "price": "4300",
        "price_per_unit": "4300",
        "price_unit": "G"
      },
      {
        "state": "WA",
        "price": "4300",
        "price_per_unit": "4300",
        "price_unit": "G"
      },
      {
        "state": "SA",
        "price": "4300",
        "price_per_unit": "4300",
        "price_unit": "G"
      },
      {
        "state": "TAS",
        "price": "4300",
        "price_per_unit": "4300",
        "price_unit": "G"
      },
      {
        "state": "ACT",
        "price": "4300",
        "price_per_unit": "4300",
        "price_unit": "G"
      },
      {
        "state": "NT",
        "price": "4300",
        "price_per_unit": "4300",
        "price_unit": "G"
      }
    ]
  },
  {
    "source_url": "https://www.woolworths.com.au/shop/productdetails/1075500812/cosrx-advanced-snail-96-mucin-power-essence-100ml-3pcs-",
    "name": "COSRX Advanced Snail 96 Mucin Power Essence 100ml (3pcs)",
    "image_url": "https://cdn1.woolworths.media/content/wowproductimages/large/1075500812.jpg",
    "source_id": "Woolworths - 1075500812",
    "barcode": null,
    "shop": "Woolworths",
    "weight": "1EA",
    "prices": [
      {
        "state": "NSW",
        "price": "9690",
        "price_per_unit": "3230",
        "price_unit": "EA"
      },
      {
        "state": "VIC",
        "price": "9690",
        "price_per_unit": "3230",
        "price_unit": "EA"
      },
      {
        "state": "QLD",
        "price": "9690",
        "price_per_unit": "3230",
        "price_unit": "EA"
      },
      {
        "state": "WA",
        "price": "9690",
        "price_per_unit": "3230",
        "price_unit": "EA"
      },
      {
        "state": "SA",
        "price": "9690",
        "price_per_unit": "3230",
        "price_unit": "EA"
      },
      {
        "state": "TAS",
        "price": "9690",
        "price_per_unit": "3230",
        "price_unit": "EA"
      },
      {
        "state": "ACT",
        "price": "9690",
        "price_per_unit": "3230",
        "price_unit": "EA"
      },
      {
        "state": "NT",
        "price": "9690",
        "price_per_unit": "3230",
        "price_unit": "EA"
      }
    ]
  },
  {
    "source_url": "https://www.woolworths.com.au/shop/productdetails/1075500805/cosrx-advanced-snail-radiance-dual-essence-2pcs-",
    "name": "COSRX Advanced Snail Radiance Dual Essence (2pcs)",
    "image_url": "https://cdn1.woolworths.media/content/wowproductimages/large/1075500805.jpg",
    "source_id": "Woolworths - 1075500805",
    "barcode": null,
    "shop": "Woolworths",
    "weight": "1EA",
    "prices": [
      {
        "state": "NSW",
        "price": "11730",
        "price_per_unit": "5865",
        "price_unit": "EA"
      },
      {
        "state": "VIC",
        "price": "11730",
        "price_per_unit": "5865",
        "price_unit": "EA"
      },
      {
        "state": "QLD",
        "price": "11730",
        "price_per_unit": "5865",
        "price_unit": "EA"
      },
      {
        "state": "WA",
        "price": "11730",
        "price_per_unit": "5865",
        "price_unit": "EA"
      },
      {
        "state": "SA",
        "price": "11730",
        "price_per_unit": "5865",
        "price_unit": "EA"
      },
      {
        "state": "TAS",
        "price": "11730",
        "price_per_unit": "5865",
        "price_unit": "EA"
      },
      {
        "state": "ACT",
        "price": "11730",
        "price_per_unit": "5865",
        "price_unit": "EA"
      },
      {
        "state": "NT",
        "price": "11730",
        "price_per_unit": "5865",
        "price_unit": "EA"
      }
    ]
  },
  {
    "source_url": "https://www.woolworths.com.au/shop/productdetails/1074445606/cosrx-advanced-snail-radiance-dual-essence-80ml",
    "name": "Cosrx Advanced Snail Radiance Dual Essence 80ml",
    "image_url": "https://cdn1.woolworths.media/content/wowproductimages/large/1074445606.jpg",
    "source_id": "Woolworths - 1074445606",
    "barcode": null,
    "shop": "Woolworths",
    "weight": "100ML",
    "prices": [
      {
        "state": "NSW",
        "price": "6900",
        "price_per_unit": "8625",
        "price_unit": "ML"
      },
      {
        "state": "VIC",
        "price": "6900",
        "price_per_unit": "8625",
        "price_unit": "ML"
      },
      {
        "state": "QLD",
        "price": "6900",
        "price_per_unit": "8625",
        "price_unit": "ML"
      },
      {
        "state": "WA",
        "price": "6900",
        "price_per_unit": "8625",
        "price_unit": "ML"
      },
      {
        "state": "SA",
        "price": "6900",
        "price_per_unit": "8625",
        "price_unit": "ML"
      },
      {
        "state": "TAS",
        "price": "6900",
        "price_per_unit": "8625",
        "price_unit": "ML"
      },
      {
        "state": "ACT",
        "price": "6900",
        "price_per_unit": "8625",
        "price_unit": "ML"
      },
      {
        "state": "NT",
        "price": "6900",
        "price_per_unit": "8625",
        "price_unit": "ML"
      }
    ]
  },
  {
    "source_url": "https://www.woolworths.com.au/shop/productdetails/1074444729/cosrx-bha-blackhead-power-liquid-100ml",
    "name": "Cosrx BHA Blackhead Power Liquid 100ml",
    "image_url": "https://cdn1.woolworths.media/content/wowproductimages/large/1074444729.jpg",
    "source_id": "Woolworths - 1074444729",
    "barcode": null,
    "shop": "Woolworths",
    "weight": "100ML",
    "prices": [
      {
        "state": "NSW",
        "price": "3900",
        "price_per_unit": "3900",
        "price_unit": "ML"
      },
      {
        "state": "VIC",
        "price": "3900",
        "price_per_unit": "3900",
        "price_unit": "ML"
      },
      {
        "state": "QLD",
        "price": "3900",
        "price_per_unit": "3900",
        "price_unit": "ML"
      },
      {
        "state": "WA",
        "price": "3900",
        "price_per_unit": "3900",
        "price_unit": "ML"
      },
      {
        "state": "SA",
        "price": "3900",
        "price_per_unit": "3900",
        "price_unit": "ML"
      },
      {
        "state": "TAS",
        "price": "3900",
        "price_per_unit": "3900",
        "price_unit": "ML"
      },
      {
        "state": "ACT",
        "price": "3900",
        "price_per_unit": "3900",
        "price_unit": "ML"
      },
      {
        "state": "NT",
        "price": "3900",
        "price_per_unit": "3900",
        "price_unit": "ML"
      }
    ]
  },
  {
    "source_url": "https://www.woolworths.com.au/shop/productdetails/1074445247/cosrx-full-fit-propolis-light-ampoule-30ml",
    "name": "Cosrx Full Fit Propolis Light Ampoule 30ml",
    "image_url": "https://cdn1.woolworths.media/content/wowproductimages/large/1074445247.jpg",
    "source_id": "Woolworths - 1074445247",
    "barcode": null,
    "shop": "Woolworths",
    "weight": "100ML",
    "prices": [
      {
        "state": "NSW",
        "price": "5300",
        "price_per_unit": "17667",
        "price_unit": "ML"
      },
      {
        "state": "VIC",
        "price": "5300",
        "price_per_unit": "17667",
        "price_unit": "ML"
      },
      {
        "state": "QLD",
        "price": "5300",
        "price_per_unit": "17667",
        "price_unit": "ML"
      },
      {
        "state": "WA",
        "price": "5300",
        "price_per_unit": "17667",
        "price_unit": "ML"
      },
      {
        "state": "SA",
        "price": "5300",
        "price_per_unit": "17667",
        "price_unit": "ML"
      },
      {
        "state": "TAS",
        "price": "5300",
        "price_per_unit": "17667",
        "price_unit": "ML"
      },
      {
        "state": "ACT",
        "price": "5300",
        "price_per_unit": "17667",
        "price_unit": "ML"
      },
      {
        "state": "NT",
        "price": "5300",
        "price_per_unit": "17667",
        "price_unit": "ML"
      }
    ]
  },
  {
    "source_url": "https://www.woolworths.com.au/shop/productdetails/1074445229/cosrx-full-fit-propolis-light-cream-65ml",
    "name": "Cosrx Full Fit Propolis Light Cream 65ml",
    "image_url": "https://cdn1.woolworths.media/content/wowproductimages/large/1074445229.jpg",
    "source_id": "Woolworths - 1074445229",
    "barcode": null,
    "shop": "Woolworths",
    "weight": "100ML",
    "prices": [
      {
        "state": "NSW",
        "price": "5900",
        "price_per_unit": "9077",
        "price_unit": "ML"
      },
      {
        "state": "VIC",
        "price": "5900",
        "price_per_unit": "9077",
        "price_unit": "ML"
      },
      {
        "state": "QLD",
        "price": "5900",
        "price_per_unit": "9077",
        "price_unit": "ML"
      },
      {
        "state": "WA",
        "price": "5900",
        "price_per_unit": "9077",
        "price_unit": "ML"
      },
      {
        "state": "SA",
        "price": "5900",
        "price_per_unit": "9077",
        "price_unit": "ML"
      },
      {
        "state": "TAS",
        "price": "5900",
        "price_per_unit": "9077",
        "price_unit": "ML"
      },
      {
        "state": "ACT",
        "price": "5900",
        "price_per_unit": "9077",
        "price_unit": "ML"
      },
      {
        "state": "NT",
        "price": "5900",
        "price_per_unit": "9077",
        "price_unit": "ML"
      }
    ]
  },
  {
    "source_url": "https://www.woolworths.com.au/shop/productdetails/1074445648/cosrx-full-fit-propolis-synergy-pad-70each",
    "name": "Cosrx Full Fit Propolis Synergy Pad 70each",
    "image_url": "https://cdn1.woolworths.media/content/wowproductimages/large/1074445648.jpg",
    "source_id": "Woolworths - 1074445648",
    "barcode": null,
    "shop": "Woolworths",
    "weight": "100EA",
    "prices": [
      {
        "state": "NSW",
        "price": "4900",
        "price_per_unit": "7000",
        "price_unit": "EA"
      },
      {
        "state": "VIC",
        "price": "4900",
        "price_per_unit": "7000",
        "price_unit": "EA"
      },
      {
        "state": "QLD",
        "price": "4900",
        "price_per_unit": "7000",
        "price_unit": "EA"
      },
      {
        "state": "WA",
        "price": "4900",
        "price_per_unit": "7000",
        "price_unit": "EA"
      },
      {
        "state": "SA",
        "price": "4900",
        "price_per_unit": "7000",
        "price_unit": "EA"
      },
      {
        "state": "TAS",
        "price": "4900",
        "price_per_unit": "7000",
        "price_unit": "EA"
      },
      {
        "state": "ACT",
        "price": "4900",
        "price_per_unit": "7000",
        "price_unit": "EA"
      },
      {
        "state": "NT",
        "price": "4900",
        "price_per_unit": "7000",
        "price_unit": "EA"
      }
    ]
  },
  {
    "source_url": "https://www.woolworths.com.au/shop/productdetails/1074444860/cosrx-hyaluronic-acid-hydra-power-essence-100ml",
    "name": "Cosrx Hyaluronic Acid Hydra Power Essence 100ml",
    "image_url": "https://cdn1.woolworths.media/content/wowproductimages/large/1074444860.jpg",
    "source_id": "Woolworths - 1074444860",
    "barcode": null,
    "shop": "Woolworths",
    "weight": "100ML",
    "prices": [
      {
        "state": "NSW",
        "price": "4100",
        "price_per_unit": "4100",
        "price_unit": "ML"
      },
      {
        "state": "VIC",
        "price": "4100",
        "price_per_unit": "4100",
        "price_unit": "ML"
      },
      {
        "state": "QLD",
        "price": "4100",
        "price_per_unit": "4100",
        "price_unit": "ML"
      },
      {
        "state": "WA",
        "price": "4100",
        "price_per_unit": "4100",
        "price_unit": "ML"
      },
      {
        "state": "SA",
        "price": "4100",
        "price_per_unit": "4100",
        "price_unit": "ML"
      },
      {
        "state": "TAS",
        "price": "4100",
        "price_per_unit": "4100",
        "price_unit": "ML"
      },
      {
        "state": "ACT",
        "price": "4100",
        "price_per_unit": "4100",
        "price_unit": "ML"
      },
      {
        "state": "NT",
        "price": "4100",
        "price_per_unit": "4100",
        "price_unit": "ML"
      }
    ]
  },
  {
    "source_url": "https://www.woolworths.com.au/shop/productdetails/1074444859/cosrx-hyaluronic-acid-intensive-cream-100g",
    "name": "Cosrx Hyaluronic Acid Intensive Cream 100g",
    "image_url": "https://cdn1.woolworths.media/content/wowproductimages/large/1074444859.jpg",
    "source_id": "Woolworths - 1074444859",
    "barcode": null,
    "shop": "Woolworths",
    "weight": "100G",
    "prices": [
      {
        "state": "NSW",
        "price": "4900",
        "price_per_unit": "4900",
        "price_unit": "G"
      },
      {
        "state": "VIC",
        "price": "4900",
        "price_per_unit": "4900",
        "price_unit": "G"
      },
      {
        "state": "QLD",
        "price": "4900",
        "price_per_unit": "4900",
        "price_unit": "G"
      },
      {
        "state": "WA",
        "price": "4900",
        "price_per_unit": "4900",
        "price_unit": "G"
      },
      {
        "state": "SA",
        "price": "4900",
        "price_per_unit": "4900",
        "price_unit": "G"
      },
      {
        "state": "TAS",
        "price": "4900",
        "price_per_unit": "4900",
        "price_unit": "G"
      },
      {
        "state": "ACT",
        "price": "4900",
        "price_per_unit": "4900",
        "price_unit": "G"
      },
      {
        "state": "NT",
        "price": "4900",
        "price_per_unit": "4900",
        "price_unit": "G"
      }
    ]
  },
  {
    "source_url": "https://www.woolworths.com.au/shop/productdetails/1074445849/cosrx-low-ph-good-night-soft-peeling-gel-120ml",
    "name": "Cosrx Low pH Good Night Soft Peeling Gel 120ml",
    "image_url": "https://cdn1.woolworths.media/content/wowproductimages/large/1074445849.jpg",
    "source_id": "Woolworths - 1074445849",
    "barcode": null,
    "shop": "Woolworths",
    "weight": "100ML",
    "prices": [
      {
        "state": "NSW",
        "price": "3500",
        "price_per_unit": "2917",
        "price_unit": "ML"
      },
      {
        "state": "VIC",
        "price": "3500",
        "price_per_unit": "2917",
        "price_unit": "ML"
      },
      {
        "state": "QLD",
        "price": "3500",
        "price_per_unit": "2917",
        "price_unit": "ML"
      },
      {
        "state": "WA",
        "price": "3500",
        "price_per_unit": "2917",
        "price_unit": "ML"
      },
      {
        "state": "SA",
        "price": "3500",
        "price_per_unit": "2917",
        "price_unit": "ML"
      },
      {
        "state": "TAS",
        "price": "3500",
        "price_per_unit": "2917",
        "price_unit": "ML"
      },
      {
        "state": "ACT",
        "price": "3500",
        "price_per_unit": "2917",
        "price_unit": "ML"
      },
      {
        "state": "NT",
        "price": "3500",
        "price_per_unit": "2917",
        "price_unit": "ML"
      }
    ]
  },
  {
    "source_url": "https://www.woolworths.com.au/shop/productdetails/1075500820/cosrx-oil-free-ultra-moisturizing-lotion-with-birch-sap-bundle-2pcs-",
    "name": "COSRX Oil Free Ultra Moisturizing Lotion (With Birch Sap) Bundle (2pcs)",
    "image_url": "https://cdn1.woolworths.media/content/wowproductimages/large/1075500820.jpg",
    "source_id": "Woolworths - 1075500820",
    "barcode": null,
    "shop": "Woolworths",
    "weight": "1EA",
    "prices": [
      {
        "state": "NSW",
        "price": "8600",
        "price_per_unit": "4300",
        "price_unit": "EA"
      },
      {
        "state": "VIC",
        "price": "8600",
        "price_per_unit": "4300",
        "price_unit": "EA"
      },
      {
        "state": "QLD",
        "price": "8600",
        "price_per_unit": "4300",
        "price_unit": "EA"
      },
      {
        "state": "WA",
        "price": "8600",
        "price_per_unit": "4300",
        "price_unit": "EA"
      },
      {
        "state": "SA",
        "price": "8600",
        "price_per_unit": "4300",
        "price_unit": "EA"
      },
      {
        "state": "TAS",
        "price": "8600",
        "price_per_unit": "4300",
        "price_unit": "EA"
      },
      {
        "state": "ACT",
        "price": "8600",
        "price_per_unit": "4300",
        "price_unit": "EA"
      },
      {
        "state": "NT",
        "price": "8600",
        "price_per_unit": "4300",
        "price_unit": "EA"
      }
    ]
  },
  {
    "source_url": "https://www.woolworths.com.au/shop/productdetails/1074444901/cosrx-one-step-green-hero-calming-pad-70each",
    "name": "Cosrx One Step Green Hero Calming Pad 70each",
    "image_url": "https://cdn1.woolworths.media/content/wowproductimages/large/1074444901.jpg",
    "source_id": "Woolworths - 1074444901",
    "barcode": null,
    "shop": "Woolworths",
    "weight": "100EA",
    "prices": [
      {
        "state": "NSW",
        "price": "3900",
        "price_per_unit": "5571",
        "price_unit": "EA"
      },
      {
        "state": "VIC",
        "price": "3900",
        "price_per_unit": "5571",
        "price_unit": "EA"
      },
      {
        "state": "QLD",
        "price": "3900",
        "price_per_unit": "5571",
        "price_unit": "EA"
      },
      {
        "state": "WA",
        "price": "3900",
        "price_per_unit": "5571",
        "price_unit": "EA"
      },
      {
        "state": "SA",
        "price": "3900",
        "price_per_unit": "5571",
        "price_unit": "EA"
      },
      {
        "state": "TAS",
        "price": "3900",
        "price_per_unit": "5571",
        "price_unit": "EA"
      },
      {
        "state": "ACT",
        "price": "3900",
        "price_per_unit": "5571",
        "price_unit": "EA"
      },
      {
        "state": "NT",
        "price": "3900",
        "price_per_unit": "5571",
        "price_unit": "EA"
      }
    ]
  },
  {
    "source_url": "https://www.woolworths.com.au/shop/productdetails/1074444749/cosrx-one-step-moisture-up-pad-70each",
    "name": "Cosrx One Step Moisture Up Pad 70each",
    "image_url": "https://cdn1.woolworths.media/content/wowproductimages/large/1074444749.jpg",
    "source_id": "Woolworths - 1074444749",
    "barcode": null,
    "shop": "Woolworths",
    "weight": "100EA",
    "prices": [
      {
        "state": "NSW",
        "price": "3900",
        "price_per_unit": "5571",
        "price_unit": "EA"
      },
      {
        "state": "VIC",
        "price": "3900",
        "price_per_unit": "5571",
        "price_unit": "EA"
      },
      {
        "state": "QLD",
        "price": "3900",
        "price_per_unit": "5571",
        "price_unit": "EA"
      },
      {
        "state": "WA",
        "price": "3900",
        "price_per_unit": "5571",
        "price_unit": "EA"
      },
      {
        "state": "SA",
        "price": "3900",
        "price_per_unit": "5571",
        "price_unit": "EA"
      },
      {
        "state": "TAS",
        "price": "3900",
        "price_per_unit": "5571",
        "price_unit": "EA"
      },
      {
        "state": "ACT",
        "price": "3900",
        "price_per_unit": "5571",
        "price_unit": "EA"
      },
      {
        "state": "NT",
        "price": "3900",
        "price_per_unit": "5571",
        "price_unit": "EA"
      }
    ]
  },
  {
    "source_url": "https://www.woolworths.com.au/shop/productdetails/1075500814/cosrx-one-step-original-clear-pad-3pcs-",
    "name": "COSRX One Step Original Clear Pad (3pcs)",
    "image_url": "https://cdn1.woolworths.media/content/wowproductimages/large/1075500814.jpg",
    "source_id": "Woolworths - 1075500814",
    "barcode": null,
    "shop": "Woolworths",
    "weight": "100EA",
    "prices": []
  },
  {
    "source_url": "https://www.woolworths.com.au/shop/productdetails/1074444727/cosrx-one-step-original-clear-pad-70each",
    "name": "Cosrx One Step Original Clear Pad 70each",
    "image_url": "https://cdn1.woolworths.media/content/wowproductimages/large/1074444727.jpg",
    "source_id": "Woolworths - 1074444727",
    "barcode": null,
    "shop": "Woolworths",
    "weight": "100EA",
    "prices": [
      {
        "state": "NSW",
        "price": "3900",
        "price_per_unit": "5571",
        "price_unit": "EA"
      },
      {
        "state": "VIC",
        "price": "3900",
        "price_per_unit": "5571",
        "price_unit": "EA"
      },
      {
        "state": "QLD",
        "price": "3900",
        "price_per_unit": "5571",
        "price_unit": "EA"
      },
      {
        "state": "WA",
        "price": "3900",
        "price_per_unit": "5571",
        "price_unit": "EA"
      },
      {
        "state": "SA",
        "price": "3900",
        "price_per_unit": "5571",
        "price_unit": "EA"
      },
      {
        "state": "TAS",
        "price": "3900",
        "price_per_unit": "5571",
        "price_unit": "EA"
      },
      {
        "state": "ACT",
        "price": "3900",
        "price_per_unit": "5571",
        "price_unit": "EA"
      },
      {
        "state": "NT",
        "price": "3900",
        "price_per_unit": "5571",
        "price_unit": "EA"
      }
    ]
  },
  {
    "source_url": "https://www.woolworths.com.au/shop/productdetails/1075497199/cosrx-the-aha-bha-pha-lha-35-peel",
    "name": "Cosrx The AHA BHA PHA LHA 35 Peel",
    "image_url": "https://cdn1.woolworths.media/content/wowproductimages/large/1075497199.jpg",
    "source_id": "Woolworths - 1075497199",
    "barcode": null,
    "shop": "Woolworths",
    "weight": "100ML",
    "prices": [
      {
        "state": "NSW",
        "price": "2900",
        "price_per_unit": "9667",
        "price_unit": "ML"
      },
      {
        "state": "VIC",
        "price": "2900",
        "price_per_unit": "9667",
        "price_unit": "ML"
      },
      {
        "state": "QLD",
        "price": "2900",
        "price_per_unit": "9667",
        "price_unit": "ML"
      },
      {
        "state": "WA",
        "price": "2900",
        "price_per_unit": "9667",
        "price_unit": "ML"
      },
      {
        "state": "SA",
        "price": "2900",
        "price_per_unit": "9667",
        "price_unit": "ML"
      },
      {
        "state": "TAS",
        "price": "2900",
        "price_per_unit": "9667",
        "price_unit": "ML"
      },
      {
        "state": "ACT",
        "price": "2900",
        "price_per_unit": "9667",
        "price_unit": "ML"
      },
      {
        "state": "NT",
        "price": "2900",
        "price_per_unit": "9667",
        "price_unit": "ML"
      }
    ]
  },
  {
    "source_url": "https://www.woolworths.com.au/shop/productdetails/1074446321/cosrx-the-retinol-0-1-cream-20ml",
    "name": "Cosrx The Retinol 0.1 Cream 20ml",
    "image_url": "https://cdn1.woolworths.media/content/wowproductimages/large/1074446321.jpg",
    "source_id": "Woolworths - 1074446321",
    "barcode": null,
    "shop": "Woolworths",
    "weight": "100ML",
    "prices": [
      {
        "state": "NSW",
        "price": "5700",
        "price_per_unit": "28500",
        "price_unit": "ML"
      },
      {
        "state": "VIC",
        "price": "5700",
        "price_per_unit": "28500",
        "price_unit": "ML"
      },
      {
        "state": "QLD",
        "price": "5700",
        "price_per_unit": "28500",
        "price_unit": "ML"
      },
      {
        "state": "WA",
        "price": "5700",
        "price_per_unit": "28500",
        "price_unit": "ML"
      },
      {
        "state": "SA",
        "price": "5700",
        "price_per_unit": "28500",
        "price_unit": "ML"
      },
      {
        "state": "TAS",
        "price": "5700",
        "price_per_unit": "28500",
        "price_unit": "ML"
      },
      {
        "state": "ACT",
        "price": "5700",
        "price_per_unit": "28500",
        "price_unit": "ML"
      },
      {
        "state": "NT",
        "price": "5700",
        "price_per_unit": "28500",
        "price_unit": "ML"
      }
    ]
  },
  {
    "source_url": "https://www.woolworths.com.au/shop/productdetails/1075500810/cosrx-the-retinol-0-1-cream-20ml-2pcs-",
    "name": "COSRX The Retinol 0.1 Cream 20ml (2pcs)",
    "image_url": "https://cdn1.woolworths.media/content/wowproductimages/large/1075500810.jpg",
    "source_id": "Woolworths - 1075500810",
    "barcode": null,
    "shop": "Woolworths",
    "weight": "1EA",
    "prices": [
      {
        "state": "NSW",
        "price": "9690",
        "price_per_unit": "4845",
        "price_unit": "EA"
      },
      {
        "state": "VIC",
        "price": "9690",
        "price_per_unit": "4845",
        "price_unit": "EA"
      },
      {
        "state": "QLD",
        "price": "9690",
        "price_per_unit": "4845",
        "price_unit": "EA"
      },
      {
        "state": "WA",
        "price": "9690",
        "price_per_unit": "4845",
        "price_unit": "EA"
      },
      {
        "state": "SA",
        "price": "9690",
        "price_per_unit": "4845",
        "price_unit": "EA"
      },
      {
        "state": "TAS",
        "price": "9690",
        "price_per_unit": "4845",
        "price_unit": "EA"
      },
      {
        "state": "ACT",
        "price": "9690",
        "price_per_unit": "4845",
        "price_unit": "EA"
      },
      {
        "state": "NT",
        "price": "9690",
        "price_per_unit": "4845",
        "price_unit": "EA"
      }
    ]
  },
  {
    "source_url": "https://www.woolworths.com.au/shop/productdetails/1075497198/cosrx-the-retinol-0-3-cream",
    "name": "COSRX The Retinol 0.3 Cream",
    "image_url": "https://cdn1.woolworths.media/content/wowproductimages/large/1075497198.jpg",
    "source_id": "Woolworths - 1075497198",
    "barcode": null,
    "shop": "Woolworths",
    "weight": "100ML",
    "prices": [
      {
        "state": "NSW",
        "price": "5900",
        "price_per_unit": "29500",
        "price_unit": "ML"
      },
      {
        "state": "VIC",
        "price": "5900",
        "price_per_unit": "29500",
        "price_unit": "ML"
      },
      {
        "state": "QLD",
        "price": "5900",
        "price_per_unit": "29500",
        "price_unit": "ML"
      },
      {
        "state": "WA",
        "price": "5900",
        "price_per_unit": "29500",
        "price_unit": "ML"
      },
      {
        "state": "SA",
        "price": "5900",
        "price_per_unit": "29500",
        "price_unit": "ML"
      },
      {
        "state": "TAS",
        "price": "5900",
        "price_per_unit": "29500",
        "price_unit": "ML"
      },
      {
        "state": "ACT",
        "price": "5900",
        "price_per_unit": "29500",
        "price_unit": "ML"
      },
      {
        "state": "NT",
        "price": "5900",
        "price_per_unit": "29500",
        "price_unit": "ML"
      }
    ]
  },
  {
    "source_url": "https://www.woolworths.com.au/shop/productdetails/1075500811/cosrx-the-retinol-0-5-oil-20ml-2pcs-",
    "name": "COSRX The Retinol 0.5 Oil 20ml (2pcs)",
    "image_url": "https://cdn1.woolworths.media/content/wowproductimages/large/1075500811.jpg",
    "source_id": "Woolworths - 1075500811",
    "barcode": null,
    "shop": "Woolworths",
    "weight": "1EA",
    "prices": [
      {
        "state": "NSW",
        "price": "9690",
        "price_per_unit": "4845",
        "price_unit": "EA"
      },
      {
        "state": "VIC",
        "price": "9690",
        "price_per_unit": "4845",
        "price_unit": "EA"
      },
      {
        "state": "QLD",
        "price": "9690",
        "price_per_unit": "4845",
        "price_unit": "EA"
      },
      {
        "state": "WA",
        "price": "9690",
        "price_per_unit": "4845",
        "price_unit": "EA"
      },
      {
        "state": "SA",
        "price": "9690",
        "price_per_unit": "4845",
        "price_unit": "EA"
      },
      {
        "state": "TAS",
        "price": "9690",
        "price_per_unit": "4845",
        "price_unit": "EA"
      },
      {
        "state": "ACT",
        "price": "9690",
        "price_per_unit": "4845",
        "price_unit": "EA"
      },
      {
        "state": "NT",
        "price": "9690",
        "price_per_unit": "4845",
        "price_unit": "EA"
      }
    ]
  },
  {
    "source_url": "https://www.woolworths.com.au/shop/productdetails/1074650895/cowshed-mother-stretch-mark-oil-100ml-3-38oz",
    "name": "Cowshed Mother Stretch Mark Oil 100ml/3.38oz",
    "image_url": "https://cdn1.woolworths.media/content/wowproductimages/large/1074650895.jpg",
    "source_id": "Woolworths - 1074650895",
    "barcode": null,
    "shop": "Woolworths",
    "weight": "100ML",
    "prices": [
      {
        "state": "NSW",
        "price": "4700",
        "price_per_unit": "4700",
        "price_unit": "ML"
      },
      {
        "state": "VIC",
        "price": "4700",
        "price_per_unit": "4700",
        "price_unit": "ML"
      },
      {
        "state": "QLD",
        "price": "4700",
        "price_per_unit": "4700",
        "price_unit": "ML"
      },
      {
        "state": "WA",
        "price": "4700",
        "price_per_unit": "4700",
        "price_unit": "ML"
      },
      {
        "state": "SA",
        "price": "4700",
        "price_per_unit": "4700",
        "price_unit": "ML"
      },
      {
        "state": "TAS",
        "price": "4700",
        "price_per_unit": "4700",
        "price_unit": "ML"
      },
      {
        "state": "ACT",
        "price": "4700",
        "price_per_unit": "4700",
        "price_unit": "ML"
      },
      {
        "state": "NT",
        "price": "4700",
        "price_per_unit": "4700",
        "price_unit": "ML"
      }
    ]
  },
  {
    "source_url": "https://www.woolworths.com.au/shop/productdetails/1074543809/cowshed-raspberry-seed-anti-oxidant-facial-oil-30ml-1oz",
    "name": "Cowshed Raspberry Seed Anti-Oxidant Facial Oil 30ml/1oz",
    "image_url": "https://cdn1.woolworths.media/content/wowproductimages/large/1074543809.jpg",
    "source_id": "Woolworths - 1074543809",
    "barcode": null,
    "shop": "Woolworths",
    "weight": "100ML",
    "prices": [
      {
        "state": "NSW",
        "price": "9350",
        "price_per_unit": "31167",
        "price_unit": "ML"
      },
      {
        "state": "VIC",
        "price": "9350",
        "price_per_unit": "31167",
        "price_unit": "ML"
      },
      {
        "state": "QLD",
        "price": "9350",
        "price_per_unit": "31167",
        "price_unit": "ML"
      },
      {
        "state": "WA",
        "price": "9350",
        "price_per_unit": "31167",
        "price_unit": "ML"
      },
      {
        "state": "SA",
        "price": "9350",
        "price_per_unit": "31167",
        "price_unit": "ML"
      },
      {
        "state": "TAS",
        "price": "9350",
        "price_per_unit": "31167",
        "price_unit": "ML"
      },
      {
        "state": "ACT",
        "price": "9350",
        "price_per_unit": "31167",
        "price_unit": "ML"
      },
      {
        "state": "NT",
        "price": "9350",
        "price_per_unit": "31167",
        "price_unit": "ML"
      }
    ]
  },
  {
    "source_url": "https://www.woolworths.com.au/shop/productdetails/1074650953/darphin-ideal-resource-light-re-birth-overnight-cream-50ml-1-7oz",
    "name": "Darphin Ideal Resource Light Re-Birth Overnight Cream 50ml/1.7oz",
    "image_url": "https://cdn1.woolworths.media/content/wowproductimages/large/1074650953.jpg",
    "source_id": "Woolworths - 1074650953",
    "barcode": null,
    "shop": "Woolworths",
    "weight": "100ML",
    "prices": [
      {
        "state": "NSW",
        "price": "8800",
        "price_per_unit": "17600",
        "price_unit": "ML"
      },
      {
        "state": "VIC",
        "price": "8800",
        "price_per_unit": "17600",
        "price_unit": "ML"
      },
      {
        "state": "QLD",
        "price": "8800",
        "price_per_unit": "17600",
        "price_unit": "ML"
      },
      {
        "state": "WA",
        "price": "8800",
        "price_per_unit": "17600",
        "price_unit": "ML"
      },
      {
        "state": "SA",
        "price": "8800",
        "price_per_unit": "17600",
        "price_unit": "ML"
      },
      {
        "state": "TAS",
        "price": "8800",
        "price_per_unit": "17600",
        "price_unit": "ML"
      },
      {
        "state": "ACT",
        "price": "8800",
        "price_per_unit": "17600",
        "price_unit": "ML"
      },
      {
        "state": "NT",
        "price": "8800",
        "price_per_unit": "17600",
        "price_unit": "ML"
      }
    ]
  },
  {
    "source_url": "https://www.woolworths.com.au/shop/productdetails/1074650981/decleor-bourrache-cica-botanic-oil-100ml-3-38oz",
    "name": "Decleor Bourrache Cica-Botanic Oil 100ml/3.38oz",
    "image_url": "https://cdn1.woolworths.media/content/wowproductimages/large/1074650981.jpg",
    "source_id": "Woolworths - 1074650981",
    "barcode": null,
    "shop": "Woolworths",
    "weight": "100ML",
    "prices": [
      {
        "state": "NSW",
        "price": "4500",
        "price_per_unit": "4500",
        "price_unit": "ML"
      },
      {
        "state": "VIC",
        "price": "4500",
        "price_per_unit": "4500",
        "price_unit": "ML"
      },
      {
        "state": "WA",
        "price": "4500",
        "price_per_unit": "4500",
        "price_unit": "ML"
      },
      {
        "state": "SA",
        "price": "4500",
        "price_per_unit": "4500",
        "price_unit": "ML"
      },
      {
        "state": "TAS",
        "price": "4500",
        "price_per_unit": "4500",
        "price_unit": "ML"
      },
      {
        "state": "ACT",
        "price": "4500",
        "price_per_unit": "4500",
        "price_unit": "ML"
      },
      {
        "state": "NT",
        "price": "4500",
        "price_per_unit": "4500",
        "price_unit": "ML"
      }
    ]
  },
  {
    "source_url": "https://www.woolworths.com.au/shop/productdetails/1074138154/derma-e-dermae-therapeutic-vitamin-e-skin-oil-14-000iu-with-vitamin-e-safflower-seed-oil-60ml",
    "name": "Derma E DermaE Therapeutic Vitamin E Skin Oil (14,000IU) with Vitamin E & Safflower Seed Oil 60ml",
    "image_url": "https://cdn1.woolworths.media/content/wowproductimages/large/1074138154.jpg",
    "source_id": "Woolworths - 1074138154",
    "barcode": null,
    "shop": "Woolworths",
    "weight": "100ML",
    "prices": [
      {
        "state": "NSW",
        "price": "7590",
        "price_per_unit": "12650",
        "price_unit": "ML"
      },
      {
        "state": "VIC",
        "price": "7590",
        "price_per_unit": "12650",
        "price_unit": "ML"
      },
      {
        "state": "QLD",
        "price": "7590",
        "price_per_unit": "12650",
        "price_unit": "ML"
      },
      {
        "state": "WA",
        "price": "7590",
        "price_per_unit": "12650",
        "price_unit": "ML"
      },
      {
        "state": "SA",
        "price": "7590",
        "price_per_unit": "12650",
        "price_unit": "ML"
      },
      {
        "state": "TAS",
        "price": "7590",
        "price_per_unit": "12650",
        "price_unit": "ML"
      },
      {
        "state": "ACT",
        "price": "7590",
        "price_per_unit": "12650",
        "price_unit": "ML"
      },
      {
        "state": "NT",
        "price": "7590",
        "price_per_unit": "12650",
        "price_unit": "ML"
      }
    ]
  },
  {
    "source_url": "https://www.woolworths.com.au/shop/productdetails/1075479180/derma-e-hydrating-day-cream-56g",
    "name": "Derma E Hydrating Day Cream 56g",
    "image_url": "https://cdn1.woolworths.media/content/wowproductimages/large/1075479180.jpg",
    "source_id": "Woolworths - 1075479180",
    "barcode": null,
    "shop": "Woolworths",
    "weight": "100G",
    "prices": [
      {
        "state": "NSW",
        "price": "3670",
        "price_per_unit": "6554",
        "price_unit": "G"
      },
      {
        "state": "VIC",
        "price": "3670",
        "price_per_unit": "6554",
        "price_unit": "G"
      },
      {
        "state": "QLD",
        "price": "3670",
        "price_per_unit": "6554",
        "price_unit": "G"
      },
      {
        "state": "WA",
        "price": "3670",
        "price_per_unit": "6554",
        "price_unit": "G"
      },
      {
        "state": "SA",
        "price": "3670",
        "price_per_unit": "6554",
        "price_unit": "G"
      },
      {
        "state": "TAS",
        "price": "3670",
        "price_per_unit": "6554",
        "price_unit": "G"
      },
      {
        "state": "ACT",
        "price": "3670",
        "price_per_unit": "6554",
        "price_unit": "G"
      },
      {
        "state": "NT",
        "price": "3670",
        "price_per_unit": "6554",
        "price_unit": "G"
      }
    ]
  },
  {
    "source_url": "https://www.woolworths.com.au/shop/productdetails/1075480762/derma-e-hydrating-night-cream-56g",
    "name": "Derma E Hydrating Night Cream 56g",
    "image_url": "https://cdn1.woolworths.media/content/wowproductimages/large/1075480762.jpg",
    "source_id": "Woolworths - 1075480762",
    "barcode": null,
    "shop": "Woolworths",
    "weight": "100G",
    "prices": [
      {
        "state": "NSW",
        "price": "3670",
        "price_per_unit": "6554",
        "price_unit": "G"
      },
      {
        "state": "VIC",
        "price": "3670",
        "price_per_unit": "6554",
        "price_unit": "G"
      },
      {
        "state": "QLD",
        "price": "3670",
        "price_per_unit": "6554",
        "price_unit": "G"
      },
      {
        "state": "WA",
        "price": "3670",
        "price_per_unit": "6554",
        "price_unit": "G"
      },
      {
        "state": "SA",
        "price": "3670",
        "price_per_unit": "6554",
        "price_unit": "G"
      },
      {
        "state": "TAS",
        "price": "3670",
        "price_per_unit": "6554",
        "price_unit": "G"
      },
      {
        "state": "ACT",
        "price": "3670",
        "price_per_unit": "6554",
        "price_unit": "G"
      },
      {
        "state": "NT",
        "price": "3670",
        "price_per_unit": "6554",
        "price_unit": "G"
      }
    ]
  },
  {
    "source_url": "https://www.woolworths.com.au/shop/productdetails/1075481252/derma-e-pure-biome-balancing-cream-56g",
    "name": "Derma E Pure Biome Balancing Cream 56g",
    "image_url": "https://cdn1.woolworths.media/content/wowproductimages/large/1075481252.jpg",
    "source_id": "Woolworths - 1075481252",
    "barcode": null,
    "shop": "Woolworths",
    "weight": "100G",
    "prices": [
      {
        "state": "NSW",
        "price": "4395",
        "price_per_unit": "7848",
        "price_unit": "G"
      },
      {
        "state": "VIC",
        "price": "4395",
        "price_per_unit": "7848",
        "price_unit": "G"
      },
      {
        "state": "QLD",
        "price": "4395",
        "price_per_unit": "7848",
        "price_unit": "G"
      },
      {
        "state": "WA",
        "price": "4395",
        "price_per_unit": "7848",
        "price_unit": "G"
      },
      {
        "state": "SA",
        "price": "4395",
        "price_per_unit": "7848",
        "price_unit": "G"
      },
      {
        "state": "TAS",
        "price": "4395",
        "price_per_unit": "7848",
        "price_unit": "G"
      },
      {
        "state": "ACT",
        "price": "4395",
        "price_per_unit": "7848",
        "price_unit": "G"
      },
      {
        "state": "NT",
        "price": "4395",
        "price_per_unit": "7848",
        "price_unit": "G"
      }
    ]
  },
  {
    "source_url": "https://www.woolworths.com.au/shop/productdetails/1075479364/derma-e-ultra-lift-firming-dmae-moisturizer-56g",
    "name": "Derma E Ultra Lift Firming DMAE Moisturizer 56g",
    "image_url": "https://cdn1.woolworths.media/content/wowproductimages/large/1075479364.jpg",
    "source_id": "Woolworths - 1075479364",
    "barcode": null,
    "shop": "Woolworths",
    "weight": "100G",
    "prices": [
      {
        "state": "NSW",
        "price": "3670",
        "price_per_unit": "6554",
        "price_unit": "G"
      },
      {
        "state": "VIC",
        "price": "3670",
        "price_per_unit": "6554",
        "price_unit": "G"
      },
      {
        "state": "QLD",
        "price": "3670",
        "price_per_unit": "6554",
        "price_unit": "G"
      },
      {
        "state": "WA",
        "price": "3670",
        "price_per_unit": "6554",
        "price_unit": "G"
      },
      {
        "state": "SA",
        "price": "3670",
        "price_per_unit": "6554",
        "price_unit": "G"
      },
      {
        "state": "TAS",
        "price": "3670",
        "price_per_unit": "6554",
        "price_unit": "G"
      },
      {
        "state": "ACT",
        "price": "3670",
        "price_per_unit": "6554",
        "price_unit": "G"
      },
      {
        "state": "NT",
        "price": "3670",
        "price_per_unit": "6554",
        "price_unit": "G"
      }
    ]
  },
  {
    "source_url": "https://www.woolworths.com.au/shop/productdetails/1075480945/derma-e-vitamin-c-intense-night-cream-56g",
    "name": "Derma E Vitamin C Intense Night Cream 56G",
    "image_url": "https://cdn1.woolworths.media/content/wowproductimages/large/1075480945.jpg",
    "source_id": "Woolworths - 1075480945",
    "barcode": null,
    "shop": "Woolworths",
    "weight": "100G",
    "prices": [
      {
        "state": "NSW",
        "price": "3670",
        "price_per_unit": "6554",
        "price_unit": "G"
      },
      {
        "state": "VIC",
        "price": "3670",
        "price_per_unit": "6554",
        "price_unit": "G"
      },
      {
        "state": "QLD",
        "price": "3670",
        "price_per_unit": "6554",
        "price_unit": "G"
      },
      {
        "state": "WA",
        "price": "3670",
        "price_per_unit": "6554",
        "price_unit": "G"
      },
      {
        "state": "SA",
        "price": "3670",
        "price_per_unit": "6554",
        "price_unit": "G"
      },
      {
        "state": "TAS",
        "price": "3670",
        "price_per_unit": "6554",
        "price_unit": "G"
      },
      {
        "state": "ACT",
        "price": "3670",
        "price_per_unit": "6554",
        "price_unit": "G"
      },
      {
        "state": "NT",
        "price": "3670",
        "price_per_unit": "6554",
        "price_unit": "G"
      }
    ]
  },
  {
    "source_url": "https://www.woolworths.com.au/shop/productdetails/1075480063/derma-e-vitamin-c-moisturiser-60ml",
    "name": "Derma E Vitamin C Moisturiser 60ml",
    "image_url": "https://cdn1.woolworths.media/content/wowproductimages/large/1075480063.jpg",
    "source_id": "Woolworths - 1075480063",
    "barcode": null,
    "shop": "Woolworths",
    "weight": "100ML",
    "prices": [
      {
        "state": "NSW",
        "price": "3670",
        "price_per_unit": "6117",
        "price_unit": "ML"
      },
      {
        "state": "VIC",
        "price": "3670",
        "price_per_unit": "6117",
        "price_unit": "ML"
      },
      {
        "state": "QLD",
        "price": "3670",
        "price_per_unit": "6117",
        "price_unit": "ML"
      },
      {
        "state": "WA",
        "price": "3670",
        "price_per_unit": "6117",
        "price_unit": "ML"
      },
      {
        "state": "SA",
        "price": "3670",
        "price_per_unit": "6117",
        "price_unit": "ML"
      },
      {
        "state": "TAS",
        "price": "3670",
        "price_per_unit": "6117",
        "price_unit": "ML"
      },
      {
        "state": "ACT",
        "price": "3670",
        "price_per_unit": "6117",
        "price_unit": "ML"
      },
      {
        "state": "NT",
        "price": "3670",
        "price_per_unit": "6117",
        "price_unit": "ML"
      }
    ]
  },
  {
    "source_url": "https://www.woolworths.com.au/shop/productdetails/1075481286/derma-e-vitamin-e-12000-iu-cream-113g",
    "name": "Derma E Vitamin E 12000 IU Cream 113g",
    "image_url": "https://cdn1.woolworths.media/content/wowproductimages/large/1075481286.jpg",
    "source_id": "Woolworths - 1075481286",
    "barcode": null,
    "shop": "Woolworths",
    "weight": "100G",
    "prices": [
      {
        "state": "NSW",
        "price": "2095",
        "price_per_unit": "1854",
        "price_unit": "G"
      },
      {
        "state": "VIC",
        "price": "2095",
        "price_per_unit": "1854",
        "price_unit": "G"
      },
      {
        "state": "QLD",
        "price": "2095",
        "price_per_unit": "1854",
        "price_unit": "G"
      },
      {
        "state": "WA",
        "price": "2095",
        "price_per_unit": "1854",
        "price_unit": "G"
      },
      {
        "state": "SA",
        "price": "2095",
        "price_per_unit": "1854",
        "price_unit": "G"
      },
      {
        "state": "TAS",
        "price": "2095",
        "price_per_unit": "1854",
        "price_unit": "G"
      },
      {
        "state": "ACT",
        "price": "2095",
        "price_per_unit": "1854",
        "price_unit": "G"
      },
      {
        "state": "NT",
        "price": "2095",
        "price_per_unit": "1854",
        "price_unit": "G"
      }
    ]
  },
  {
    "source_url": "https://www.woolworths.com.au/shop/productdetails/1074651049/dermadoctor-kakadu-c-high-potency-evening-oil-30ml-1-01oz",
    "name": "DERMAdoctor Kakadu C High Potency Evening Oil 30ml/1.01oz",
    "image_url": "https://cdn1.woolworths.media/content/wowproductimages/large/1074651049.jpg",
    "source_id": "Woolworths - 1074651049",
    "barcode": null,
    "shop": "Woolworths",
    "weight": "100ML",
    "prices": [
      {
        "state": "NSW",
        "price": "11000",
        "price_per_unit": "36667",
        "price_unit": "ML"
      },
      {
        "state": "VIC",
        "price": "11000",
        "price_per_unit": "36667",
        "price_unit": "ML"
      },
      {
        "state": "QLD",
        "price": "11000",
        "price_per_unit": "36667",
        "price_unit": "ML"
      },
      {
        "state": "WA",
        "price": "11000",
        "price_per_unit": "36667",
        "price_unit": "ML"
      },
      {
        "state": "SA",
        "price": "11000",
        "price_per_unit": "36667",
        "price_unit": "ML"
      },
      {
        "state": "TAS",
        "price": "11000",
        "price_per_unit": "36667",
        "price_unit": "ML"
      },
      {
        "state": "ACT",
        "price": "11000",
        "price_per_unit": "36667",
        "price_unit": "ML"
      },
      {
        "state": "NT",
        "price": "11000",
        "price_per_unit": "36667",
        "price_unit": "ML"
      }
    ]
  },
  {
    "source_url": "https://www.woolworths.com.au/shop/productdetails/1075481466/dermal-therapy-very-dry-face-cream-50g",
    "name": "Dermal Therapy Very Dry Face Cream 50g",
    "image_url": "https://cdn1.woolworths.media/content/wowproductimages/large/1075481466.jpg",
    "source_id": "Woolworths - 1075481466",
    "barcode": null,
    "shop": "Woolworths",
    "weight": "100G",
    "prices": [
      {
        "state": "NSW",
        "price": "1545",
        "price_per_unit": "3090",
        "price_unit": "G"
      },
      {
        "state": "VIC",
        "price": "1545",
        "price_per_unit": "3090",
        "price_unit": "G"
      },
      {
        "state": "QLD",
        "price": "1545",
        "price_per_unit": "3090",
        "price_unit": "G"
      },
      {
        "state": "QLD",
        "price": "1545",
        "price_per_unit": "3090",
        "price_unit": "G"
      },
      {
        "state": "WA",
        "price": "1545",
        "price_per_unit": "3090",
        "price_unit": "G"
      },
      {
        "state": "SA",
        "price": "1545",
        "price_per_unit": "3090",
        "price_unit": "G"
      },
      {
        "state": "TAS",
        "price": "1545",
        "price_per_unit": "3090",
        "price_unit": "G"
      },
      {
        "state": "ACT",
        "price": "1545",
        "price_per_unit": "3090",
        "price_unit": "G"
      },
      {
        "state": "NT",
        "price": "1545",
        "price_per_unit": "3090",
        "price_unit": "G"
      }
    ]
  },
  {
    "source_url": "https://www.woolworths.com.au/shop/productdetails/1074750215/dermal-therapy-very-dry-skin-wash-1l",
    "name": "Dermal Therapy Very Dry Skin Wash 1L",
    "image_url": "https://cdn1.woolworths.media/content/wowproductimages/large/1074750215.jpg",
    "source_id": "Woolworths - 1074750215",
    "barcode": null,
    "shop": "Woolworths",
    "weight": "100ML",
    "prices": [
      {
        "state": "NSW",
        "price": "2000",
        "price_per_unit": "200",
        "price_unit": "ML"
      },
      {
        "state": "VIC",
        "price": "2000",
        "price_per_unit": "200",
        "price_unit": "ML"
      },
      {
        "state": "QLD",
        "price": "2500",
        "price_per_unit": "250",
        "price_unit": "ML"
      },
      {
        "state": "QLD",
        "price": "2500",
        "price_per_unit": "250",
        "price_unit": "ML"
      },
      {
        "state": "WA",
        "price": "2500",
        "price_per_unit": "250",
        "price_unit": "ML"
      },
      {
        "state": "SA",
        "price": "2500",
        "price_per_unit": "250",
        "price_unit": "ML"
      },
      {
        "state": "TAS",
        "price": "2500",
        "price_per_unit": "250",
        "price_unit": "ML"
      },
      {
        "state": "ACT",
        "price": "2500",
        "price_per_unit": "250",
        "price_unit": "ML"
      },
      {
        "state": "NT",
        "price": "2500",
        "price_per_unit": "250",
        "price_unit": "ML"
      }
    ]
  },
  {
    "source_url": "https://www.woolworths.com.au/shop/productdetails/1074651079/dermalogica-active-clearing-retinol-clearing-oil-30ml-1oz",
    "name": "Dermalogica Active Clearing Retinol Clearing Oil 30ml/1oz",
    "image_url": "https://cdn1.woolworths.media/content/wowproductimages/large/1074651079.jpg",
    "source_id": "Woolworths - 1074651079",
    "barcode": null,
    "shop": "Woolworths",
    "weight": "100ML",
    "prices": [
      {
        "state": "NSW",
        "price": "16500",
        "price_per_unit": "55000",
        "price_unit": "ML"
      },
      {
        "state": "VIC",
        "price": "16500",
        "price_per_unit": "55000",
        "price_unit": "ML"
      },
      {
        "state": "QLD",
        "price": "16500",
        "price_per_unit": "55000",
        "price_unit": "ML"
      },
      {
        "state": "QLD",
        "price": "16500",
        "price_per_unit": "55000",
        "price_unit": "ML"
      },
      {
        "state": "WA",
        "price": "16500",
        "price_per_unit": "55000",
        "price_unit": "ML"
      },
      {
        "state": "SA",
        "price": "16500",
        "price_per_unit": "55000",
        "price_unit": "ML"
      },
      {
        "state": "TAS",
        "price": "16500",
        "price_per_unit": "55000",
        "price_unit": "ML"
      },
      {
        "state": "ACT",
        "price": "16500",
        "price_per_unit": "55000",
        "price_unit": "ML"
      },
      {
        "state": "NT",
        "price": "16500",
        "price_per_unit": "55000",
        "price_unit": "ML"
      }
    ]
  },
  {
    "source_url": "https://www.woolworths.com.au/shop/productdetails/1074651080/dermalogica-active-moist-50ml-1-7oz",
    "name": "Dermalogica Active Moist 50ml/1.7oz",
    "image_url": "https://cdn1.woolworths.media/content/wowproductimages/large/1074651080.jpg",
    "source_id": "Woolworths - 1074651080",
    "barcode": null,
    "shop": "Woolworths",
    "weight": "100ML",
    "prices": [
      {
        "state": "NSW",
        "price": "9400",
        "price_per_unit": "18800",
        "price_unit": "ML"
      },
      {
        "state": "VIC",
        "price": "9400",
        "price_per_unit": "18800",
        "price_unit": "ML"
      },
      {
        "state": "QLD",
        "price": "9400",
        "price_per_unit": "18800",
        "price_unit": "ML"
      },
      {
        "state": "QLD",
        "price": "9400",
        "price_per_unit": "18800",
        "price_unit": "ML"
      },
      {
        "state": "WA",
        "price": "9400",
        "price_per_unit": "18800",
        "price_unit": "ML"
      },
      {
        "state": "SA",
        "price": "9400",
        "price_per_unit": "18800",
        "price_unit": "ML"
      },
      {
        "state": "TAS",
        "price": "9400",
        "price_per_unit": "18800",
        "price_unit": "ML"
      },
      {
        "state": "ACT",
        "price": "9400",
        "price_per_unit": "18800",
        "price_unit": "ML"
      },
      {
        "state": "NT",
        "price": "9400",
        "price_per_unit": "18800",
        "price_unit": "ML"
      }
    ]
  },
  {
    "source_url": "https://www.woolworths.com.au/shop/productdetails/1075041029/dermalogica-porescreen-mineral-sunscreen-spf40-30ml-1oz",
    "name": "Dermalogica Porescreen Mineral Sunscreen SPF40 30ml/1oz",
    "image_url": "https://cdn1.woolworths.media/content/wowproductimages/large/1075041029.jpg",
    "source_id": "Woolworths - 1075041029",
    "barcode": null,
    "shop": "Woolworths",
    "weight": "100ML",
    "prices": [
      {
        "state": "NSW",
        "price": "10100",
        "price_per_unit": "33667",
        "price_unit": "ML"
      },
      {
        "state": "VIC",
        "price": "10100",
        "price_per_unit": "33667",
        "price_unit": "ML"
      },
      {
        "state": "QLD",
        "price": "10100",
        "price_per_unit": "33667",
        "price_unit": "ML"
      },
      {
        "state": "WA",
        "price": "10100",
        "price_per_unit": "33667",
        "price_unit": "ML"
      },
      {
        "state": "SA",
        "price": "10100",
        "price_per_unit": "33667",
        "price_unit": "ML"
      },
      {
        "state": "TAS",
        "price": "10100",
        "price_per_unit": "33667",
        "price_unit": "ML"
      },
      {
        "state": "ACT",
        "price": "10100",
        "price_per_unit": "33667",
        "price_unit": "ML"
      },
      {
        "state": "NT",
        "price": "10100",
        "price_per_unit": "33667",
        "price_unit": "ML"
      }
    ]
  },
  {
    "source_url": "https://www.woolworths.com.au/shop/productdetails/1074651118/dermalogica-powerbright-trx-pure-night-50ml-1-7oz",
    "name": "Dermalogica PowerBright TRx Pure Night 50ml/1.7oz",
    "image_url": "https://cdn1.woolworths.media/content/wowproductimages/large/1074651118.jpg",
    "source_id": "Woolworths - 1074651118",
    "barcode": null,
    "shop": "Woolworths",
    "weight": "100ML",
    "prices": [
      {
        "state": "NSW",
        "price": "16500",
        "price_per_unit": "33000",
        "price_unit": "ML"
      },
      {
        "state": "VIC",
        "price": "16500",
        "price_per_unit": "33000",
        "price_unit": "ML"
      },
      {
        "state": "QLD",
        "price": "16500",
        "price_per_unit": "33000",
        "price_unit": "ML"
      },
      {
        "state": "WA",
        "price": "16500",
        "price_per_unit": "33000",
        "price_unit": "ML"
      },
      {
        "state": "SA",
        "price": "16500",
        "price_per_unit": "33000",
        "price_unit": "ML"
      },
      {
        "state": "TAS",
        "price": "16500",
        "price_per_unit": "33000",
        "price_unit": "ML"
      },
      {
        "state": "ACT",
        "price": "16500",
        "price_per_unit": "33000",
        "price_unit": "ML"
      },
      {
        "state": "NT",
        "price": "16500",
        "price_per_unit": "33000",
        "price_unit": "ML"
      }
    ]
  },
  {
    "source_url": "https://www.woolworths.com.au/shop/productdetails/1074651125/dermalogica-sound-sleep-cocoon-transformative-night-gel-cream-50ml-1-7oz",
    "name": "Dermalogica Sound Sleep Cocoon Transformative Night Gel-Cream 50ml/1.7oz",
    "image_url": "https://cdn1.woolworths.media/content/wowproductimages/large/1074651125.jpg",
    "source_id": "Woolworths - 1074651125",
    "barcode": null,
    "shop": "Woolworths",
    "weight": "100ML",
    "prices": [
      {
        "state": "NSW",
        "price": "14400",
        "price_per_unit": "28800",
        "price_unit": "ML"
      },
      {
        "state": "VIC",
        "price": "14400",
        "price_per_unit": "28800",
        "price_unit": "ML"
      },
      {
        "state": "QLD",
        "price": "14400",
        "price_per_unit": "28800",
        "price_unit": "ML"
      },
      {
        "state": "WA",
        "price": "14400",
        "price_per_unit": "28800",
        "price_unit": "ML"
      },
      {
        "state": "SA",
        "price": "14400",
        "price_per_unit": "28800",
        "price_unit": "ML"
      },
      {
        "state": "TAS",
        "price": "14400",
        "price_per_unit": "28800",
        "price_unit": "ML"
      },
      {
        "state": "ACT",
        "price": "14400",
        "price_per_unit": "28800",
        "price_unit": "ML"
      },
      {
        "state": "NT",
        "price": "14400",
        "price_per_unit": "28800",
        "price_unit": "ML"
      }
    ]
  },
  {
    "source_url": "https://www.woolworths.com.au/shop/productdetails/1074685362/dermatory-itch-relief-cica-cream-70ml",
    "name": "Dermatory Itch Relief Cica Cream 70ml",
    "image_url": "https://cdn1.woolworths.media/content/wowproductimages/large/1074685362.jpg",
    "source_id": "Woolworths - 1074685362",
    "barcode": null,
    "shop": "Woolworths",
    "weight": "100ML",
    "prices": [
      {
        "state": "NSW",
        "price": "4800",
        "price_per_unit": "6857",
        "price_unit": "ML"
      },
      {
        "state": "VIC",
        "price": "4800",
        "price_per_unit": "6857",
        "price_unit": "ML"
      },
      {
        "state": "QLD",
        "price": "4800",
        "price_per_unit": "6857",
        "price_unit": "ML"
      },
      {
        "state": "QLD",
        "price": "4800",
        "price_per_unit": "6857",
        "price_unit": "ML"
      },
      {
        "state": "WA",
        "price": "4800",
        "price_per_unit": "6857",
        "price_unit": "ML"
      },
      {
        "state": "SA",
        "price": "4800",
        "price_per_unit": "6857",
        "price_unit": "ML"
      },
      {
        "state": "TAS",
        "price": "4800",
        "price_per_unit": "6857",
        "price_unit": "ML"
      },
      {
        "state": "ACT",
        "price": "4800",
        "price_per_unit": "6857",
        "price_unit": "ML"
      },
      {
        "state": "NT",
        "price": "4800",
        "price_per_unit": "6857",
        "price_unit": "ML"
      }
    ]
  },
  {
    "source_url": "https://www.woolworths.com.au/shop/productdetails/1075477094/dermaveen-face-regenerating-night-cream-50ml",
    "name": "DermaVeen Face Regenerating Night Cream 50ml",
    "image_url": "https://cdn1.woolworths.media/content/wowproductimages/large/1075477094.jpg",
    "source_id": "Woolworths - 1075477094",
    "barcode": null,
    "shop": "Woolworths",
    "weight": "100ML",
    "prices": [
      {
        "state": "NSW",
        "price": "1880",
        "price_per_unit": "3760",
        "price_unit": "ML"
      },
      {
        "state": "VIC",
        "price": "1880",
        "price_per_unit": "3760",
        "price_unit": "ML"
      },
      {
        "state": "WA",
        "price": "1880",
        "price_per_unit": "3760",
        "price_unit": "ML"
      },
      {
        "state": "SA",
        "price": "1880",
        "price_per_unit": "3760",
        "price_unit": "ML"
      },
      {
        "state": "TAS",
        "price": "1880",
        "price_per_unit": "3760",
        "price_unit": "ML"
      },
      {
        "state": "ACT",
        "price": "1880",
        "price_per_unit": "3760",
        "price_unit": "ML"
      },
      {
        "state": "NT",
        "price": "1880",
        "price_per_unit": "3760",
        "price_unit": "ML"
      }
    ]
  },
  {
    "source_url": "https://www.woolworths.com.au/shop/productdetails/1075480360/dermaveen-hydrating-facial-moisturiser-75ml",
    "name": "DermaVeen Hydrating Facial Moisturiser 75ml",
    "image_url": "https://cdn1.woolworths.media/content/wowproductimages/large/1075480360.jpg",
    "source_id": "Woolworths - 1075480360",
    "barcode": null,
    "shop": "Woolworths",
    "weight": "100ML",
    "prices": [
      {
        "state": "NSW",
        "price": "1279",
        "price_per_unit": "1705",
        "price_unit": "ML"
      },
      {
        "state": "VIC",
        "price": "1279",
        "price_per_unit": "1705",
        "price_unit": "ML"
      },
      {
        "state": "WA",
        "price": "1279",
        "price_per_unit": "1705",
        "price_unit": "ML"
      },
      {
        "state": "SA",
        "price": "1279",
        "price_per_unit": "1705",
        "price_unit": "ML"
      },
      {
        "state": "TAS",
        "price": "1279",
        "price_per_unit": "1705",
        "price_unit": "ML"
      },
      {
        "state": "ACT",
        "price": "1279",
        "price_per_unit": "1705",
        "price_unit": "ML"
      },
      {
        "state": "NT",
        "price": "1279",
        "price_per_unit": "1705",
        "price_unit": "ML"
      }
    ]
  },
  {
    "source_url": "https://www.woolworths.com.au/shop/productdetails/1075479550/dermaveen-ultra-light-day-lotion-spf50-50ml",
    "name": "DermaVeen Ultra Light Day Lotion SPF50+ 50ml",
    "image_url": "https://cdn1.woolworths.media/content/wowproductimages/large/1075479550.jpg",
    "source_id": "Woolworths - 1075479550",
    "barcode": null,
    "shop": "Woolworths",
    "weight": "100ML",
    "prices": [
      {
        "state": "NSW",
        "price": "1795",
        "price_per_unit": "3590",
        "price_unit": "ML"
      },
      {
        "state": "VIC",
        "price": "1795",
        "price_per_unit": "3590",
        "price_unit": "ML"
      },
      {
        "state": "QLD",
        "price": "1795",
        "price_per_unit": "3590",
        "price_unit": "ML"
      },
      {
        "state": "WA",
        "price": "1795",
        "price_per_unit": "3590",
        "price_unit": "ML"
      },
      {
        "state": "SA",
        "price": "1795",
        "price_per_unit": "3590",
        "price_unit": "ML"
      },
      {
        "state": "TAS",
        "price": "1795",
        "price_per_unit": "3590",
        "price_unit": "ML"
      },
      {
        "state": "ACT",
        "price": "1795",
        "price_per_unit": "3590",
        "price_unit": "ML"
      },
      {
        "state": "NT",
        "price": "1795",
        "price_per_unit": "3590",
        "price_unit": "ML"
      }
    ]
  },
  {
    "source_url": "https://www.woolworths.com.au/shop/productdetails/1073918460/dope-skin-co-3-step-antioxidants-kit-with-hemp",
    "name": "Dope Skin Co 3-Step Antioxidants Kit with Hemp",
    "image_url": "https://cdn1.woolworths.media/content/wowproductimages/large/1073918460.jpg",
    "source_id": "Woolworths - 1073918460",
    "barcode": null,
    "shop": "Woolworths",
    "weight": "1EA",
    "prices": [
      {
        "state": "NSW",
        "price": "10485",
        "price_per_unit": "3495",
        "price_unit": "EA"
      },
      {
        "state": "VIC",
        "price": "10485",
        "price_per_unit": "3495",
        "price_unit": "EA"
      },
      {
        "state": "QLD",
        "price": "10485",
        "price_per_unit": "3495",
        "price_unit": "EA"
      },
      {
        "state": "WA",
        "price": "10485",
        "price_per_unit": "3495",
        "price_unit": "EA"
      },
      {
        "state": "SA",
        "price": "10485",
        "price_per_unit": "3495",
        "price_unit": "EA"
      },
      {
        "state": "TAS",
        "price": "10485",
        "price_per_unit": "3495",
        "price_unit": "EA"
      },
      {
        "state": "ACT",
        "price": "10485",
        "price_per_unit": "3495",
        "price_unit": "EA"
      },
      {
        "state": "NT",
        "price": "10485",
        "price_per_unit": "3495",
        "price_unit": "EA"
      }
    ]
  },
  {
    "source_url": "https://www.woolworths.com.au/shop/productdetails/1073918336/dope-skin-co-3-step-calming-skin-kit-with-hemp",
    "name": "Dope Skin Co 3-Step Calming Skin Kit with Hemp",
    "image_url": "https://cdn1.woolworths.media/content/wowproductimages/large/1073918336.jpg",
    "source_id": "Woolworths - 1073918336",
    "barcode": null,
    "shop": "Woolworths",
    "weight": "1EA",
    "prices": [
      {
        "state": "NSW",
        "price": "10985",
        "price_per_unit": "3662",
        "price_unit": "EA"
      },
      {
        "state": "VIC",
        "price": "10985",
        "price_per_unit": "3662",
        "price_unit": "EA"
      },
      {
        "state": "QLD",
        "price": "10985",
        "price_per_unit": "3662",
        "price_unit": "EA"
      },
      {
        "state": "WA",
        "price": "10985",
        "price_per_unit": "3662",
        "price_unit": "EA"
      },
      {
        "state": "SA",
        "price": "10985",
        "price_per_unit": "3662",
        "price_unit": "EA"
      },
      {
        "state": "TAS",
        "price": "10985",
        "price_per_unit": "3662",
        "price_unit": "EA"
      },
      {
        "state": "ACT",
        "price": "10985",
        "price_per_unit": "3662",
        "price_unit": "EA"
      },
      {
        "state": "NT",
        "price": "10985",
        "price_per_unit": "3662",
        "price_unit": "EA"
      }
    ]
  },
  {
    "source_url": "https://www.woolworths.com.au/shop/productdetails/1073918337/dope-skin-co-3-step-clear-skin-kit-with-hemp",
    "name": "Dope Skin Co 3-Step Clear Skin Kit with Hemp",
    "image_url": "https://cdn1.woolworths.media/content/wowproductimages/large/1073918337.jpg",
    "source_id": "Woolworths - 1073918337",
    "barcode": null,
    "shop": "Woolworths",
    "weight": "1EA",
    "prices": [
      {
        "state": "NSW",
        "price": "11485",
        "price_per_unit": "3828",
        "price_unit": "EA"
      },
      {
        "state": "VIC",
        "price": "11485",
        "price_per_unit": "3828",
        "price_unit": "EA"
      },
      {
        "state": "QLD",
        "price": "11485",
        "price_per_unit": "3828",
        "price_unit": "EA"
      },
      {
        "state": "WA",
        "price": "11485",
        "price_per_unit": "3828",
        "price_unit": "EA"
      },
      {
        "state": "SA",
        "price": "11485",
        "price_per_unit": "3828",
        "price_unit": "EA"
      },
      {
        "state": "TAS",
        "price": "11485",
        "price_per_unit": "3828",
        "price_unit": "EA"
      },
      {
        "state": "ACT",
        "price": "11485",
        "price_per_unit": "3828",
        "price_unit": "EA"
      },
      {
        "state": "NT",
        "price": "11485",
        "price_per_unit": "3828",
        "price_unit": "EA"
      }
    ]
  },
  {
    "source_url": "https://www.woolworths.com.au/shop/productdetails/1073921157/dope-skin-co-3-step-pigmentation-treatment-kit-with-hemp",
    "name": "Dope Skin Co 3-Step Pigmentation Treatment Kit with Hemp",
    "image_url": "https://cdn1.woolworths.media/content/wowproductimages/large/1073921157.jpg",
    "source_id": "Woolworths - 1073921157",
    "barcode": null,
    "shop": "Woolworths",
    "weight": "1EA",
    "prices": [
      {
        "state": "NSW",
        "price": "10985",
        "price_per_unit": "3662",
        "price_unit": "EA"
      },
      {
        "state": "VIC",
        "price": "10985",
        "price_per_unit": "3662",
        "price_unit": "EA"
      },
      {
        "state": "QLD",
        "price": "10985",
        "price_per_unit": "3662",
        "price_unit": "EA"
      },
      {
        "state": "WA",
        "price": "10985",
        "price_per_unit": "3662",
        "price_unit": "EA"
      },
      {
        "state": "SA",
        "price": "10985",
        "price_per_unit": "3662",
        "price_unit": "EA"
      },
      {
        "state": "TAS",
        "price": "10985",
        "price_per_unit": "3662",
        "price_unit": "EA"
      },
      {
        "state": "ACT",
        "price": "10985",
        "price_per_unit": "3662",
        "price_unit": "EA"
      },
      {
        "state": "NT",
        "price": "10985",
        "price_per_unit": "3662",
        "price_unit": "EA"
      }
    ]
  },
  {
    "source_url": "https://www.woolworths.com.au/shop/productdetails/1073918338/dope-skin-co-6-step-brighter-skin-kit-with-hemp",
    "name": "Dope Skin Co 6-Step Brighter Skin Kit with Hemp",
    "image_url": "https://cdn1.woolworths.media/content/wowproductimages/large/1073918338.jpg",
    "source_id": "Woolworths - 1073918338",
    "barcode": null,
    "shop": "Woolworths",
    "weight": "1EA",
    "prices": [
      {
        "state": "NSW",
        "price": "23475",
        "price_per_unit": "3913",
        "price_unit": "EA"
      },
      {
        "state": "VIC",
        "price": "23475",
        "price_per_unit": "3913",
        "price_unit": "EA"
      },
      {
        "state": "QLD",
        "price": "23475",
        "price_per_unit": "3913",
        "price_unit": "EA"
      },
      {
        "state": "WA",
        "price": "23475",
        "price_per_unit": "3913",
        "price_unit": "EA"
      },
      {
        "state": "SA",
        "price": "23475",
        "price_per_unit": "3913",
        "price_unit": "EA"
      },
      {
        "state": "TAS",
        "price": "23475",
        "price_per_unit": "3913",
        "price_unit": "EA"
      },
      {
        "state": "ACT",
        "price": "23475",
        "price_per_unit": "3913",
        "price_unit": "EA"
      },
      {
        "state": "NT",
        "price": "23475",
        "price_per_unit": "3913",
        "price_unit": "EA"
      }
    ]
  },
  {
    "source_url": "https://www.woolworths.com.au/shop/productdetails/1073918450/dope-skin-co-6-step-clear-skin-kit-with-hemp",
    "name": "Dope Skin Co 6-Step Clear Skin Kit with Hemp",
    "image_url": "https://cdn1.woolworths.media/content/wowproductimages/large/1073918450.jpg",
    "source_id": "Woolworths - 1073918450",
    "barcode": null,
    "shop": "Woolworths",
    "weight": "1EA",
    "prices": [
      {
        "state": "NSW",
        "price": "22470",
        "price_per_unit": "3745",
        "price_unit": "EA"
      },
      {
        "state": "VIC",
        "price": "22470",
        "price_per_unit": "3745",
        "price_unit": "EA"
      },
      {
        "state": "QLD",
        "price": "22470",
        "price_per_unit": "3745",
        "price_unit": "EA"
      },
      {
        "state": "WA",
        "price": "22470",
        "price_per_unit": "3745",
        "price_unit": "EA"
      },
      {
        "state": "SA",
        "price": "22470",
        "price_per_unit": "3745",
        "price_unit": "EA"
      },
      {
        "state": "TAS",
        "price": "22470",
        "price_per_unit": "3745",
        "price_unit": "EA"
      },
      {
        "state": "ACT",
        "price": "22470",
        "price_per_unit": "3745",
        "price_unit": "EA"
      },
      {
        "state": "NT",
        "price": "22470",
        "price_per_unit": "3745",
        "price_unit": "EA"
      }
    ]
  },
  {
    "source_url": "https://www.woolworths.com.au/shop/productdetails/1073918449/dope-skin-co-6-step-pigmentation-treatment-kit-with-hemp",
    "name": "Dope Skin Co 6-Step Pigmentation Treatment Kit with Hemp",
    "image_url": "https://cdn1.woolworths.media/content/wowproductimages/large/1073918449.jpg",
    "source_id": "Woolworths - 1073918449",
    "barcode": null,
    "shop": "Woolworths",
    "weight": "1EA",
    "prices": [
      {
        "state": "NSW",
        "price": "22470",
        "price_per_unit": "3745",
        "price_unit": "EA"
      },
      {
        "state": "VIC",
        "price": "22470",
        "price_per_unit": "3745",
        "price_unit": "EA"
      },
      {
        "state": "QLD",
        "price": "22470",
        "price_per_unit": "3745",
        "price_unit": "EA"
      },
      {
        "state": "WA",
        "price": "22470",
        "price_per_unit": "3745",
        "price_unit": "EA"
      },
      {
        "state": "SA",
        "price": "22470",
        "price_per_unit": "3745",
        "price_unit": "EA"
      },
      {
        "state": "TAS",
        "price": "22470",
        "price_per_unit": "3745",
        "price_unit": "EA"
      },
      {
        "state": "ACT",
        "price": "22470",
        "price_per_unit": "3745",
        "price_unit": "EA"
      },
      {
        "state": "NT",
        "price": "22470",
        "price_per_unit": "3745",
        "price_unit": "EA"
      }
    ]
  },
  {
    "source_url": "https://www.woolworths.com.au/shop/productdetails/1073920834/dope-skin-co-antioxidant-botanical-moisturiser-w-hemp-and-aloe-vera-70ml",
    "name": "Dope Skin Co Antioxidant Botanical Moisturiser w/ Hemp and Aloe Vera 70ml",
    "image_url": "https://cdn1.woolworths.media/content/wowproductimages/large/1073920834.jpg",
    "source_id": "Woolworths - 1073920834",
    "barcode": null,
    "shop": "Woolworths",
    "weight": "100ML",
    "prices": [
      {
        "state": "NSW",
        "price": "3495",
        "price_per_unit": "4993",
        "price_unit": "ML"
      },
      {
        "state": "VIC",
        "price": "3495",
        "price_per_unit": "4993",
        "price_unit": "ML"
      },
      {
        "state": "QLD",
        "price": "3495",
        "price_per_unit": "4993",
        "price_unit": "ML"
      },
      {
        "state": "QLD",
        "price": "3495",
        "price_per_unit": "4993",
        "price_unit": "ML"
      },
      {
        "state": "WA",
        "price": "3495",
        "price_per_unit": "4993",
        "price_unit": "ML"
      },
      {
        "state": "SA",
        "price": "3495",
        "price_per_unit": "4993",
        "price_unit": "ML"
      },
      {
        "state": "TAS",
        "price": "3495",
        "price_per_unit": "4993",
        "price_unit": "ML"
      },
      {
        "state": "ACT",
        "price": "3495",
        "price_per_unit": "4993",
        "price_unit": "ML"
      },
      {
        "state": "NT",
        "price": "3495",
        "price_per_unit": "4993",
        "price_unit": "ML"
      }
    ]
  },
  {
    "source_url": "https://www.woolworths.com.au/shop/productdetails/1074980621/dove-3-x-men-care-advanced-care-oil-control-moisturizer-50g-3-pack",
    "name": "Dove 3 x Men + Care Advanced Care Oil-Control Moisturizer 50g 3 Pack",
    "image_url": "https://cdn1.woolworths.media/content/wowproductimages/large/1074980621.jpg",
    "source_id": "Woolworths - 1074980621",
    "barcode": null,
    "shop": "Woolworths",
    "weight": "1EA",
    "prices": [
      {
        "state": "NSW",
        "price": "1495",
        "price_per_unit": "498",
        "price_unit": "EA"
      },
      {
        "state": "VIC",
        "price": "1495",
        "price_per_unit": "498",
        "price_unit": "EA"
      },
      {
        "state": "QLD",
        "price": "1495",
        "price_per_unit": "498",
        "price_unit": "EA"
      },
      {
        "state": "WA",
        "price": "1495",
        "price_per_unit": "498",
        "price_unit": "EA"
      },
      {
        "state": "SA",
        "price": "1495",
        "price_per_unit": "498",
        "price_unit": "EA"
      },
      {
        "state": "TAS",
        "price": "1495",
        "price_per_unit": "498",
        "price_unit": "EA"
      },
      {
        "state": "ACT",
        "price": "1495",
        "price_per_unit": "498",
        "price_unit": "EA"
      },
      {
        "state": "NT",
        "price": "1495",
        "price_per_unit": "498",
        "price_unit": "EA"
      }
    ]
  },
  {
    "source_url": "https://www.woolworths.com.au/shop/productdetails/1075467403/dove-men-care-oil-control-moisturiser-50g",
    "name": "Dove Men Care Oil Control Moisturiser 50g",
    "image_url": "https://cdn1.woolworths.media/content/wowproductimages/large/1075467403.jpg",
    "source_id": "Woolworths - 1075467403",
    "barcode": null,
    "shop": "Woolworths",
    "weight": "100G",
    "prices": [
      {
        "state": "NSW",
        "price": "1899",
        "price_per_unit": "3798",
        "price_unit": "G"
      },
      {
        "state": "VIC",
        "price": "1899",
        "price_per_unit": "3798",
        "price_unit": "G"
      },
      {
        "state": "QLD",
        "price": "1899",
        "price_per_unit": "3798",
        "price_unit": "G"
      },
      {
        "state": "WA",
        "price": "1899",
        "price_per_unit": "3798",
        "price_unit": "G"
      },
      {
        "state": "SA",
        "price": "1899",
        "price_per_unit": "3798",
        "price_unit": "G"
      },
      {
        "state": "TAS",
        "price": "1899",
        "price_per_unit": "3798",
        "price_unit": "G"
      },
      {
        "state": "ACT",
        "price": "1899",
        "price_per_unit": "3798",
        "price_unit": "G"
      },
      {
        "state": "NT",
        "price": "1899",
        "price_per_unit": "3798",
        "price_unit": "G"
      }
    ]
  },
  {
    "source_url": "https://www.woolworths.com.au/shop/productdetails/1075462534/dove-men-care-oil-control-moisturiser-50g-3pk",
    "name": "Dove Men Care Oil Control Moisturiser 50g 3pk",
    "image_url": "https://cdn1.woolworths.media/content/wowproductimages/large/1075462534.jpg",
    "source_id": "Woolworths - 1075462534",
    "barcode": null,
    "shop": "Woolworths",
    "weight": "1EA",
    "prices": [
      {
        "state": "NSW",
        "price": "3599",
        "price_per_unit": "1200",
        "price_unit": "EA"
      },
      {
        "state": "VIC",
        "price": "3599",
        "price_per_unit": "1200",
        "price_unit": "EA"
      },
      {
        "state": "QLD",
        "price": "3599",
        "price_per_unit": "1200",
        "price_unit": "EA"
      },
      {
        "state": "WA",
        "price": "3599",
        "price_per_unit": "1200",
        "price_unit": "EA"
      },
      {
        "state": "SA",
        "price": "3599",
        "price_per_unit": "1200",
        "price_unit": "EA"
      },
      {
        "state": "TAS",
        "price": "3599",
        "price_per_unit": "1200",
        "price_unit": "EA"
      },
      {
        "state": "ACT",
        "price": "3599",
        "price_per_unit": "1200",
        "price_unit": "EA"
      },
      {
        "state": "NT",
        "price": "3599",
        "price_per_unit": "1200",
        "price_unit": "EA"
      }
    ]
  },
  {
    "source_url": "https://www.woolworths.com.au/shop/productdetails/1075323161/dove-men-care-oil-control-moisturizer-50g-6pk",
    "name": "Dove Men Care Oil Control Moisturizer 50g 6pk",
    "image_url": "https://cdn1.woolworths.media/content/wowproductimages/large/1075323161.jpg",
    "source_id": "Woolworths - 1075323161",
    "barcode": null,
    "shop": "Woolworths",
    "weight": "1EA",
    "prices": [
      {
        "state": "NSW",
        "price": "5199",
        "price_per_unit": "867",
        "price_unit": "EA"
      },
      {
        "state": "VIC",
        "price": "5199",
        "price_per_unit": "867",
        "price_unit": "EA"
      },
      {
        "state": "QLD",
        "price": "5199",
        "price_per_unit": "867",
        "price_unit": "EA"
      },
      {
        "state": "WA",
        "price": "5199",
        "price_per_unit": "867",
        "price_unit": "EA"
      },
      {
        "state": "SA",
        "price": "5199",
        "price_per_unit": "867",
        "price_unit": "EA"
      },
      {
        "state": "TAS",
        "price": "5199",
        "price_per_unit": "867",
        "price_unit": "EA"
      },
      {
        "state": "ACT",
        "price": "5199",
        "price_per_unit": "867",
        "price_unit": "EA"
      },
      {
        "state": "NT",
        "price": "5199",
        "price_per_unit": "867",
        "price_unit": "EA"
      }
    ]
  },
  {
    "source_url": "https://www.woolworths.com.au/shop/productdetails/1075350044/dove-men-care-ultra-hydra-cream-face-body-hands-75ml",
    "name": "Dove Men Care Ultra Hydra Cream Face Body Hands 75mL",
    "image_url": "https://cdn1.woolworths.media/content/wowproductimages/large/1075350044.jpg",
    "source_id": "Woolworths - 1075350044",
    "barcode": null,
    "shop": "Woolworths",
    "weight": "100ML",
    "prices": [
      {
        "state": "NSW",
        "price": "1499",
        "price_per_unit": "1999",
        "price_unit": "ML"
      },
      {
        "state": "VIC",
        "price": "1499",
        "price_per_unit": "1999",
        "price_unit": "ML"
      },
      {
        "state": "QLD",
        "price": "1499",
        "price_per_unit": "1999",
        "price_unit": "ML"
      },
      {
        "state": "WA",
        "price": "1499",
        "price_per_unit": "1999",
        "price_unit": "ML"
      },
      {
        "state": "SA",
        "price": "1499",
        "price_per_unit": "1999",
        "price_unit": "ML"
      },
      {
        "state": "TAS",
        "price": "1499",
        "price_per_unit": "1999",
        "price_unit": "ML"
      },
      {
        "state": "ACT",
        "price": "1499",
        "price_per_unit": "1999",
        "price_unit": "ML"
      },
      {
        "state": "NT",
        "price": "1499",
        "price_per_unit": "1999",
        "price_unit": "ML"
      }
    ]
  },
  {
    "source_url": "https://www.woolworths.com.au/shop/productdetails/1075467404/dove-men-care-ultra-hydrating-moisturiser-50g",
    "name": "Dove Men Care Ultra Hydrating Moisturiser 50g",
    "image_url": "https://cdn1.woolworths.media/content/wowproductimages/large/1075467404.jpg",
    "source_id": "Woolworths - 1075467404",
    "barcode": null,
    "shop": "Woolworths",
    "weight": "100G",
    "prices": [
      {
        "state": "NSW",
        "price": "1899",
        "price_per_unit": "3798",
        "price_unit": "G"
      },
      {
        "state": "VIC",
        "price": "1899",
        "price_per_unit": "3798",
        "price_unit": "G"
      },
      {
        "state": "QLD",
        "price": "1899",
        "price_per_unit": "3798",
        "price_unit": "G"
      },
      {
        "state": "WA",
        "price": "1899",
        "price_per_unit": "3798",
        "price_unit": "G"
      },
      {
        "state": "SA",
        "price": "1899",
        "price_per_unit": "3798",
        "price_unit": "G"
      },
      {
        "state": "TAS",
        "price": "1899",
        "price_per_unit": "3798",
        "price_unit": "G"
      },
      {
        "state": "ACT",
        "price": "1899",
        "price_per_unit": "3798",
        "price_unit": "G"
      },
      {
        "state": "NT",
        "price": "1899",
        "price_per_unit": "3798",
        "price_unit": "G"
      }
    ]
  },
  {
    "source_url": "https://www.woolworths.com.au/shop/productdetails/1075462535/dove-men-care-ultra-hydrating-moisturiser-50g-3pk",
    "name": "Dove Men Care Ultra Hydrating Moisturiser 50g 3pk",
    "image_url": "https://cdn1.woolworths.media/content/wowproductimages/large/1075462535.jpg",
    "source_id": "Woolworths - 1075462535",
    "barcode": null,
    "shop": "Woolworths",
    "weight": "1EA",
    "prices": [
      {
        "state": "NSW",
        "price": "3599",
        "price_per_unit": "1200",
        "price_unit": "EA"
      },
      {
        "state": "VIC",
        "price": "3599",
        "price_per_unit": "1200",
        "price_unit": "EA"
      },
      {
        "state": "QLD",
        "price": "3599",
        "price_per_unit": "1200",
        "price_unit": "EA"
      },
      {
        "state": "WA",
        "price": "3599",
        "price_per_unit": "1200",
        "price_unit": "EA"
      },
      {
        "state": "SA",
        "price": "3599",
        "price_per_unit": "1200",
        "price_unit": "EA"
      },
      {
        "state": "TAS",
        "price": "3599",
        "price_per_unit": "1200",
        "price_unit": "EA"
      },
      {
        "state": "ACT",
        "price": "3599",
        "price_per_unit": "1200",
        "price_unit": "EA"
      },
      {
        "state": "NT",
        "price": "3599",
        "price_per_unit": "1200",
        "price_unit": "EA"
      }
    ]
  },
  {
    "source_url": "https://www.woolworths.com.au/shop/productdetails/1074895066/dove-men-care-oil-control-moisturizer-50g",
    "name": "Dove Men+Care Oil Control Moisturizer 50g",
    "image_url": "https://cdn1.woolworths.media/content/wowproductimages/large/1074895066.jpg",
    "source_id": "Woolworths - 1074895066",
    "barcode": null,
    "shop": "Woolworths",
    "weight": "1EA",
    "prices": [
      {
        "state": "NSW",
        "price": "1200",
        "price_per_unit": "1200",
        "price_unit": "EA"
      },
      {
        "state": "VIC",
        "price": "1200",
        "price_per_unit": "1200",
        "price_unit": "EA"
      },
      {
        "state": "QLD",
        "price": "1200",
        "price_per_unit": "1200",
        "price_unit": "EA"
      },
      {
        "state": "WA",
        "price": "1200",
        "price_per_unit": "1200",
        "price_unit": "EA"
      },
      {
        "state": "SA",
        "price": "1200",
        "price_per_unit": "1200",
        "price_unit": "EA"
      },
      {
        "state": "TAS",
        "price": "1200",
        "price_per_unit": "1200",
        "price_unit": "EA"
      },
      {
        "state": "ACT",
        "price": "1200",
        "price_per_unit": "1200",
        "price_unit": "EA"
      },
      {
        "state": "NT",
        "price": "1200",
        "price_per_unit": "1200",
        "price_unit": "EA"
      }
    ]
  },
  {
    "source_url": "https://www.woolworths.com.au/shop/productdetails/1074895175/dove-men-care-oil-control-moisturizer-50g-x-3",
    "name": "Dove Men+Care Oil Control Moisturizer 50g x 3",
    "image_url": "https://cdn1.woolworths.media/content/wowproductimages/large/1074895175.jpg",
    "source_id": "Woolworths - 1074895175",
    "barcode": null,
    "shop": "Woolworths",
    "weight": "1EA",
    "prices": [
      {
        "state": "NSW",
        "price": "2999",
        "price_per_unit": "1000",
        "price_unit": "EA"
      },
      {
        "state": "VIC",
        "price": "2999",
        "price_per_unit": "1000",
        "price_unit": "EA"
      },
      {
        "state": "QLD",
        "price": "2999",
        "price_per_unit": "1000",
        "price_unit": "EA"
      },
      {
        "state": "WA",
        "price": "2999",
        "price_per_unit": "1000",
        "price_unit": "EA"
      },
      {
        "state": "SA",
        "price": "2999",
        "price_per_unit": "1000",
        "price_unit": "EA"
      },
      {
        "state": "TAS",
        "price": "2999",
        "price_per_unit": "1000",
        "price_unit": "EA"
      },
      {
        "state": "ACT",
        "price": "2999",
        "price_per_unit": "1000",
        "price_unit": "EA"
      },
      {
        "state": "NT",
        "price": "2999",
        "price_per_unit": "1000",
        "price_unit": "EA"
      }
    ]
  },
  {
    "source_url": "https://www.woolworths.com.au/shop/productdetails/1074372933/dr-dennis-gross-hyaluronic-marine-moisture-cushion-50ml",
    "name": "Dr Dennis Gross Hyaluronic Marine Moisture Cushion 50mL",
    "image_url": "https://cdn1.woolworths.media/content/wowproductimages/large/1074372933.jpg",
    "source_id": "Woolworths - 1074372933",
    "barcode": null,
    "shop": "Woolworths",
    "weight": "1EA",
    "prices": [
      {
        "state": "NSW",
        "price": "10400",
        "price_per_unit": "10400",
        "price_unit": "EA"
      },
      {
        "state": "VIC",
        "price": "10400",
        "price_per_unit": "10400",
        "price_unit": "EA"
      },
      {
        "state": "QLD",
        "price": "10400",
        "price_per_unit": "10400",
        "price_unit": "EA"
      },
      {
        "state": "WA",
        "price": "10400",
        "price_per_unit": "10400",
        "price_unit": "EA"
      },
      {
        "state": "SA",
        "price": "10400",
        "price_per_unit": "10400",
        "price_unit": "EA"
      },
      {
        "state": "TAS",
        "price": "10400",
        "price_per_unit": "10400",
        "price_unit": "EA"
      },
      {
        "state": "ACT",
        "price": "10400",
        "price_per_unit": "10400",
        "price_unit": "EA"
      },
      {
        "state": "NT",
        "price": "10400",
        "price_per_unit": "10400",
        "price_unit": "EA"
      }
    ]
  },
  {
    "source_url": "https://www.woolworths.com.au/shop/productdetails/1075388233/dr-dennis-gross-vitamin-c-lactic-oil-free-radiant-moisturizer-50ml",
    "name": "Dr Dennis Gross Vitamin C Lactic Oil-Free Radiant Moisturizer 50mL",
    "image_url": "https://cdn1.woolworths.media/content/wowproductimages/large/1075388233.jpg",
    "source_id": "Woolworths - 1075388233",
    "barcode": null,
    "shop": "Woolworths",
    "weight": "100ML",
    "prices": [
      {
        "state": "NSW",
        "price": "10900",
        "price_per_unit": "218000",
        "price_unit": "ML"
      },
      {
        "state": "VIC",
        "price": "10900",
        "price_per_unit": "218000",
        "price_unit": "ML"
      },
      {
        "state": "QLD",
        "price": "10900",
        "price_per_unit": "218000",
        "price_unit": "ML"
      },
      {
        "state": "WA",
        "price": "10900",
        "price_per_unit": "218000",
        "price_unit": "ML"
      },
      {
        "state": "SA",
        "price": "10900",
        "price_per_unit": "218000",
        "price_unit": "ML"
      },
      {
        "state": "TAS",
        "price": "10900",
        "price_per_unit": "218000",
        "price_unit": "ML"
      },
      {
        "state": "ACT",
        "price": "10900",
        "price_per_unit": "218000",
        "price_unit": "ML"
      },
      {
        "state": "NT",
        "price": "10900",
        "price_per_unit": "218000",
        "price_unit": "ML"
      }
    ]
  },
  {
    "source_url": "https://www.woolworths.com.au/shop/productdetails/1074782254/dr-dennis-gross-vitamin-c-lactic-oil-free-radiant-moisturizer-50ml-1-7oz",
    "name": "Dr Dennis Gross Vitamin C Lactic Oil-Free Radiant Moisturizer 50ml/1.7oz",
    "image_url": "https://cdn1.woolworths.media/content/wowproductimages/large/1074782254.jpg",
    "source_id": "Woolworths - 1074782254",
    "barcode": null,
    "shop": "Woolworths",
    "weight": "100ML",
    "prices": [
      {
        "state": "NSW",
        "price": "9600",
        "price_per_unit": "19200",
        "price_unit": "ML"
      },
      {
        "state": "VIC",
        "price": "9600",
        "price_per_unit": "19200",
        "price_unit": "ML"
      },
      {
        "state": "QLD",
        "price": "9600",
        "price_per_unit": "19200",
        "price_unit": "ML"
      },
      {
        "state": "WA",
        "price": "9600",
        "price_per_unit": "19200",
        "price_unit": "ML"
      },
      {
        "state": "SA",
        "price": "9600",
        "price_per_unit": "19200",
        "price_unit": "ML"
      },
      {
        "state": "TAS",
        "price": "9600",
        "price_per_unit": "19200",
        "price_unit": "ML"
      },
      {
        "state": "ACT",
        "price": "9600",
        "price_per_unit": "19200",
        "price_unit": "ML"
      },
      {
        "state": "NT",
        "price": "9600",
        "price_per_unit": "19200",
        "price_unit": "ML"
      }
    ]
  },
  {
    "source_url": "https://www.woolworths.com.au/shop/productdetails/1075480933/dr-lewinns-line-smoothing-complex-s8-double-intensity-night-cream-30g",
    "name": "Dr Lewinns Line Smoothing Complex S8 Double Intensity Night Cream 30g",
    "image_url": "https://cdn1.woolworths.media/content/wowproductimages/large/1075480933.jpg",
    "source_id": "Woolworths - 1075480933",
    "barcode": null,
    "shop": "Woolworths",
    "weight": "100G",
    "prices": [
      {
        "state": "NSW",
        "price": "5895",
        "price_per_unit": "19650",
        "price_unit": "G"
      },
      {
        "state": "VIC",
        "price": "5895",
        "price_per_unit": "19650",
        "price_unit": "G"
      },
      {
        "state": "QLD",
        "price": "5895",
        "price_per_unit": "19650",
        "price_unit": "G"
      },
      {
        "state": "WA",
        "price": "5895",
        "price_per_unit": "19650",
        "price_unit": "G"
      },
      {
        "state": "SA",
        "price": "5895",
        "price_per_unit": "19650",
        "price_unit": "G"
      },
      {
        "state": "TAS",
        "price": "5895",
        "price_per_unit": "19650",
        "price_unit": "G"
      },
      {
        "state": "ACT",
        "price": "5895",
        "price_per_unit": "19650",
        "price_unit": "G"
      },
      {
        "state": "NT",
        "price": "5895",
        "price_per_unit": "19650",
        "price_unit": "G"
      }
    ]
  },
  {
    "source_url": "https://www.woolworths.com.au/shop/productdetails/1075481711/dr-lewinns-line-smoothing-complex-s8-hydrating-day-cream-30g",
    "name": "Dr Lewinns Line Smoothing Complex S8 Hydrating Day Cream 30g",
    "image_url": "https://cdn1.woolworths.media/content/wowproductimages/large/1075481711.jpg",
    "source_id": "Woolworths - 1075481711",
    "barcode": null,
    "shop": "Woolworths",
    "weight": "100G",
    "prices": [
      {
        "state": "NSW",
        "price": "5895",
        "price_per_unit": "19650",
        "price_unit": "G"
      },
      {
        "state": "VIC",
        "price": "5895",
        "price_per_unit": "19650",
        "price_unit": "G"
      },
      {
        "state": "QLD",
        "price": "5895",
        "price_per_unit": "19650",
        "price_unit": "G"
      },
      {
        "state": "WA",
        "price": "5895",
        "price_per_unit": "19650",
        "price_unit": "G"
      },
      {
        "state": "SA",
        "price": "5895",
        "price_per_unit": "19650",
        "price_unit": "G"
      },
      {
        "state": "TAS",
        "price": "5895",
        "price_per_unit": "19650",
        "price_unit": "G"
      },
      {
        "state": "ACT",
        "price": "5895",
        "price_per_unit": "19650",
        "price_unit": "G"
      },
      {
        "state": "NT",
        "price": "5895",
        "price_per_unit": "19650",
        "price_unit": "G"
      }
    ]
  },
  {
    "source_url": "https://www.woolworths.com.au/shop/productdetails/1075480709/dr-lewinns-private-formula-advanced-night-cream-56g",
    "name": "Dr Lewinns Private Formula Advanced Night Cream 56g",
    "image_url": "https://cdn1.woolworths.media/content/wowproductimages/large/1075480709.jpg",
    "source_id": "Woolworths - 1075480709",
    "barcode": null,
    "shop": "Woolworths",
    "weight": "100G",
    "prices": [
      {
        "state": "NSW",
        "price": "3995",
        "price_per_unit": "7134",
        "price_unit": "G"
      },
      {
        "state": "VIC",
        "price": "3995",
        "price_per_unit": "7134",
        "price_unit": "G"
      },
      {
        "state": "QLD",
        "price": "3995",
        "price_per_unit": "7134",
        "price_unit": "G"
      },
      {
        "state": "WA",
        "price": "3995",
        "price_per_unit": "7134",
        "price_unit": "G"
      },
      {
        "state": "SA",
        "price": "3995",
        "price_per_unit": "7134",
        "price_unit": "G"
      },
      {
        "state": "TAS",
        "price": "3995",
        "price_per_unit": "7134",
        "price_unit": "G"
      },
      {
        "state": "ACT",
        "price": "3995",
        "price_per_unit": "7134",
        "price_unit": "G"
      },
      {
        "state": "NT",
        "price": "3995",
        "price_per_unit": "7134",
        "price_unit": "G"
      }
    ]
  },
  {
    "source_url": "https://www.woolworths.com.au/shop/productdetails/1075481035/dr-lewinns-private-formula-day-cream-moisturiser-113g",
    "name": "Dr Lewinns Private Formula Day Cream Moisturiser 113g",
    "image_url": "https://cdn1.woolworths.media/content/wowproductimages/large/1075481035.jpg",
    "source_id": "Woolworths - 1075481035",
    "barcode": null,
    "shop": "Woolworths",
    "weight": "100G",
    "prices": [
      {
        "state": "NSW",
        "price": "4995",
        "price_per_unit": "4420",
        "price_unit": "G"
      },
      {
        "state": "VIC",
        "price": "4995",
        "price_per_unit": "4420",
        "price_unit": "G"
      },
      {
        "state": "QLD",
        "price": "4995",
        "price_per_unit": "4420",
        "price_unit": "G"
      },
      {
        "state": "WA",
        "price": "4995",
        "price_per_unit": "4420",
        "price_unit": "G"
      },
      {
        "state": "SA",
        "price": "4995",
        "price_per_unit": "4420",
        "price_unit": "G"
      },
      {
        "state": "TAS",
        "price": "4995",
        "price_per_unit": "4420",
        "price_unit": "G"
      },
      {
        "state": "ACT",
        "price": "4995",
        "price_per_unit": "4420",
        "price_unit": "G"
      },
      {
        "state": "NT",
        "price": "4995",
        "price_per_unit": "4420",
        "price_unit": "G"
      }
    ]
  },
  {
    "source_url": "https://www.woolworths.com.au/shop/productdetails/1075477226/dr-lewinns-private-formula-day-cream-moisturiser-56g",
    "name": "Dr Lewinns Private Formula Day Cream Moisturiser 56g",
    "image_url": "https://cdn1.woolworths.media/content/wowproductimages/large/1075477226.jpg",
    "source_id": "Woolworths - 1075477226",
    "barcode": null,
    "shop": "Woolworths",
    "weight": "100G",
    "prices": [
      {
        "state": "NSW",
        "price": "3995",
        "price_per_unit": "7134",
        "price_unit": "G"
      },
      {
        "state": "VIC",
        "price": "3995",
        "price_per_unit": "7134",
        "price_unit": "G"
      },
      {
        "state": "QLD",
        "price": "3995",
        "price_per_unit": "7134",
        "price_unit": "G"
      },
      {
        "state": "WA",
        "price": "3995",
        "price_per_unit": "7134",
        "price_unit": "G"
      },
      {
        "state": "SA",
        "price": "3995",
        "price_per_unit": "7134",
        "price_unit": "G"
      },
      {
        "state": "TAS",
        "price": "3995",
        "price_per_unit": "7134",
        "price_unit": "G"
      },
      {
        "state": "ACT",
        "price": "3995",
        "price_per_unit": "7134",
        "price_unit": "G"
      },
      {
        "state": "NT",
        "price": "3995",
        "price_per_unit": "7134",
        "price_unit": "G"
      }
    ]
  },
  {
    "source_url": "https://www.woolworths.com.au/shop/productdetails/1075480404/dr-lewinns-ultra-r4-24-hour-beauty-solutions",
    "name": "Dr Lewinns Ultra R4 24-Hour Beauty Solutions",
    "image_url": "https://cdn1.woolworths.media/content/wowproductimages/large/1075480404.jpg",
    "source_id": "Woolworths - 1075480404",
    "barcode": null,
    "shop": "Woolworths",
    "weight": "1EA",
    "prices": [
      {
        "state": "NSW",
        "price": "12495",
        "price_per_unit": "12495",
        "price_unit": "EA"
      },
      {
        "state": "VIC",
        "price": "12495",
        "price_per_unit": "12495",
        "price_unit": "EA"
      },
      {
        "state": "QLD",
        "price": "12495",
        "price_per_unit": "12495",
        "price_unit": "EA"
      },
      {
        "state": "WA",
        "price": "12495",
        "price_per_unit": "12495",
        "price_unit": "EA"
      },
      {
        "state": "SA",
        "price": "12495",
        "price_per_unit": "12495",
        "price_unit": "EA"
      },
      {
        "state": "TAS",
        "price": "12495",
        "price_per_unit": "12495",
        "price_unit": "EA"
      },
      {
        "state": "ACT",
        "price": "12495",
        "price_per_unit": "12495",
        "price_unit": "EA"
      },
      {
        "state": "NT",
        "price": "12495",
        "price_per_unit": "12495",
        "price_unit": "EA"
      }
    ]
  },
  {
    "source_url": "https://www.woolworths.com.au/shop/productdetails/1075480906/dr-lewinns-ultra-r4-collagen-surge-plumping-gel-30g",
    "name": "Dr Lewinns Ultra R4 Collagen Surge Plumping Gel 30g",
    "image_url": "https://cdn1.woolworths.media/content/wowproductimages/large/1075480906.jpg",
    "source_id": "Woolworths - 1075480906",
    "barcode": null,
    "shop": "Woolworths",
    "weight": "100G",
    "prices": [
      {
        "state": "NSW",
        "price": "5895",
        "price_per_unit": "19650",
        "price_unit": "G"
      },
      {
        "state": "VIC",
        "price": "5895",
        "price_per_unit": "19650",
        "price_unit": "G"
      },
      {
        "state": "QLD",
        "price": "5895",
        "price_per_unit": "19650",
        "price_unit": "G"
      },
      {
        "state": "WA",
        "price": "5895",
        "price_per_unit": "19650",
        "price_unit": "G"
      },
      {
        "state": "SA",
        "price": "5895",
        "price_per_unit": "19650",
        "price_unit": "G"
      },
      {
        "state": "TAS",
        "price": "5895",
        "price_per_unit": "19650",
        "price_unit": "G"
      },
      {
        "state": "ACT",
        "price": "5895",
        "price_per_unit": "19650",
        "price_unit": "G"
      },
      {
        "state": "NT",
        "price": "5895",
        "price_per_unit": "19650",
        "price_unit": "G"
      }
    ]
  },
  {
    "source_url": "https://www.woolworths.com.au/shop/productdetails/1075481259/dr-lewinns-ultra-r4-regenerative-night-cream-50g",
    "name": "Dr Lewinns Ultra R4 Regenerative Night Cream 50g",
    "image_url": "https://cdn1.woolworths.media/content/wowproductimages/large/1075481259.jpg",
    "source_id": "Woolworths - 1075481259",
    "barcode": null,
    "shop": "Woolworths",
    "weight": "100G",
    "prices": [
      {
        "state": "NSW",
        "price": "5895",
        "price_per_unit": "11790",
        "price_unit": "G"
      },
      {
        "state": "VIC",
        "price": "5895",
        "price_per_unit": "11790",
        "price_unit": "G"
      },
      {
        "state": "QLD",
        "price": "5895",
        "price_per_unit": "11790",
        "price_unit": "G"
      },
      {
        "state": "WA",
        "price": "5895",
        "price_per_unit": "11790",
        "price_unit": "G"
      },
      {
        "state": "SA",
        "price": "5895",
        "price_per_unit": "11790",
        "price_unit": "G"
      },
      {
        "state": "TAS",
        "price": "5895",
        "price_per_unit": "11790",
        "price_unit": "G"
      },
      {
        "state": "ACT",
        "price": "5895",
        "price_per_unit": "11790",
        "price_unit": "G"
      },
      {
        "state": "NT",
        "price": "5895",
        "price_per_unit": "11790",
        "price_unit": "G"
      }
    ]
  },
  {
    "source_url": "https://www.woolworths.com.au/shop/productdetails/1075479046/dr-lewinns-ultra-r4-restorative-day-cream-50g",
    "name": "Dr Lewinns Ultra R4 Restorative Day Cream 50g",
    "image_url": "https://cdn1.woolworths.media/content/wowproductimages/large/1075479046.jpg",
    "source_id": "Woolworths - 1075479046",
    "barcode": null,
    "shop": "Woolworths",
    "weight": "100G",
    "prices": [
      {
        "state": "NSW",
        "price": "5895",
        "price_per_unit": "11790",
        "price_unit": "G"
      },
      {
        "state": "VIC",
        "price": "5895",
        "price_per_unit": "11790",
        "price_unit": "G"
      },
      {
        "state": "QLD",
        "price": "5895",
        "price_per_unit": "11790",
        "price_unit": "G"
      },
      {
        "state": "WA",
        "price": "5895",
        "price_per_unit": "11790",
        "price_unit": "G"
      },
      {
        "state": "SA",
        "price": "5895",
        "price_per_unit": "11790",
        "price_unit": "G"
      },
      {
        "state": "TAS",
        "price": "5895",
        "price_per_unit": "11790",
        "price_unit": "G"
      },
      {
        "state": "ACT",
        "price": "5895",
        "price_per_unit": "11790",
        "price_unit": "G"
      },
      {
        "state": "NT",
        "price": "5895",
        "price_per_unit": "11790",
        "price_unit": "G"
      }
    ]
  },
  {
    "source_url": "https://www.woolworths.com.au/shop/productdetails/1075347562/dr-organic-aloe-vera-gel-with-cucumber-200ml",
    "name": "Dr Organic Aloe Vera Gel With Cucumber 200ml",
    "image_url": "https://cdn1.woolworths.media/content/wowproductimages/large/1075347562.jpg",
    "source_id": "Woolworths - 1075347562",
    "barcode": null,
    "shop": "Woolworths",
    "weight": "100ML",
    "prices": [
      {
        "state": "NSW",
        "price": "1276",
        "price_per_unit": "638",
        "price_unit": "ML"
      },
      {
        "state": "VIC",
        "price": "1276",
        "price_per_unit": "638",
        "price_unit": "ML"
      },
      {
        "state": "QLD",
        "price": "1276",
        "price_per_unit": "638",
        "price_unit": "ML"
      },
      {
        "state": "WA",
        "price": "1276",
        "price_per_unit": "638",
        "price_unit": "ML"
      },
      {
        "state": "SA",
        "price": "1276",
        "price_per_unit": "638",
        "price_unit": "ML"
      },
      {
        "state": "TAS",
        "price": "1276",
        "price_per_unit": "638",
        "price_unit": "ML"
      },
      {
        "state": "ACT",
        "price": "1276",
        "price_per_unit": "638",
        "price_unit": "ML"
      },
      {
        "state": "NT",
        "price": "1276",
        "price_per_unit": "638",
        "price_unit": "ML"
      }
    ]
  },
  {
    "source_url": "https://www.woolworths.com.au/shop/productdetails/1075720617/dr-organic-body-lotion-moroccan-argan-oil-200ml",
    "name": "Dr Organic Body Lotion Moroccan Argan Oil 200ml",
    "image_url": "https://cdn1.woolworths.media/content/wowproductimages/large/1075720617.jpg",
    "source_id": "Woolworths - 1075720617",
    "barcode": null,
    "shop": "Woolworths",
    "weight": "100ML",
    "prices": [
      {
        "state": "NSW",
        "price": "6270",
        "price_per_unit": "3135",
        "price_unit": "ML"
      },
      {
        "state": "VIC",
        "price": "6270",
        "price_per_unit": "3135",
        "price_unit": "ML"
      },
      {
        "state": "QLD",
        "price": "6270",
        "price_per_unit": "3135",
        "price_unit": "ML"
      },
      {
        "state": "WA",
        "price": "6270",
        "price_per_unit": "3135",
        "price_unit": "ML"
      },
      {
        "state": "SA",
        "price": "6270",
        "price_per_unit": "3135",
        "price_unit": "ML"
      },
      {
        "state": "TAS",
        "price": "6270",
        "price_per_unit": "3135",
        "price_unit": "ML"
      },
      {
        "state": "ACT",
        "price": "6270",
        "price_per_unit": "3135",
        "price_unit": "ML"
      },
      {
        "state": "NT",
        "price": "6270",
        "price_per_unit": "3135",
        "price_unit": "ML"
      }
    ]
  },
  {
    "source_url": "https://www.woolworths.com.au/shop/productdetails/1075341064/dr-organic-manuka-honey-rescue-cream-50ml",
    "name": "Dr Organic Manuka Honey Rescue Cream 50ml",
    "image_url": "https://cdn1.woolworths.media/content/wowproductimages/large/1075341064.jpg",
    "source_id": "Woolworths - 1075341064",
    "barcode": null,
    "shop": "Woolworths",
    "weight": "100ML",
    "prices": [
      {
        "state": "NSW",
        "price": "2076",
        "price_per_unit": "4152",
        "price_unit": "ML"
      },
      {
        "state": "VIC",
        "price": "2076",
        "price_per_unit": "4152",
        "price_unit": "ML"
      },
      {
        "state": "QLD",
        "price": "2076",
        "price_per_unit": "4152",
        "price_unit": "ML"
      },
      {
        "state": "WA",
        "price": "2076",
        "price_per_unit": "4152",
        "price_unit": "ML"
      },
      {
        "state": "SA",
        "price": "2076",
        "price_per_unit": "4152",
        "price_unit": "ML"
      },
      {
        "state": "TAS",
        "price": "2076",
        "price_per_unit": "4152",
        "price_unit": "ML"
      },
      {
        "state": "ACT",
        "price": "2076",
        "price_per_unit": "4152",
        "price_unit": "ML"
      },
      {
        "state": "NT",
        "price": "2076",
        "price_per_unit": "4152",
        "price_unit": "ML"
      }
    ]
  },
  {
    "source_url": "https://www.woolworths.com.au/shop/productdetails/1075720589/dr-organic-night-cream-moroccan-argan-oil-50ml",
    "name": "Dr Organic Night Cream Moroccan Argan Oil 50ml",
    "image_url": "https://cdn1.woolworths.media/content/wowproductimages/large/1075720589.jpg",
    "source_id": "Woolworths - 1075720589",
    "barcode": null,
    "shop": "Woolworths",
    "weight": "100ML",
    "prices": [
      {
        "state": "NSW",
        "price": "6930",
        "price_per_unit": "13860",
        "price_unit": "ML"
      },
      {
        "state": "VIC",
        "price": "6930",
        "price_per_unit": "13860",
        "price_unit": "ML"
      },
      {
        "state": "QLD",
        "price": "6930",
        "price_per_unit": "13860",
        "price_unit": "ML"
      },
      {
        "state": "WA",
        "price": "6930",
        "price_per_unit": "13860",
        "price_unit": "ML"
      },
      {
        "state": "SA",
        "price": "6930",
        "price_per_unit": "13860",
        "price_unit": "ML"
      },
      {
        "state": "TAS",
        "price": "6930",
        "price_per_unit": "13860",
        "price_unit": "ML"
      },
      {
        "state": "ACT",
        "price": "6930",
        "price_per_unit": "13860",
        "price_unit": "ML"
      },
      {
        "state": "NT",
        "price": "6930",
        "price_per_unit": "13860",
        "price_unit": "ML"
      }
    ]
  },
  {
    "source_url": "https://www.woolworths.com.au/shop/productdetails/1075720591/dr-organic-oil-control-moisturiser-skin-clear-50ml",
    "name": "Dr Organic Oil Control Moisturiser Skin Clear 50ml",
    "image_url": "https://cdn1.woolworths.media/content/wowproductimages/large/1075720591.jpg",
    "source_id": "Woolworths - 1075720591",
    "barcode": null,
    "shop": "Woolworths",
    "weight": "100ML",
    "prices": [
      {
        "state": "NSW",
        "price": "6270",
        "price_per_unit": "12540",
        "price_unit": "ML"
      },
      {
        "state": "VIC",
        "price": "6270",
        "price_per_unit": "12540",
        "price_unit": "ML"
      },
      {
        "state": "QLD",
        "price": "6270",
        "price_per_unit": "12540",
        "price_unit": "ML"
      },
      {
        "state": "WA",
        "price": "6270",
        "price_per_unit": "12540",
        "price_unit": "ML"
      },
      {
        "state": "SA",
        "price": "6270",
        "price_per_unit": "12540",
        "price_unit": "ML"
      },
      {
        "state": "TAS",
        "price": "6270",
        "price_per_unit": "12540",
        "price_unit": "ML"
      },
      {
        "state": "ACT",
        "price": "6270",
        "price_per_unit": "12540",
        "price_unit": "ML"
      },
      {
        "state": "NT",
        "price": "6270",
        "price_per_unit": "12540",
        "price_unit": "ML"
      }
    ]
  },
  {
    "source_url": "https://www.woolworths.com.au/shop/productdetails/1075481322/dr-organic-pro-collagen-plus-anti-aging-moisturiser-black-pearl-50ml",
    "name": "Dr Organic Pro Collagen Plus+ Anti Aging Moisturiser Black Pearl 50ml",
    "image_url": "https://cdn1.woolworths.media/content/wowproductimages/large/1075481322.jpg",
    "source_id": "Woolworths - 1075481322",
    "barcode": null,
    "shop": "Woolworths",
    "weight": "100ML",
    "prices": [
      {
        "state": "NSW",
        "price": "2796",
        "price_per_unit": "5592",
        "price_unit": "ML"
      },
      {
        "state": "VIC",
        "price": "2796",
        "price_per_unit": "5592",
        "price_unit": "ML"
      },
      {
        "state": "QLD",
        "price": "2796",
        "price_per_unit": "5592",
        "price_unit": "ML"
      },
      {
        "state": "WA",
        "price": "2796",
        "price_per_unit": "5592",
        "price_unit": "ML"
      },
      {
        "state": "SA",
        "price": "2796",
        "price_per_unit": "5592",
        "price_unit": "ML"
      },
      {
        "state": "TAS",
        "price": "2796",
        "price_per_unit": "5592",
        "price_unit": "ML"
      },
      {
        "state": "ACT",
        "price": "2796",
        "price_per_unit": "5592",
        "price_unit": "ML"
      },
      {
        "state": "NT",
        "price": "2796",
        "price_per_unit": "5592",
        "price_unit": "ML"
      }
    ]
  },
  {
    "source_url": "https://www.woolworths.com.au/shop/productdetails/1075345279/dr-organic-pro-collagen-plus-anti-aging-moisturiser-dragon-s-blood-50ml",
    "name": "Dr Organic Pro Collagen Plus+ Anti Aging Moisturiser Dragon's Blood 50ml",
    "image_url": "https://cdn1.woolworths.media/content/wowproductimages/large/1075345279.jpg",
    "source_id": "Woolworths - 1075345279",
    "barcode": null,
    "shop": "Woolworths",
    "weight": "100ML",
    "prices": [
      {
        "state": "NSW",
        "price": "2796",
        "price_per_unit": "5592",
        "price_unit": "ML"
      },
      {
        "state": "VIC",
        "price": "2796",
        "price_per_unit": "5592",
        "price_unit": "ML"
      },
      {
        "state": "QLD",
        "price": "2796",
        "price_per_unit": "5592",
        "price_unit": "ML"
      },
      {
        "state": "WA",
        "price": "2796",
        "price_per_unit": "5592",
        "price_unit": "ML"
      },
      {
        "state": "SA",
        "price": "2796",
        "price_per_unit": "5592",
        "price_unit": "ML"
      },
      {
        "state": "TAS",
        "price": "2796",
        "price_per_unit": "5592",
        "price_unit": "ML"
      },
      {
        "state": "ACT",
        "price": "2796",
        "price_per_unit": "5592",
        "price_unit": "ML"
      },
      {
        "state": "NT",
        "price": "2796",
        "price_per_unit": "5592",
        "price_unit": "ML"
      }
    ]
  },
  {
    "source_url": "https://www.woolworths.com.au/shop/productdetails/1075720596/dr-organic-pure-oil-complex-vitamin-e-50ml",
    "name": "Dr Organic Pure Oil Complex Vitamin E 50ml",
    "image_url": "https://cdn1.woolworths.media/content/wowproductimages/large/1075720596.jpg",
    "source_id": "Woolworths - 1075720596",
    "barcode": null,
    "shop": "Woolworths",
    "weight": "100ML",
    "prices": [
      {
        "state": "NSW",
        "price": "8030",
        "price_per_unit": "16060",
        "price_unit": "ML"
      },
      {
        "state": "VIC",
        "price": "8030",
        "price_per_unit": "16060",
        "price_unit": "ML"
      },
      {
        "state": "QLD",
        "price": "8030",
        "price_per_unit": "16060",
        "price_unit": "ML"
      },
      {
        "state": "WA",
        "price": "8030",
        "price_per_unit": "16060",
        "price_unit": "ML"
      },
      {
        "state": "SA",
        "price": "8030",
        "price_per_unit": "16060",
        "price_unit": "ML"
      },
      {
        "state": "TAS",
        "price": "8030",
        "price_per_unit": "16060",
        "price_unit": "ML"
      },
      {
        "state": "ACT",
        "price": "8030",
        "price_per_unit": "16060",
        "price_unit": "ML"
      },
      {
        "state": "NT",
        "price": "8030",
        "price_per_unit": "16060",
        "price_unit": "ML"
      }
    ]
  },
  {
    "source_url": "https://www.woolworths.com.au/shop/productdetails/1075720597/dr-organic-pure-oil-organic-moroccan-argan-oil-50ml",
    "name": "Dr Organic Pure Oil Organic Moroccan Argan Oil 50ml",
    "image_url": "https://cdn1.woolworths.media/content/wowproductimages/large/1075720597.jpg",
    "source_id": "Woolworths - 1075720597",
    "barcode": null,
    "shop": "Woolworths",
    "weight": "100ML",
    "prices": [
      {
        "state": "NSW",
        "price": "9350",
        "price_per_unit": "18700",
        "price_unit": "ML"
      },
      {
        "state": "VIC",
        "price": "9350",
        "price_per_unit": "18700",
        "price_unit": "ML"
      },
      {
        "state": "QLD",
        "price": "9350",
        "price_per_unit": "18700",
        "price_unit": "ML"
      },
      {
        "state": "WA",
        "price": "9350",
        "price_per_unit": "18700",
        "price_unit": "ML"
      },
      {
        "state": "SA",
        "price": "9350",
        "price_per_unit": "18700",
        "price_unit": "ML"
      },
      {
        "state": "TAS",
        "price": "9350",
        "price_per_unit": "18700",
        "price_unit": "ML"
      },
      {
        "state": "ACT",
        "price": "9350",
        "price_per_unit": "18700",
        "price_unit": "ML"
      },
      {
        "state": "NT",
        "price": "9350",
        "price_per_unit": "18700",
        "price_unit": "ML"
      }
    ]
  },
  {
    "source_url": "https://www.woolworths.com.au/shop/productdetails/1075720618/dr-organic-skin-lotion-coconut-oil-200ml",
    "name": "Dr Organic Skin Lotion Coconut Oil 200ml",
    "image_url": "https://cdn1.woolworths.media/content/wowproductimages/large/1075720618.jpg",
    "source_id": "Woolworths - 1075720618",
    "barcode": null,
    "shop": "Woolworths",
    "weight": "100ML",
    "prices": [
      {
        "state": "NSW",
        "price": "6270",
        "price_per_unit": "3135",
        "price_unit": "ML"
      },
      {
        "state": "VIC",
        "price": "6270",
        "price_per_unit": "3135",
        "price_unit": "ML"
      },
      {
        "state": "QLD",
        "price": "6270",
        "price_per_unit": "3135",
        "price_unit": "ML"
      },
      {
        "state": "WA",
        "price": "6270",
        "price_per_unit": "3135",
        "price_unit": "ML"
      },
      {
        "state": "SA",
        "price": "6270",
        "price_per_unit": "3135",
        "price_unit": "ML"
      },
      {
        "state": "TAS",
        "price": "6270",
        "price_per_unit": "3135",
        "price_unit": "ML"
      },
      {
        "state": "ACT",
        "price": "6270",
        "price_per_unit": "3135",
        "price_unit": "ML"
      },
      {
        "state": "NT",
        "price": "6270",
        "price_per_unit": "3135",
        "price_unit": "ML"
      }
    ]
  },
  {
    "source_url": "https://www.woolworths.com.au/shop/productdetails/1075481757/dr-organic-vitamin-e-pure-oil-complex-50ml",
    "name": "Dr Organic Vitamin E Pure Oil Complex 50ml",
    "image_url": "https://cdn1.woolworths.media/content/wowproductimages/large/1075481757.jpg",
    "source_id": "Woolworths - 1075481757",
    "barcode": null,
    "shop": "Woolworths",
    "weight": "100ML",
    "prices": [
      {
        "state": "NSW",
        "price": "2396",
        "price_per_unit": "4792",
        "price_unit": "ML"
      },
      {
        "state": "VIC",
        "price": "2396",
        "price_per_unit": "4792",
        "price_unit": "ML"
      },
      {
        "state": "QLD",
        "price": "2396",
        "price_per_unit": "4792",
        "price_unit": "ML"
      },
      {
        "state": "WA",
        "price": "2396",
        "price_per_unit": "4792",
        "price_unit": "ML"
      },
      {
        "state": "SA",
        "price": "2396",
        "price_per_unit": "4792",
        "price_unit": "ML"
      },
      {
        "state": "TAS",
        "price": "2396",
        "price_per_unit": "4792",
        "price_unit": "ML"
      },
      {
        "state": "ACT",
        "price": "2396",
        "price_per_unit": "4792",
        "price_unit": "ML"
      },
      {
        "state": "NT",
        "price": "2396",
        "price_per_unit": "4792",
        "price_unit": "ML"
      }
    ]
  },
  {
    "source_url": "https://www.woolworths.com.au/shop/productdetails/1074446141/dr-ceuracle-royal-vita-propolis-33-cream-50ml",
    "name": "Dr. Ceuracle Royal Vita Propolis 33 Cream 50ml",
    "image_url": "https://cdn1.woolworths.media/content/wowproductimages/large/1074446141.jpg",
    "source_id": "Woolworths - 1074446141",
    "barcode": null,
    "shop": "Woolworths",
    "weight": "100ML",
    "prices": [
      {
        "state": "NSW",
        "price": "5450",
        "price_per_unit": "10900",
        "price_unit": "ML"
      },
      {
        "state": "VIC",
        "price": "5450",
        "price_per_unit": "10900",
        "price_unit": "ML"
      },
      {
        "state": "QLD",
        "price": "5450",
        "price_per_unit": "10900",
        "price_unit": "ML"
      },
      {
        "state": "WA",
        "price": "5450",
        "price_per_unit": "10900",
        "price_unit": "ML"
      },
      {
        "state": "SA",
        "price": "5450",
        "price_per_unit": "10900",
        "price_unit": "ML"
      },
      {
        "state": "TAS",
        "price": "5450",
        "price_per_unit": "10900",
        "price_unit": "ML"
      },
      {
        "state": "ACT",
        "price": "5450",
        "price_per_unit": "10900",
        "price_unit": "ML"
      },
      {
        "state": "NT",
        "price": "5450",
        "price_per_unit": "10900",
        "price_unit": "ML"
      }
    ]
  },
  {
    "source_url": "https://www.woolworths.com.au/shop/productdetails/1074446146/dr-ceuracle-vegan-kombucha-tea-gel-cream-75g",
    "name": "Dr. Ceuracle Vegan Kombucha Tea Gel Cream 75g",
    "image_url": "https://cdn1.woolworths.media/content/wowproductimages/large/1074446146.jpg",
    "source_id": "Woolworths - 1074446146",
    "barcode": null,
    "shop": "Woolworths",
    "weight": "100G",
    "prices": [
      {
        "state": "NSW",
        "price": "5500",
        "price_per_unit": "7333",
        "price_unit": "G"
      },
      {
        "state": "VIC",
        "price": "5500",
        "price_per_unit": "7333",
        "price_unit": "G"
      },
      {
        "state": "QLD",
        "price": "5500",
        "price_per_unit": "7333",
        "price_unit": "G"
      },
      {
        "state": "WA",
        "price": "5500",
        "price_per_unit": "7333",
        "price_unit": "G"
      },
      {
        "state": "SA",
        "price": "5500",
        "price_per_unit": "7333",
        "price_unit": "G"
      },
      {
        "state": "TAS",
        "price": "5500",
        "price_per_unit": "7333",
        "price_unit": "G"
      },
      {
        "state": "ACT",
        "price": "5500",
        "price_per_unit": "7333",
        "price_unit": "G"
      },
      {
        "state": "NT",
        "price": "5500",
        "price_per_unit": "7333",
        "price_unit": "G"
      }
    ]
  },
  {
    "source_url": "https://www.woolworths.com.au/shop/productdetails/1074651230/dr-hauschka-clarifying-day-oil-18ml-0-6oz",
    "name": "Dr. Hauschka Clarifying Day Oil 18ml/0.6oz",
    "image_url": "https://cdn1.woolworths.media/content/wowproductimages/large/1074651230.jpg",
    "source_id": "Woolworths - 1074651230",
    "barcode": null,
    "shop": "Woolworths",
    "weight": "100ML",
    "prices": [
      {
        "state": "NSW",
        "price": "5200",
        "price_per_unit": "28889",
        "price_unit": "ML"
      },
      {
        "state": "VIC",
        "price": "5200",
        "price_per_unit": "28889",
        "price_unit": "ML"
      },
      {
        "state": "QLD",
        "price": "5200",
        "price_per_unit": "28889",
        "price_unit": "ML"
      },
      {
        "state": "WA",
        "price": "5200",
        "price_per_unit": "28889",
        "price_unit": "ML"
      },
      {
        "state": "SA",
        "price": "5200",
        "price_per_unit": "28889",
        "price_unit": "ML"
      },
      {
        "state": "TAS",
        "price": "5200",
        "price_per_unit": "28889",
        "price_unit": "ML"
      },
      {
        "state": "ACT",
        "price": "5200",
        "price_per_unit": "28889",
        "price_unit": "ML"
      },
      {
        "state": "NT",
        "price": "5200",
        "price_per_unit": "28889",
        "price_unit": "ML"
      }
    ]
  },
  {
    "source_url": "https://www.woolworths.com.au/shop/productdetails/1074651255/dr-hauschka-regenerating-day-cream-40ml-1-3oz",
    "name": "Dr. Hauschka Regenerating Day Cream 40ml/1.3oz",
    "image_url": "https://cdn1.woolworths.media/content/wowproductimages/large/1074651255.jpg",
    "source_id": "Woolworths - 1074651255",
    "barcode": null,
    "shop": "Woolworths",
    "weight": "100ML",
    "prices": [
      {
        "state": "NSW",
        "price": "10300",
        "price_per_unit": "25750",
        "price_unit": "ML"
      },
      {
        "state": "VIC",
        "price": "10300",
        "price_per_unit": "25750",
        "price_unit": "ML"
      },
      {
        "state": "QLD",
        "price": "10300",
        "price_per_unit": "25750",
        "price_unit": "ML"
      },
      {
        "state": "WA",
        "price": "10300",
        "price_per_unit": "25750",
        "price_unit": "ML"
      },
      {
        "state": "SA",
        "price": "10300",
        "price_per_unit": "25750",
        "price_unit": "ML"
      },
      {
        "state": "TAS",
        "price": "10300",
        "price_per_unit": "25750",
        "price_unit": "ML"
      },
      {
        "state": "ACT",
        "price": "10300",
        "price_per_unit": "25750",
        "price_unit": "ML"
      },
      {
        "state": "NT",
        "price": "10300",
        "price_per_unit": "25750",
        "price_unit": "ML"
      }
    ]
  },
  {
    "source_url": "https://www.woolworths.com.au/shop/productdetails/1074651260/dr-hauschka-regenerating-neck-and-decollete-cream-40ml-1-41oz",
    "name": "Dr. Hauschka Regenerating Neck And Decollete Cream 40ml/1.41oz",
    "image_url": "https://cdn1.woolworths.media/content/wowproductimages/large/1074651260.jpg",
    "source_id": "Woolworths - 1074651260",
    "barcode": null,
    "shop": "Woolworths",
    "weight": "100ML",
    "prices": [
      {
        "state": "NSW",
        "price": "9900",
        "price_per_unit": "24750",
        "price_unit": "ML"
      },
      {
        "state": "VIC",
        "price": "9900",
        "price_per_unit": "24750",
        "price_unit": "ML"
      },
      {
        "state": "QLD",
        "price": "9900",
        "price_per_unit": "24750",
        "price_unit": "ML"
      },
      {
        "state": "WA",
        "price": "9900",
        "price_per_unit": "24750",
        "price_unit": "ML"
      },
      {
        "state": "SA",
        "price": "9900",
        "price_per_unit": "24750",
        "price_unit": "ML"
      },
      {
        "state": "TAS",
        "price": "9900",
        "price_per_unit": "24750",
        "price_unit": "ML"
      },
      {
        "state": "ACT",
        "price": "9900",
        "price_per_unit": "24750",
        "price_unit": "ML"
      },
      {
        "state": "NT",
        "price": "9900",
        "price_per_unit": "24750",
        "price_unit": "ML"
      }
    ]
  },
  {
    "source_url": "https://www.woolworths.com.au/shop/productdetails/1074651266/dr-hauschka-rose-day-cream-30g-1oz",
    "name": "Dr. Hauschka Rose Day Cream 30g/1oz",
    "image_url": "https://cdn1.woolworths.media/content/wowproductimages/large/1074651266.jpg",
    "source_id": "Woolworths - 1074651266",
    "barcode": null,
    "shop": "Woolworths",
    "weight": "100G",
    "prices": [
      {
        "state": "NSW",
        "price": "5600",
        "price_per_unit": "18667",
        "price_unit": "G"
      },
      {
        "state": "VIC",
        "price": "5600",
        "price_per_unit": "18667",
        "price_unit": "G"
      },
      {
        "state": "QLD",
        "price": "5600",
        "price_per_unit": "18667",
        "price_unit": "G"
      },
      {
        "state": "WA",
        "price": "5600",
        "price_per_unit": "18667",
        "price_unit": "G"
      },
      {
        "state": "SA",
        "price": "5600",
        "price_per_unit": "18667",
        "price_unit": "G"
      },
      {
        "state": "TAS",
        "price": "5600",
        "price_per_unit": "18667",
        "price_unit": "G"
      },
      {
        "state": "ACT",
        "price": "5600",
        "price_per_unit": "18667",
        "price_unit": "G"
      },
      {
        "state": "NT",
        "price": "5600",
        "price_per_unit": "18667",
        "price_unit": "G"
      }
    ]
  },
  {
    "source_url": "https://www.woolworths.com.au/shop/productdetails/1074445868/dynasty-cream",
    "name": "Dynasty Cream",
    "image_url": "https://cdn1.woolworths.media/content/wowproductimages/large/1074445868.jpg",
    "source_id": "Woolworths - 1074445868",
    "barcode": null,
    "shop": "Woolworths",
    "weight": "100ML",
    "prices": [
      {
        "state": "NSW",
        "price": "4900",
        "price_per_unit": "9800",
        "price_unit": "ML"
      },
      {
        "state": "VIC",
        "price": "4900",
        "price_per_unit": "9800",
        "price_unit": "ML"
      },
      {
        "state": "QLD",
        "price": "4900",
        "price_per_unit": "9800",
        "price_unit": "ML"
      },
      {
        "state": "WA",
        "price": "4900",
        "price_per_unit": "9800",
        "price_unit": "ML"
      },
      {
        "state": "SA",
        "price": "4900",
        "price_per_unit": "9800",
        "price_unit": "ML"
      },
      {
        "state": "TAS",
        "price": "4900",
        "price_per_unit": "9800",
        "price_unit": "ML"
      },
      {
        "state": "ACT",
        "price": "4900",
        "price_per_unit": "9800",
        "price_unit": "ML"
      },
      {
        "state": "NT",
        "price": "4900",
        "price_per_unit": "9800",
        "price_unit": "ML"
      }
    ]
  },
  {
    "source_url": "https://www.woolworths.com.au/shop/productdetails/1075480526/edible-beauty-australia-coco-bliss-intensive-repair-50g",
    "name": "Edible Beauty Australia Coco Bliss Intensive Repair 50g",
    "image_url": "https://cdn1.woolworths.media/content/wowproductimages/large/1075480526.jpg",
    "source_id": "Woolworths - 1075480526",
    "barcode": null,
    "shop": "Woolworths",
    "weight": "100G",
    "prices": [
      {
        "state": "NSW",
        "price": "6400",
        "price_per_unit": "12800",
        "price_unit": "G"
      },
      {
        "state": "VIC",
        "price": "6400",
        "price_per_unit": "12800",
        "price_unit": "G"
      },
      {
        "state": "QLD",
        "price": "6400",
        "price_per_unit": "12800",
        "price_unit": "G"
      },
      {
        "state": "WA",
        "price": "6400",
        "price_per_unit": "12800",
        "price_unit": "G"
      },
      {
        "state": "SA",
        "price": "6400",
        "price_per_unit": "12800",
        "price_unit": "G"
      },
      {
        "state": "TAS",
        "price": "6400",
        "price_per_unit": "12800",
        "price_unit": "G"
      },
      {
        "state": "ACT",
        "price": "6400",
        "price_per_unit": "12800",
        "price_unit": "G"
      },
      {
        "state": "NT",
        "price": "6400",
        "price_per_unit": "12800",
        "price_unit": "G"
      }
    ]
  },
  {
    "source_url": "https://www.woolworths.com.au/shop/productdetails/1075481217/edible-beauty-australia-no-4-vanilla-silk-hydrating-lotion-50ml",
    "name": "Edible Beauty Australia No. 4 Vanilla Silk Hydrating Lotion 50ml",
    "image_url": "https://cdn1.woolworths.media/content/wowproductimages/large/1075481217.jpg",
    "source_id": "Woolworths - 1075481217",
    "barcode": null,
    "shop": "Woolworths",
    "weight": "100ML",
    "prices": [
      {
        "state": "NSW",
        "price": "6000",
        "price_per_unit": "12000",
        "price_unit": "ML"
      },
      {
        "state": "VIC",
        "price": "6000",
        "price_per_unit": "12000",
        "price_unit": "ML"
      },
      {
        "state": "QLD",
        "price": "6000",
        "price_per_unit": "12000",
        "price_unit": "ML"
      },
      {
        "state": "WA",
        "price": "6000",
        "price_per_unit": "12000",
        "price_unit": "ML"
      },
      {
        "state": "SA",
        "price": "6000",
        "price_per_unit": "12000",
        "price_unit": "ML"
      },
      {
        "state": "TAS",
        "price": "6000",
        "price_per_unit": "12000",
        "price_unit": "ML"
      },
      {
        "state": "ACT",
        "price": "6000",
        "price_per_unit": "12000",
        "price_unit": "ML"
      },
      {
        "state": "NT",
        "price": "6000",
        "price_per_unit": "12000",
        "price_unit": "ML"
      }
    ]
  },
  {
    "source_url": "https://www.woolworths.com.au/shop/productdetails/1075480808/ego-qv-face-moisturising-day-cream-spf30-75g",
    "name": "Ego QV Face Moisturising Day Cream SPF30 75g",
    "image_url": "https://cdn1.woolworths.media/content/wowproductimages/large/1075480808.jpg",
    "source_id": "Woolworths - 1075480808",
    "barcode": null,
    "shop": "Woolworths",
    "weight": "100G",
    "prices": [
      {
        "state": "NSW",
        "price": "1495",
        "price_per_unit": "1993",
        "price_unit": "G"
      },
      {
        "state": "VIC",
        "price": "1495",
        "price_per_unit": "1993",
        "price_unit": "G"
      },
      {
        "state": "QLD",
        "price": "1495",
        "price_per_unit": "1993",
        "price_unit": "G"
      },
      {
        "state": "WA",
        "price": "1495",
        "price_per_unit": "1993",
        "price_unit": "G"
      },
      {
        "state": "SA",
        "price": "1495",
        "price_per_unit": "1993",
        "price_unit": "G"
      },
      {
        "state": "TAS",
        "price": "1495",
        "price_per_unit": "1993",
        "price_unit": "G"
      },
      {
        "state": "ACT",
        "price": "1495",
        "price_per_unit": "1993",
        "price_unit": "G"
      },
      {
        "state": "NT",
        "price": "1495",
        "price_per_unit": "1993",
        "price_unit": "G"
      }
    ]
  },
  {
    "source_url": "https://www.woolworths.com.au/shop/productdetails/1075480666/ego-qv-face-oil-free-moisturiser-75g",
    "name": "Ego QV Face Oil Free Moisturiser 75g",
    "image_url": "https://cdn1.woolworths.media/content/wowproductimages/large/1075480666.jpg",
    "source_id": "Woolworths - 1075480666",
    "barcode": null,
    "shop": "Woolworths",
    "weight": "100G",
    "prices": [
      {
        "state": "NSW",
        "price": "1599",
        "price_per_unit": "2132",
        "price_unit": "G"
      },
      {
        "state": "VIC",
        "price": "1599",
        "price_per_unit": "2132",
        "price_unit": "G"
      },
      {
        "state": "QLD",
        "price": "1599",
        "price_per_unit": "2132",
        "price_unit": "G"
      },
      {
        "state": "WA",
        "price": "1599",
        "price_per_unit": "2132",
        "price_unit": "G"
      },
      {
        "state": "SA",
        "price": "1599",
        "price_per_unit": "2132",
        "price_unit": "G"
      },
      {
        "state": "TAS",
        "price": "1599",
        "price_per_unit": "2132",
        "price_unit": "G"
      },
      {
        "state": "ACT",
        "price": "1599",
        "price_per_unit": "2132",
        "price_unit": "G"
      },
      {
        "state": "NT",
        "price": "1599",
        "price_per_unit": "2132",
        "price_unit": "G"
      }
    ]
  },
  {
    "source_url": "https://www.woolworths.com.au/shop/productdetails/1075480564/ego-qv-face-ultra-calming-moisturiser-75g",
    "name": "Ego QV Face Ultra Calming Moisturiser 75g",
    "image_url": "https://cdn1.woolworths.media/content/wowproductimages/large/1075480564.jpg",
    "source_id": "Woolworths - 1075480564",
    "barcode": null,
    "shop": "Woolworths",
    "weight": "100G",
    "prices": [
      {
        "state": "NSW",
        "price": "1795",
        "price_per_unit": "2393",
        "price_unit": "G"
      },
      {
        "state": "VIC",
        "price": "1795",
        "price_per_unit": "2393",
        "price_unit": "G"
      },
      {
        "state": "QLD",
        "price": "1795",
        "price_per_unit": "2393",
        "price_unit": "G"
      },
      {
        "state": "WA",
        "price": "1795",
        "price_per_unit": "2393",
        "price_unit": "G"
      },
      {
        "state": "SA",
        "price": "1795",
        "price_per_unit": "2393",
        "price_unit": "G"
      },
      {
        "state": "TAS",
        "price": "1795",
        "price_per_unit": "2393",
        "price_unit": "G"
      },
      {
        "state": "ACT",
        "price": "1795",
        "price_per_unit": "2393",
        "price_unit": "G"
      },
      {
        "state": "NT",
        "price": "1795",
        "price_per_unit": "2393",
        "price_unit": "G"
      }
    ]
  },
  {
    "source_url": "https://www.woolworths.com.au/shop/productdetails/1075187713/egyptian-magic-all-purpose-skin-cream-59ml-2oz",
    "name": "Egyptian Magic All Purpose Skin Cream 59ml/2oz",
    "image_url": "https://cdn1.woolworths.media/content/wowproductimages/large/1075187713.jpg",
    "source_id": "Woolworths - 1075187713",
    "barcode": null,
    "shop": "Woolworths",
    "weight": "100ML",
    "prices": [
      {
        "state": "NSW",
        "price": "6300",
        "price_per_unit": "10678",
        "price_unit": "ML"
      },
      {
        "state": "VIC",
        "price": "6300",
        "price_per_unit": "10678",
        "price_unit": "ML"
      },
      {
        "state": "QLD",
        "price": "6300",
        "price_per_unit": "10678",
        "price_unit": "ML"
      },
      {
        "state": "WA",
        "price": "6300",
        "price_per_unit": "10678",
        "price_unit": "ML"
      },
      {
        "state": "SA",
        "price": "6300",
        "price_per_unit": "10678",
        "price_unit": "ML"
      },
      {
        "state": "TAS",
        "price": "6300",
        "price_per_unit": "10678",
        "price_unit": "ML"
      },
      {
        "state": "ACT",
        "price": "6300",
        "price_per_unit": "10678",
        "price_unit": "ML"
      },
      {
        "state": "NT",
        "price": "6300",
        "price_per_unit": "10678",
        "price_unit": "ML"
      }
    ]
  },
  {
    "source_url": "https://www.woolworths.com.au/shop/productdetails/1074132140/elemis-pro-definition-day-cream-50ml-1-6oz",
    "name": "Elemis Pro-Definition Day Cream 50ml/1.6oz",
    "image_url": "https://cdn1.woolworths.media/content/wowproductimages/large/1074132140.jpg",
    "source_id": "Woolworths - 1074132140",
    "barcode": null,
    "shop": "Woolworths",
    "weight": "100ML",
    "prices": [
      {
        "state": "NSW",
        "price": "25410",
        "price_per_unit": "50820",
        "price_unit": "ML"
      },
      {
        "state": "VIC",
        "price": "25410",
        "price_per_unit": "50820",
        "price_unit": "ML"
      },
      {
        "state": "QLD",
        "price": "25410",
        "price_per_unit": "50820",
        "price_unit": "ML"
      },
      {
        "state": "WA",
        "price": "25410",
        "price_per_unit": "50820",
        "price_unit": "ML"
      },
      {
        "state": "SA",
        "price": "25410",
        "price_per_unit": "50820",
        "price_unit": "ML"
      },
      {
        "state": "TAS",
        "price": "25410",
        "price_per_unit": "50820",
        "price_unit": "ML"
      },
      {
        "state": "ACT",
        "price": "25410",
        "price_per_unit": "50820",
        "price_unit": "ML"
      },
      {
        "state": "NT",
        "price": "25410",
        "price_per_unit": "50820",
        "price_unit": "ML"
      }
    ]
  },
  {
    "source_url": "https://www.woolworths.com.au/shop/productdetails/1074713559/elemis-pro-definition-day-cream-50ml-1-6oz",
    "name": "Elemis Pro-Definition Day Cream 50ml/1.6oz",
    "image_url": "https://cdn1.woolworths.media/content/wowproductimages/large/1074713559.jpg",
    "source_id": "Woolworths - 1074713559",
    "barcode": null,
    "shop": "Woolworths",
    "weight": "100ML",
    "prices": [
      {
        "state": "NSW",
        "price": "20495",
        "price_per_unit": "40990",
        "price_unit": "ML"
      },
      {
        "state": "VIC",
        "price": "20495",
        "price_per_unit": "40990",
        "price_unit": "ML"
      },
      {
        "state": "QLD",
        "price": "20495",
        "price_per_unit": "40990",
        "price_unit": "ML"
      },
      {
        "state": "WA",
        "price": "20495",
        "price_per_unit": "40990",
        "price_unit": "ML"
      },
      {
        "state": "SA",
        "price": "20495",
        "price_per_unit": "40990",
        "price_unit": "ML"
      },
      {
        "state": "TAS",
        "price": "20495",
        "price_per_unit": "40990",
        "price_unit": "ML"
      },
      {
        "state": "ACT",
        "price": "20495",
        "price_per_unit": "40990",
        "price_unit": "ML"
      },
      {
        "state": "NT",
        "price": "20495",
        "price_per_unit": "40990",
        "price_unit": "ML"
      }
    ]
  },
  {
    "source_url": "https://www.woolworths.com.au/shop/productdetails/1074713829/elizabeth-arden-advanced-ceramide-lift-and-firm-day-cream-spf-15-50ml-1-7oz",
    "name": "Elizabeth Arden Advanced Ceramide Lift and Firm Day Cream SPF 15 50ml/1.7oz",
    "image_url": "https://cdn1.woolworths.media/content/wowproductimages/large/1074713829.jpg",
    "source_id": "Woolworths - 1074713829",
    "barcode": null,
    "shop": "Woolworths",
    "weight": "100ML",
    "prices": [
      {
        "state": "NSW",
        "price": "13295",
        "price_per_unit": "26590",
        "price_unit": "ML"
      },
      {
        "state": "VIC",
        "price": "13295",
        "price_per_unit": "26590",
        "price_unit": "ML"
      },
      {
        "state": "QLD",
        "price": "13295",
        "price_per_unit": "26590",
        "price_unit": "ML"
      },
      {
        "state": "WA",
        "price": "13295",
        "price_per_unit": "26590",
        "price_unit": "ML"
      },
      {
        "state": "SA",
        "price": "13295",
        "price_per_unit": "26590",
        "price_unit": "ML"
      },
      {
        "state": "TAS",
        "price": "13295",
        "price_per_unit": "26590",
        "price_unit": "ML"
      },
      {
        "state": "ACT",
        "price": "13295",
        "price_per_unit": "26590",
        "price_unit": "ML"
      },
      {
        "state": "NT",
        "price": "13295",
        "price_per_unit": "26590",
        "price_unit": "ML"
      }
    ]
  },
  {
    "source_url": "https://www.woolworths.com.au/shop/productdetails/1074651410/elizabeth-arden-ceramide-lift-and-firm-day-cream-50ml-1-7oz",
    "name": "Elizabeth Arden Ceramide Lift and Firm Day Cream 50ml/1.7oz",
    "image_url": "https://cdn1.woolworths.media/content/wowproductimages/large/1074651410.jpg",
    "source_id": "Woolworths - 1074651410",
    "barcode": null,
    "shop": "Woolworths",
    "weight": "100ML",
    "prices": [
      {
        "state": "NSW",
        "price": "10700",
        "price_per_unit": "21400",
        "price_unit": "ML"
      },
      {
        "state": "VIC",
        "price": "10700",
        "price_per_unit": "21400",
        "price_unit": "ML"
      },
      {
        "state": "QLD",
        "price": "10700",
        "price_per_unit": "21400",
        "price_unit": "ML"
      },
      {
        "state": "WA",
        "price": "10700",
        "price_per_unit": "21400",
        "price_unit": "ML"
      },
      {
        "state": "SA",
        "price": "10700",
        "price_per_unit": "21400",
        "price_unit": "ML"
      },
      {
        "state": "TAS",
        "price": "10700",
        "price_per_unit": "21400",
        "price_unit": "ML"
      },
      {
        "state": "ACT",
        "price": "10700",
        "price_per_unit": "21400",
        "price_unit": "ML"
      },
      {
        "state": "NT",
        "price": "10700",
        "price_per_unit": "21400",
        "price_unit": "ML"
      }
    ]
  },
  {
    "source_url": "https://www.woolworths.com.au/shop/productdetails/1075932568/elizabeth-arden-eight-hour-hydraplay-skin-perfecting-daily-moisturizer-45ml",
    "name": "Elizabeth Arden Eight Hour Hydraplay Skin Perfecting Daily Moisturizer 45ml",
    "image_url": "https://cdn1.woolworths.media/content/wowproductimages/large/1075932568.jpg",
    "source_id": "Woolworths - 1075932568",
    "barcode": null,
    "shop": "Woolworths",
    "weight": "100ML",
    "prices": [
      {
        "state": "NSW",
        "price": "5500",
        "price_per_unit": "12222",
        "price_unit": "ML"
      },
      {
        "state": "VIC",
        "price": "5500",
        "price_per_unit": "12222",
        "price_unit": "ML"
      },
      {
        "state": "QLD",
        "price": "5500",
        "price_per_unit": "12222",
        "price_unit": "ML"
      },
      {
        "state": "WA",
        "price": "5500",
        "price_per_unit": "12222",
        "price_unit": "ML"
      },
      {
        "state": "SA",
        "price": "5500",
        "price_per_unit": "12222",
        "price_unit": "ML"
      },
      {
        "state": "TAS",
        "price": "5500",
        "price_per_unit": "12222",
        "price_unit": "ML"
      },
      {
        "state": "ACT",
        "price": "5500",
        "price_per_unit": "12222",
        "price_unit": "ML"
      },
      {
        "state": "NT",
        "price": "5500",
        "price_per_unit": "12222",
        "price_unit": "ML"
      }
    ]
  },
  {
    "source_url": "https://www.woolworths.com.au/shop/productdetails/1074651427/elizabeth-arden-eight-hour-miracle-hydrating-mist-100ml-3-4oz",
    "name": "Elizabeth Arden Eight Hour Miracle Hydrating Mist 100ml/3.4oz",
    "image_url": "https://cdn1.woolworths.media/content/wowproductimages/large/1074651427.jpg",
    "source_id": "Woolworths - 1074651427",
    "barcode": null,
    "shop": "Woolworths",
    "weight": "100ML",
    "prices": [
      {
        "state": "NSW",
        "price": "3800",
        "price_per_unit": "3800",
        "price_unit": "ML"
      },
      {
        "state": "VIC",
        "price": "3800",
        "price_per_unit": "3800",
        "price_unit": "ML"
      },
      {
        "state": "QLD",
        "price": "3800",
        "price_per_unit": "3800",
        "price_unit": "ML"
      },
      {
        "state": "WA",
        "price": "3800",
        "price_per_unit": "3800",
        "price_unit": "ML"
      },
      {
        "state": "SA",
        "price": "3800",
        "price_per_unit": "3800",
        "price_unit": "ML"
      },
      {
        "state": "TAS",
        "price": "3800",
        "price_per_unit": "3800",
        "price_unit": "ML"
      },
      {
        "state": "ACT",
        "price": "3800",
        "price_per_unit": "3800",
        "price_unit": "ML"
      },
      {
        "state": "NT",
        "price": "3800",
        "price_per_unit": "3800",
        "price_unit": "ML"
      }
    ]
  },
  {
    "source_url": "https://www.woolworths.com.au/shop/productdetails/1075826852/elizabeth-arden-good-night-s-sleep-restoring-cream-50ml",
    "name": "Elizabeth Arden Good Night's Sleep Restoring Cream 50mL",
    "image_url": "https://cdn1.woolworths.media/content/wowproductimages/large/1075826852.jpg",
    "source_id": "Woolworths - 1075826852",
    "barcode": null,
    "shop": "Woolworths",
    "weight": "100ML",
    "prices": [
      {
        "state": "NSW",
        "price": "4900",
        "price_per_unit": "9800",
        "price_unit": "ML"
      },
      {
        "state": "VIC",
        "price": "4900",
        "price_per_unit": "9800",
        "price_unit": "ML"
      },
      {
        "state": "QLD",
        "price": "4900",
        "price_per_unit": "9800",
        "price_unit": "ML"
      },
      {
        "state": "WA",
        "price": "4900",
        "price_per_unit": "9800",
        "price_unit": "ML"
      },
      {
        "state": "SA",
        "price": "4900",
        "price_per_unit": "9800",
        "price_unit": "ML"
      },
      {
        "state": "TAS",
        "price": "4900",
        "price_per_unit": "9800",
        "price_unit": "ML"
      },
      {
        "state": "ACT",
        "price": "4900",
        "price_per_unit": "9800",
        "price_unit": "ML"
      },
      {
        "state": "NT",
        "price": "4900",
        "price_per_unit": "9800",
        "price_unit": "ML"
      }
    ]
  },
  {
    "source_url": "https://www.woolworths.com.au/shop/productdetails/1075826856/elizabeth-arden-millenium-night-renewal-cream-50ml",
    "name": "Elizabeth Arden Millenium Night Renewal Cream 50mL",
    "image_url": "https://cdn1.woolworths.media/content/wowproductimages/large/1075826856.jpg",
    "source_id": "Woolworths - 1075826856",
    "barcode": null,
    "shop": "Woolworths",
    "weight": "100ML",
    "prices": [
      {
        "state": "NSW",
        "price": "5400",
        "price_per_unit": "10800",
        "price_unit": "ML"
      },
      {
        "state": "VIC",
        "price": "5400",
        "price_per_unit": "10800",
        "price_unit": "ML"
      },
      {
        "state": "QLD",
        "price": "5400",
        "price_per_unit": "10800",
        "price_unit": "ML"
      },
      {
        "state": "WA",
        "price": "5400",
        "price_per_unit": "10800",
        "price_unit": "ML"
      },
      {
        "state": "SA",
        "price": "5400",
        "price_per_unit": "10800",
        "price_unit": "ML"
      },
      {
        "state": "TAS",
        "price": "5400",
        "price_per_unit": "10800",
        "price_unit": "ML"
      },
      {
        "state": "ACT",
        "price": "5400",
        "price_per_unit": "10800",
        "price_unit": "ML"
      },
      {
        "state": "NT",
        "price": "5400",
        "price_per_unit": "10800",
        "price_unit": "ML"
      }
    ]
  },
  {
    "source_url": "https://www.woolworths.com.au/shop/productdetails/1075826854/elizabeth-arden-perpetual-moisture-24-cream-50ml",
    "name": "Elizabeth Arden Perpetual Moisture 24 Cream 50mL",
    "image_url": "https://cdn1.woolworths.media/content/wowproductimages/large/1075826854.jpg",
    "source_id": "Woolworths - 1075826854",
    "barcode": null,
    "shop": "Woolworths",
    "weight": "100ML",
    "prices": [
      {
        "state": "NSW",
        "price": "4900",
        "price_per_unit": "9800",
        "price_unit": "ML"
      },
      {
        "state": "VIC",
        "price": "4900",
        "price_per_unit": "9800",
        "price_unit": "ML"
      },
      {
        "state": "QLD",
        "price": "4900",
        "price_per_unit": "9800",
        "price_unit": "ML"
      },
      {
        "state": "WA",
        "price": "4900",
        "price_per_unit": "9800",
        "price_unit": "ML"
      },
      {
        "state": "SA",
        "price": "4900",
        "price_per_unit": "9800",
        "price_unit": "ML"
      },
      {
        "state": "TAS",
        "price": "4900",
        "price_per_unit": "9800",
        "price_unit": "ML"
      },
      {
        "state": "ACT",
        "price": "4900",
        "price_per_unit": "9800",
        "price_unit": "ML"
      },
      {
        "state": "NT",
        "price": "4900",
        "price_per_unit": "9800",
        "price_unit": "ML"
      }
    ]
  },
  {
    "source_url": "https://www.woolworths.com.au/shop/productdetails/1075826855/elizabeth-arden-visible-difference-refining-moisture-cream-complex-75ml",
    "name": "Elizabeth Arden Visible Difference Refining Moisture Cream Complex 75mL",
    "image_url": "https://cdn1.woolworths.media/content/wowproductimages/large/1075826855.jpg",
    "source_id": "Woolworths - 1075826855",
    "barcode": null,
    "shop": "Woolworths",
    "weight": "100ML",
    "prices": [
      {
        "state": "NSW",
        "price": "4900",
        "price_per_unit": "6533",
        "price_unit": "ML"
      },
      {
        "state": "VIC",
        "price": "4900",
        "price_per_unit": "6533",
        "price_unit": "ML"
      },
      {
        "state": "QLD",
        "price": "4900",
        "price_per_unit": "6533",
        "price_unit": "ML"
      },
      {
        "state": "WA",
        "price": "4900",
        "price_per_unit": "6533",
        "price_unit": "ML"
      },
      {
        "state": "SA",
        "price": "4900",
        "price_per_unit": "6533",
        "price_unit": "ML"
      },
      {
        "state": "TAS",
        "price": "4900",
        "price_per_unit": "6533",
        "price_unit": "ML"
      },
      {
        "state": "ACT",
        "price": "4900",
        "price_per_unit": "6533",
        "price_unit": "ML"
      },
      {
        "state": "NT",
        "price": "4900",
        "price_per_unit": "6533",
        "price_unit": "ML"
      }
    ]
  },
  {
    "source_url": "https://www.woolworths.com.au/shop/productdetails/1074713239/elizabeth-arden-visible-difference-refining-moisture-cream-complex-75ml-2-5oz",
    "name": "Elizabeth Arden Visible Difference Refining Moisture Cream Complex 75ml/2.5oz",
    "image_url": "https://cdn1.woolworths.media/content/wowproductimages/large/1074713239.jpg",
    "source_id": "Woolworths - 1074713239",
    "barcode": null,
    "shop": "Woolworths",
    "weight": "100ML",
    "prices": [
      {
        "state": "NSW",
        "price": "5595",
        "price_per_unit": "7460",
        "price_unit": "ML"
      },
      {
        "state": "VIC",
        "price": "5595",
        "price_per_unit": "7460",
        "price_unit": "ML"
      },
      {
        "state": "QLD",
        "price": "5595",
        "price_per_unit": "7460",
        "price_unit": "ML"
      },
      {
        "state": "WA",
        "price": "5595",
        "price_per_unit": "7460",
        "price_unit": "ML"
      },
      {
        "state": "SA",
        "price": "5595",
        "price_per_unit": "7460",
        "price_unit": "ML"
      },
      {
        "state": "TAS",
        "price": "5595",
        "price_per_unit": "7460",
        "price_unit": "ML"
      },
      {
        "state": "ACT",
        "price": "5595",
        "price_per_unit": "7460",
        "price_unit": "ML"
      },
      {
        "state": "NT",
        "price": "5595",
        "price_per_unit": "7460",
        "price_unit": "ML"
      }
    ]
  },
  {
    "source_url": "https://www.woolworths.com.au/shop/productdetails/1075826858/elizabeth-arden-white-tea-skin-solutions-replenishing-micro-gel-cream-50ml",
    "name": "Elizabeth Arden White Tea Skin Solutions Replenishing Micro-Gel Cream 50mL",
    "image_url": "https://cdn1.woolworths.media/content/wowproductimages/large/1075826858.jpg",
    "source_id": "Woolworths - 1075826858",
    "barcode": null,
    "shop": "Woolworths",
    "weight": "100ML",
    "prices": [
      {
        "state": "NSW",
        "price": "6900",
        "price_per_unit": "13800",
        "price_unit": "ML"
      },
      {
        "state": "VIC",
        "price": "6900",
        "price_per_unit": "13800",
        "price_unit": "ML"
      },
      {
        "state": "QLD",
        "price": "6900",
        "price_per_unit": "13800",
        "price_unit": "ML"
      },
      {
        "state": "WA",
        "price": "6900",
        "price_per_unit": "13800",
        "price_unit": "ML"
      },
      {
        "state": "SA",
        "price": "6900",
        "price_per_unit": "13800",
        "price_unit": "ML"
      },
      {
        "state": "TAS",
        "price": "6900",
        "price_per_unit": "13800",
        "price_unit": "ML"
      },
      {
        "state": "ACT",
        "price": "6900",
        "price_per_unit": "13800",
        "price_unit": "ML"
      },
      {
        "state": "NT",
        "price": "6900",
        "price_per_unit": "13800",
        "price_unit": "ML"
      }
    ]
  },
  {
    "source_url": "https://www.woolworths.com.au/shop/productdetails/1074651456/eltamd-skin-recovery-light-moisturizer-50ml-1-7oz",
    "name": "EltaMD Skin Recovery Light Moisturizer 50ml/1.7oz",
    "image_url": "https://cdn1.woolworths.media/content/wowproductimages/large/1074651456.jpg",
    "source_id": "Woolworths - 1074651456",
    "barcode": null,
    "shop": "Woolworths",
    "weight": "100ML",
    "prices": [
      {
        "state": "NSW",
        "price": "8600",
        "price_per_unit": "17200",
        "price_unit": "ML"
      },
      {
        "state": "VIC",
        "price": "8600",
        "price_per_unit": "17200",
        "price_unit": "ML"
      },
      {
        "state": "QLD",
        "price": "8600",
        "price_per_unit": "17200",
        "price_unit": "ML"
      },
      {
        "state": "WA",
        "price": "8600",
        "price_per_unit": "17200",
        "price_unit": "ML"
      },
      {
        "state": "SA",
        "price": "8600",
        "price_per_unit": "17200",
        "price_unit": "ML"
      },
      {
        "state": "TAS",
        "price": "8600",
        "price_per_unit": "17200",
        "price_unit": "ML"
      },
      {
        "state": "ACT",
        "price": "8600",
        "price_per_unit": "17200",
        "price_unit": "ML"
      },
      {
        "state": "NT",
        "price": "8600",
        "price_per_unit": "17200",
        "price_unit": "ML"
      }
    ]
  },
  {
    "source_url": "https://www.woolworths.com.au/shop/productdetails/1075773786/eltamd-uv-facial-creamy-moisturization-spf-35-for-normal-to-dry-skin-random-packaging-85g-3oz",
    "name": "EltaMD UV Facial Creamy Moisturization SPF 35 - For Normal to Dry Skin (Random Packaging) 85g/3oz",
    "image_url": "https://cdn1.woolworths.media/content/wowproductimages/large/1075773786.jpg",
    "source_id": "Woolworths - 1075773786",
    "barcode": null,
    "shop": "Woolworths",
    "weight": "100G",
    "prices": [
      {
        "state": "NSW",
        "price": "7200",
        "price_per_unit": "8471",
        "price_unit": "G"
      },
      {
        "state": "VIC",
        "price": "7200",
        "price_per_unit": "8471",
        "price_unit": "G"
      },
      {
        "state": "QLD",
        "price": "7200",
        "price_per_unit": "8471",
        "price_unit": "G"
      },
      {
        "state": "WA",
        "price": "7200",
        "price_per_unit": "8471",
        "price_unit": "G"
      },
      {
        "state": "SA",
        "price": "7200",
        "price_per_unit": "8471",
        "price_unit": "G"
      },
      {
        "state": "TAS",
        "price": "7200",
        "price_per_unit": "8471",
        "price_unit": "G"
      },
      {
        "state": "ACT",
        "price": "7200",
        "price_per_unit": "8471",
        "price_unit": "G"
      },
      {
        "state": "NT",
        "price": "7200",
        "price_per_unit": "8471",
        "price_unit": "G"
      }
    ]
  },
  {
    "source_url": "https://www.woolworths.com.au/shop/productdetails/1075183639/embryolisse-lait-creme-concentrate-24-hour-miracle-cream-75ml-2-6oz",
    "name": "Embryolisse Lait Creme Concentrate (24-Hour Miracle Cream) 75ml/2.6oz",
    "image_url": "https://cdn1.woolworths.media/content/wowproductimages/large/1075183639.jpg",
    "source_id": "Woolworths - 1075183639",
    "barcode": null,
    "shop": "Woolworths",
    "weight": "100ML",
    "prices": [
      {
        "state": "NSW",
        "price": "4100",
        "price_per_unit": "5467",
        "price_unit": "ML"
      },
      {
        "state": "VIC",
        "price": "4100",
        "price_per_unit": "5467",
        "price_unit": "ML"
      },
      {
        "state": "QLD",
        "price": "4100",
        "price_per_unit": "5467",
        "price_unit": "ML"
      },
      {
        "state": "WA",
        "price": "4100",
        "price_per_unit": "5467",
        "price_unit": "ML"
      },
      {
        "state": "SA",
        "price": "4100",
        "price_per_unit": "5467",
        "price_unit": "ML"
      },
      {
        "state": "TAS",
        "price": "4100",
        "price_per_unit": "5467",
        "price_unit": "ML"
      },
      {
        "state": "ACT",
        "price": "4100",
        "price_per_unit": "5467",
        "price_unit": "ML"
      },
      {
        "state": "NT",
        "price": "4100",
        "price_per_unit": "5467",
        "price_unit": "ML"
      }
    ]
  },
  {
    "source_url": "https://www.woolworths.com.au/shop/productdetails/1074132184/emu-tracks-emu-oil-moisturiser-activated-skin-care-for-sensitive-delicate-skin-55g",
    "name": "Emu Tracks Emu Oil Moisturiser (Activated Skin Care for Sensitive & Delicate Skin) 55g",
    "image_url": "https://cdn1.woolworths.media/content/wowproductimages/large/1074132184.jpg",
    "source_id": "Woolworths - 1074132184",
    "barcode": null,
    "shop": "Woolworths",
    "weight": "100G",
    "prices": [
      {
        "state": "NSW",
        "price": "7920",
        "price_per_unit": "14400",
        "price_unit": "G"
      },
      {
        "state": "VIC",
        "price": "7920",
        "price_per_unit": "14400",
        "price_unit": "G"
      },
      {
        "state": "QLD",
        "price": "7920",
        "price_per_unit": "14400",
        "price_unit": "G"
      },
      {
        "state": "WA",
        "price": "7920",
        "price_per_unit": "14400",
        "price_unit": "G"
      },
      {
        "state": "SA",
        "price": "7920",
        "price_per_unit": "14400",
        "price_unit": "G"
      },
      {
        "state": "TAS",
        "price": "7920",
        "price_per_unit": "14400",
        "price_unit": "G"
      },
      {
        "state": "ACT",
        "price": "7920",
        "price_per_unit": "14400",
        "price_unit": "G"
      },
      {
        "state": "NT",
        "price": "7920",
        "price_per_unit": "14400",
        "price_unit": "G"
      }
    ]
  },
  {
    "source_url": "https://www.woolworths.com.au/shop/productdetails/1075346751/endota-organics-deep-hydration-face-moisturiser-50ml",
    "name": "Endota Organics Deep Hydration Face Moisturiser 50ml",
    "image_url": "https://cdn1.woolworths.media/content/wowproductimages/large/1075346751.jpg",
    "source_id": "Woolworths - 1075346751",
    "barcode": null,
    "shop": "Woolworths",
    "weight": "100ML",
    "prices": [
      {
        "state": "NSW",
        "price": "5900",
        "price_per_unit": "11800",
        "price_unit": "ML"
      },
      {
        "state": "VIC",
        "price": "5900",
        "price_per_unit": "11800",
        "price_unit": "ML"
      },
      {
        "state": "QLD",
        "price": "5900",
        "price_per_unit": "11800",
        "price_unit": "ML"
      },
      {
        "state": "WA",
        "price": "5900",
        "price_per_unit": "11800",
        "price_unit": "ML"
      },
      {
        "state": "SA",
        "price": "5900",
        "price_per_unit": "11800",
        "price_unit": "ML"
      },
      {
        "state": "TAS",
        "price": "5900",
        "price_per_unit": "11800",
        "price_unit": "ML"
      },
      {
        "state": "ACT",
        "price": "5900",
        "price_per_unit": "11800",
        "price_unit": "ML"
      },
      {
        "state": "NT",
        "price": "5900",
        "price_per_unit": "11800",
        "price_unit": "ML"
      }
    ]
  },
  {
    "source_url": "https://www.woolworths.com.au/shop/productdetails/1074651512/epicuren-after-bath-moisturizer-french-lavender-500ml-16oz",
    "name": "Epicuren After Bath Moisturizer - French Lavender 500ml/16oz",
    "image_url": "https://cdn1.woolworths.media/content/wowproductimages/large/1074651512.jpg",
    "source_id": "Woolworths - 1074651512",
    "barcode": null,
    "shop": "Woolworths",
    "weight": "100ML",
    "prices": [
      {
        "state": "NSW",
        "price": "11500",
        "price_per_unit": "2300",
        "price_unit": "ML"
      },
      {
        "state": "VIC",
        "price": "11500",
        "price_per_unit": "2300",
        "price_unit": "ML"
      },
      {
        "state": "QLD",
        "price": "11500",
        "price_per_unit": "2300",
        "price_unit": "ML"
      },
      {
        "state": "WA",
        "price": "11500",
        "price_per_unit": "2300",
        "price_unit": "ML"
      },
      {
        "state": "SA",
        "price": "11500",
        "price_per_unit": "2300",
        "price_unit": "ML"
      },
      {
        "state": "TAS",
        "price": "11500",
        "price_per_unit": "2300",
        "price_unit": "ML"
      },
      {
        "state": "ACT",
        "price": "11500",
        "price_per_unit": "2300",
        "price_unit": "ML"
      },
      {
        "state": "NT",
        "price": "11500",
        "price_per_unit": "2300",
        "price_unit": "ML"
      }
    ]
  },
  {
    "source_url": "https://www.woolworths.com.au/shop/productdetails/1074651513/epicuren-after-bath-moisturizer-fresh-unscented-236ml-8oz",
    "name": "Epicuren After Bath Moisturizer - Fresh Unscented 236ml/8oz",
    "image_url": "https://cdn1.woolworths.media/content/wowproductimages/large/1074651513.jpg",
    "source_id": "Woolworths - 1074651513",
    "barcode": null,
    "shop": "Woolworths",
    "weight": "100ML",
    "prices": [
      {
        "state": "NSW",
        "price": "6300",
        "price_per_unit": "2669",
        "price_unit": "ML"
      },
      {
        "state": "VIC",
        "price": "6300",
        "price_per_unit": "2669",
        "price_unit": "ML"
      },
      {
        "state": "QLD",
        "price": "6300",
        "price_per_unit": "2669",
        "price_unit": "ML"
      },
      {
        "state": "WA",
        "price": "6300",
        "price_per_unit": "2669",
        "price_unit": "ML"
      },
      {
        "state": "SA",
        "price": "6300",
        "price_per_unit": "2669",
        "price_unit": "ML"
      },
      {
        "state": "TAS",
        "price": "6300",
        "price_per_unit": "2669",
        "price_unit": "ML"
      },
      {
        "state": "ACT",
        "price": "6300",
        "price_per_unit": "2669",
        "price_unit": "ML"
      },
      {
        "state": "NT",
        "price": "6300",
        "price_per_unit": "2669",
        "price_unit": "ML"
      }
    ]
  },
  {
    "source_url": "https://www.woolworths.com.au/shop/productdetails/1074651514/epicuren-after-bath-moisturizer-fresh-unscented-473ml-16oz",
    "name": "Epicuren After Bath Moisturizer - Fresh Unscented 473ml/16oz",
    "image_url": "https://cdn1.woolworths.media/content/wowproductimages/large/1074651514.jpg",
    "source_id": "Woolworths - 1074651514",
    "barcode": null,
    "shop": "Woolworths",
    "weight": "100ML",
    "prices": [
      {
        "state": "NSW",
        "price": "10400",
        "price_per_unit": "2199",
        "price_unit": "ML"
      },
      {
        "state": "VIC",
        "price": "10400",
        "price_per_unit": "2199",
        "price_unit": "ML"
      },
      {
        "state": "QLD",
        "price": "10400",
        "price_per_unit": "2199",
        "price_unit": "ML"
      },
      {
        "state": "WA",
        "price": "10400",
        "price_per_unit": "2199",
        "price_unit": "ML"
      },
      {
        "state": "SA",
        "price": "10400",
        "price_per_unit": "2199",
        "price_unit": "ML"
      },
      {
        "state": "TAS",
        "price": "10400",
        "price_per_unit": "2199",
        "price_unit": "ML"
      },
      {
        "state": "ACT",
        "price": "10400",
        "price_per_unit": "2199",
        "price_unit": "ML"
      },
      {
        "state": "NT",
        "price": "10400",
        "price_per_unit": "2199",
        "price_unit": "ML"
      }
    ]
  },
  {
    "source_url": "https://www.woolworths.com.au/shop/productdetails/1074651515/epicuren-after-bath-moisturizer-kukui-coconut-250ml-8oz",
    "name": "Epicuren After Bath Moisturizer - Kukui Coconut 250ml/8oz",
    "image_url": "https://cdn1.woolworths.media/content/wowproductimages/large/1074651515.jpg",
    "source_id": "Woolworths - 1074651515",
    "barcode": null,
    "shop": "Woolworths",
    "weight": "100ML",
    "prices": [
      {
        "state": "NSW",
        "price": "6900",
        "price_per_unit": "2760",
        "price_unit": "ML"
      },
      {
        "state": "VIC",
        "price": "6900",
        "price_per_unit": "2760",
        "price_unit": "ML"
      },
      {
        "state": "QLD",
        "price": "6900",
        "price_per_unit": "2760",
        "price_unit": "ML"
      },
      {
        "state": "WA",
        "price": "6900",
        "price_per_unit": "2760",
        "price_unit": "ML"
      },
      {
        "state": "SA",
        "price": "6900",
        "price_per_unit": "2760",
        "price_unit": "ML"
      },
      {
        "state": "TAS",
        "price": "6900",
        "price_per_unit": "2760",
        "price_unit": "ML"
      },
      {
        "state": "ACT",
        "price": "6900",
        "price_per_unit": "2760",
        "price_unit": "ML"
      },
      {
        "state": "NT",
        "price": "6900",
        "price_per_unit": "2760",
        "price_unit": "ML"
      }
    ]
  },
  {
    "source_url": "https://www.woolworths.com.au/shop/productdetails/1074651516/epicuren-after-bath-moisturizer-kukui-coconut-500ml-16oz",
    "name": "Epicuren After Bath Moisturizer - Kukui Coconut 500ml/16oz",
    "image_url": "https://cdn1.woolworths.media/content/wowproductimages/large/1074651516.jpg",
    "source_id": "Woolworths - 1074651516",
    "barcode": null,
    "shop": "Woolworths",
    "weight": "100ML",
    "prices": [
      {
        "state": "NSW",
        "price": "11600",
        "price_per_unit": "2320",
        "price_unit": "ML"
      },
      {
        "state": "VIC",
        "price": "11600",
        "price_per_unit": "2320",
        "price_unit": "ML"
      },
      {
        "state": "QLD",
        "price": "11600",
        "price_per_unit": "2320",
        "price_unit": "ML"
      },
      {
        "state": "WA",
        "price": "11600",
        "price_per_unit": "2320",
        "price_unit": "ML"
      },
      {
        "state": "SA",
        "price": "11600",
        "price_per_unit": "2320",
        "price_unit": "ML"
      },
      {
        "state": "TAS",
        "price": "11600",
        "price_per_unit": "2320",
        "price_unit": "ML"
      },
      {
        "state": "ACT",
        "price": "11600",
        "price_per_unit": "2320",
        "price_unit": "ML"
      },
      {
        "state": "NT",
        "price": "11600",
        "price_per_unit": "2320",
        "price_unit": "ML"
      }
    ]
  },
  {
    "source_url": "https://www.woolworths.com.au/shop/productdetails/1074651517/epicuren-after-bath-moisturizer-moroccan-rosemary-250ml-8oz",
    "name": "Epicuren After Bath Moisturizer - Moroccan Rosemary 250ml/8oz",
    "image_url": "https://cdn1.woolworths.media/content/wowproductimages/large/1074651517.jpg",
    "source_id": "Woolworths - 1074651517",
    "barcode": null,
    "shop": "Woolworths",
    "weight": "100ML",
    "prices": [
      {
        "state": "NSW",
        "price": "7200",
        "price_per_unit": "2880",
        "price_unit": "ML"
      },
      {
        "state": "VIC",
        "price": "7200",
        "price_per_unit": "2880",
        "price_unit": "ML"
      },
      {
        "state": "QLD",
        "price": "7200",
        "price_per_unit": "2880",
        "price_unit": "ML"
      },
      {
        "state": "WA",
        "price": "7200",
        "price_per_unit": "2880",
        "price_unit": "ML"
      },
      {
        "state": "SA",
        "price": "7200",
        "price_per_unit": "2880",
        "price_unit": "ML"
      },
      {
        "state": "TAS",
        "price": "7200",
        "price_per_unit": "2880",
        "price_unit": "ML"
      },
      {
        "state": "ACT",
        "price": "7200",
        "price_per_unit": "2880",
        "price_unit": "ML"
      },
      {
        "state": "NT",
        "price": "7200",
        "price_per_unit": "2880",
        "price_unit": "ML"
      }
    ]
  },
  {
    "source_url": "https://www.woolworths.com.au/shop/productdetails/1074651518/epicuren-after-bath-moisturizer-moroccan-rosemary-500ml-16oz",
    "name": "Epicuren After Bath Moisturizer - Moroccan Rosemary 500ml/16oz",
    "image_url": "https://cdn1.woolworths.media/content/wowproductimages/large/1074651518.jpg",
    "source_id": "Woolworths - 1074651518",
    "barcode": null,
    "shop": "Woolworths",
    "weight": "100ML",
    "prices": [
      {
        "state": "NSW",
        "price": "11500",
        "price_per_unit": "2300",
        "price_unit": "ML"
      },
      {
        "state": "VIC",
        "price": "11500",
        "price_per_unit": "2300",
        "price_unit": "ML"
      },
      {
        "state": "QLD",
        "price": "11500",
        "price_per_unit": "2300",
        "price_unit": "ML"
      },
      {
        "state": "WA",
        "price": "11500",
        "price_per_unit": "2300",
        "price_unit": "ML"
      },
      {
        "state": "SA",
        "price": "11500",
        "price_per_unit": "2300",
        "price_unit": "ML"
      },
      {
        "state": "TAS",
        "price": "11500",
        "price_per_unit": "2300",
        "price_unit": "ML"
      },
      {
        "state": "ACT",
        "price": "11500",
        "price_per_unit": "2300",
        "price_unit": "ML"
      },
      {
        "state": "NT",
        "price": "11500",
        "price_per_unit": "2300",
        "price_unit": "ML"
      }
    ]
  },
  {
    "source_url": "https://www.woolworths.com.au/shop/productdetails/1074651519/epicuren-after-bath-moisturizer-orange-blossom-250ml-8oz",
    "name": "Epicuren After Bath Moisturizer - Orange Blossom 250ml/8oz",
    "image_url": "https://cdn1.woolworths.media/content/wowproductimages/large/1074651519.jpg",
    "source_id": "Woolworths - 1074651519",
    "barcode": null,
    "shop": "Woolworths",
    "weight": "100ML",
    "prices": [
      {
        "state": "NSW",
        "price": "7200",
        "price_per_unit": "2880",
        "price_unit": "ML"
      },
      {
        "state": "VIC",
        "price": "7200",
        "price_per_unit": "2880",
        "price_unit": "ML"
      },
      {
        "state": "QLD",
        "price": "7200",
        "price_per_unit": "2880",
        "price_unit": "ML"
      },
      {
        "state": "WA",
        "price": "7200",
        "price_per_unit": "2880",
        "price_unit": "ML"
      },
      {
        "state": "SA",
        "price": "7200",
        "price_per_unit": "2880",
        "price_unit": "ML"
      },
      {
        "state": "TAS",
        "price": "7200",
        "price_per_unit": "2880",
        "price_unit": "ML"
      },
      {
        "state": "ACT",
        "price": "7200",
        "price_per_unit": "2880",
        "price_unit": "ML"
      },
      {
        "state": "NT",
        "price": "7200",
        "price_per_unit": "2880",
        "price_unit": "ML"
      }
    ]
  },
  {
    "source_url": "https://www.woolworths.com.au/shop/productdetails/1074651520/epicuren-after-bath-moisturizer-orange-blossom-500ml-16oz",
    "name": "Epicuren After Bath Moisturizer - Orange Blossom 500ml/16oz",
    "image_url": "https://cdn1.woolworths.media/content/wowproductimages/large/1074651520.jpg",
    "source_id": "Woolworths - 1074651520",
    "barcode": null,
    "shop": "Woolworths",
    "weight": "100ML",
    "prices": [
      {
        "state": "NSW",
        "price": "11800",
        "price_per_unit": "2360",
        "price_unit": "ML"
      },
      {
        "state": "VIC",
        "price": "11800",
        "price_per_unit": "2360",
        "price_unit": "ML"
      },
      {
        "state": "QLD",
        "price": "11800",
        "price_per_unit": "2360",
        "price_unit": "ML"
      },
      {
        "state": "WA",
        "price": "11800",
        "price_per_unit": "2360",
        "price_unit": "ML"
      },
      {
        "state": "SA",
        "price": "11800",
        "price_per_unit": "2360",
        "price_unit": "ML"
      },
      {
        "state": "TAS",
        "price": "11800",
        "price_per_unit": "2360",
        "price_unit": "ML"
      },
      {
        "state": "ACT",
        "price": "11800",
        "price_per_unit": "2360",
        "price_unit": "ML"
      },
      {
        "state": "NT",
        "price": "11800",
        "price_per_unit": "2360",
        "price_unit": "ML"
      }
    ]
  },
  {
    "source_url": "https://www.woolworths.com.au/shop/productdetails/1074651542/epicuren-evening-emulsion-enzyme-moisturizer-for-dry-normal-skin-types-74ml-2-5oz",
    "name": "Epicuren Evening Emulsion Enzyme Moisturizer - For Dry & Normal Skin Types 74ml/2.5oz",
    "image_url": "https://cdn1.woolworths.media/content/wowproductimages/large/1074651542.jpg",
    "source_id": "Woolworths - 1074651542",
    "barcode": null,
    "shop": "Woolworths",
    "weight": "100ML",
    "prices": [
      {
        "state": "NSW",
        "price": "6800",
        "price_per_unit": "9189",
        "price_unit": "ML"
      },
      {
        "state": "VIC",
        "price": "6800",
        "price_per_unit": "9189",
        "price_unit": "ML"
      },
      {
        "state": "QLD",
        "price": "6800",
        "price_per_unit": "9189",
        "price_unit": "ML"
      },
      {
        "state": "WA",
        "price": "6800",
        "price_per_unit": "9189",
        "price_unit": "ML"
      },
      {
        "state": "SA",
        "price": "6800",
        "price_per_unit": "9189",
        "price_unit": "ML"
      },
      {
        "state": "TAS",
        "price": "6800",
        "price_per_unit": "9189",
        "price_unit": "ML"
      },
      {
        "state": "ACT",
        "price": "6800",
        "price_per_unit": "9189",
        "price_unit": "ML"
      },
      {
        "state": "NT",
        "price": "6800",
        "price_per_unit": "9189",
        "price_unit": "ML"
      }
    ]
  },
  {
    "source_url": "https://www.woolworths.com.au/shop/productdetails/1074651545/epicuren-facial-emulsion-enzyme-moisturizer-for-normal-combination-skin-types-250ml-8oz",
    "name": "Epicuren Facial Emulsion Enzyme Moisturizer - For Normal & Combination Skin Types 250ml/8oz",
    "image_url": "https://cdn1.woolworths.media/content/wowproductimages/large/1074651545.jpg",
    "source_id": "Woolworths - 1074651545",
    "barcode": null,
    "shop": "Woolworths",
    "weight": "100ML",
    "prices": [
      {
        "state": "NSW",
        "price": "14800",
        "price_per_unit": "5920",
        "price_unit": "ML"
      },
      {
        "state": "VIC",
        "price": "14800",
        "price_per_unit": "5920",
        "price_unit": "ML"
      },
      {
        "state": "QLD",
        "price": "14800",
        "price_per_unit": "5920",
        "price_unit": "ML"
      },
      {
        "state": "WA",
        "price": "14800",
        "price_per_unit": "5920",
        "price_unit": "ML"
      },
      {
        "state": "SA",
        "price": "14800",
        "price_per_unit": "5920",
        "price_unit": "ML"
      },
      {
        "state": "TAS",
        "price": "14800",
        "price_per_unit": "5920",
        "price_unit": "ML"
      },
      {
        "state": "ACT",
        "price": "14800",
        "price_per_unit": "5920",
        "price_unit": "ML"
      },
      {
        "state": "NT",
        "price": "14800",
        "price_per_unit": "5920",
        "price_unit": "ML"
      }
    ]
  },
  {
    "source_url": "https://www.woolworths.com.au/shop/productdetails/1074651546/epicuren-facial-emulsion-enzyme-moisturizer-for-normal-combination-skin-types-60ml-2oz",
    "name": "Epicuren Facial Emulsion Enzyme Moisturizer - For Normal & Combination Skin Types 60ml/2oz",
    "image_url": "https://cdn1.woolworths.media/content/wowproductimages/large/1074651546.jpg",
    "source_id": "Woolworths - 1074651546",
    "barcode": null,
    "shop": "Woolworths",
    "weight": "100ML",
    "prices": [
      {
        "state": "NSW",
        "price": "6300",
        "price_per_unit": "10500",
        "price_unit": "ML"
      },
      {
        "state": "VIC",
        "price": "6300",
        "price_per_unit": "10500",
        "price_unit": "ML"
      },
      {
        "state": "QLD",
        "price": "6300",
        "price_per_unit": "10500",
        "price_unit": "ML"
      },
      {
        "state": "WA",
        "price": "6300",
        "price_per_unit": "10500",
        "price_unit": "ML"
      },
      {
        "state": "SA",
        "price": "6300",
        "price_per_unit": "10500",
        "price_unit": "ML"
      },
      {
        "state": "TAS",
        "price": "6300",
        "price_per_unit": "10500",
        "price_unit": "ML"
      },
      {
        "state": "ACT",
        "price": "6300",
        "price_per_unit": "10500",
        "price_unit": "ML"
      },
      {
        "state": "NT",
        "price": "6300",
        "price_per_unit": "10500",
        "price_unit": "ML"
      }
    ]
  },
  {
    "source_url": "https://www.woolworths.com.au/shop/productdetails/1074651559/epicuren-nourish-daily-antioxidant-moisturizer-for-combination-sensitive-skin-types-60ml-2oz",
    "name": "Epicuren Nourish Daily Antioxidant Moisturizer - For Combination & Sensitive Skin Types 60ml/2oz",
    "image_url": "https://cdn1.woolworths.media/content/wowproductimages/large/1074651559.jpg",
    "source_id": "Woolworths - 1074651559",
    "barcode": null,
    "shop": "Woolworths",
    "weight": "100ML",
    "prices": [
      {
        "state": "NSW",
        "price": "6800",
        "price_per_unit": "11333",
        "price_unit": "ML"
      },
      {
        "state": "VIC",
        "price": "6800",
        "price_per_unit": "11333",
        "price_unit": "ML"
      },
      {
        "state": "QLD",
        "price": "6800",
        "price_per_unit": "11333",
        "price_unit": "ML"
      },
      {
        "state": "WA",
        "price": "6800",
        "price_per_unit": "11333",
        "price_unit": "ML"
      },
      {
        "state": "SA",
        "price": "6800",
        "price_per_unit": "11333",
        "price_unit": "ML"
      },
      {
        "state": "TAS",
        "price": "6800",
        "price_per_unit": "11333",
        "price_unit": "ML"
      },
      {
        "state": "ACT",
        "price": "6800",
        "price_per_unit": "11333",
        "price_unit": "ML"
      },
      {
        "state": "NT",
        "price": "6800",
        "price_per_unit": "11333",
        "price_unit": "ML"
      }
    ]
  },
  {
    "source_url": "https://www.woolworths.com.au/shop/productdetails/453158/essano-advanced-brightening-serum-with-vitamin-c",
    "name": "Essano Advanced Brightening Serum With Vitamin C 30mL",
    "image_url": "https://cdn1.woolworths.media/content/wowproductimages/large/453158.jpg",
    "source_id": "Woolworths - 453158",
    "barcode": "9421008708254",
    "shop": "Woolworths",
    "weight": "100ML",
    "prices": [
      {
        "state": "NSW",
        "price": "1500",
        "price_per_unit": "5000",
        "price_unit": "ML"
      },
      {
        "state": "VIC",
        "price": "1500",
        "price_per_unit": "5000",
        "price_unit": "ML"
      },
      {
        "state": "QLD",
        "price": "1500",
        "price_per_unit": "5000",
        "price_unit": "ML"
      },
      {
        "state": "WA",
        "price": "1500",
        "price_per_unit": "5000",
        "price_unit": "ML"
      },
      {
        "state": "SA",
        "price": "1500",
        "price_per_unit": "5000",
        "price_unit": "ML"
      },
      {
        "state": "TAS",
        "price": "1500",
        "price_per_unit": "5000",
        "price_unit": "ML"
      },
      {
        "state": "ACT",
        "price": "1500",
        "price_per_unit": "5000",
        "price_unit": "ML"
      },
      {
        "state": "NT",
        "price": "1500",
        "price_per_unit": "5000",
        "price_unit": "ML"
      }
    ]
  },
  {
    "source_url": "https://www.woolworths.com.au/shop/productdetails/34483/essano-collagen-boost-day-creme",
    "name": "Essano Collagen Boost Day Creme 140ml",
    "image_url": "https://cdn1.woolworths.media/content/wowproductimages/large/034483.jpg",
    "source_id": "Woolworths - 34483",
    "barcode": "9421008705215",
    "shop": "Woolworths",
    "weight": "100ML",
    "prices": [
      {
        "state": "NSW",
        "price": "1350",
        "price_per_unit": "964",
        "price_unit": "ML"
      },
      {
        "state": "VIC",
        "price": "1350",
        "price_per_unit": "964",
        "price_unit": "ML"
      },
      {
        "state": "QLD",
        "price": "1350",
        "price_per_unit": "964",
        "price_unit": "ML"
      },
      {
        "state": "WA",
        "price": "1350",
        "price_per_unit": "964",
        "price_unit": "ML"
      },
      {
        "state": "SA",
        "price": "1350",
        "price_per_unit": "964",
        "price_unit": "ML"
      },
      {
        "state": "TAS",
        "price": "1350",
        "price_per_unit": "964",
        "price_unit": "ML"
      },
      {
        "state": "ACT",
        "price": "1350",
        "price_per_unit": "964",
        "price_unit": "ML"
      },
      {
        "state": "NT",
        "price": "1350",
        "price_per_unit": "964",
        "price_unit": "ML"
      }
    ]
  },
  {
    "source_url": "https://www.woolworths.com.au/shop/productdetails/34475/essano-collagen-boost-facial-oil",
    "name": "Essano Collagen Boost Facial Oil 20ml",
    "image_url": "https://cdn1.woolworths.media/content/wowproductimages/large/034475.jpg",
    "source_id": "Woolworths - 34475",
    "barcode": "9421008705161",
    "shop": "Woolworths",
    "weight": "100ML",
    "prices": [
      {
        "state": "NSW",
        "price": "1350",
        "price_per_unit": "6750",
        "price_unit": "ML"
      },
      {
        "state": "VIC",
        "price": "1350",
        "price_per_unit": "6750",
        "price_unit": "ML"
      },
      {
        "state": "QLD",
        "price": "1350",
        "price_per_unit": "6750",
        "price_unit": "ML"
      },
      {
        "state": "WA",
        "price": "1350",
        "price_per_unit": "6750",
        "price_unit": "ML"
      },
      {
        "state": "SA",
        "price": "1350",
        "price_per_unit": "6750",
        "price_unit": "ML"
      },
      {
        "state": "TAS",
        "price": "1350",
        "price_per_unit": "6750",
        "price_unit": "ML"
      },
      {
        "state": "ACT",
        "price": "1350",
        "price_per_unit": "6750",
        "price_unit": "ML"
      },
      {
        "state": "NT",
        "price": "1350",
        "price_per_unit": "6750",
        "price_unit": "ML"
      }
    ]
  },
  {
    "source_url": "https://www.woolworths.com.au/shop/productdetails/968353/essano-collagen-boost-night-cream",
    "name": "Essano Collagen Boost Night Cream 50g",
    "image_url": "https://cdn1.woolworths.media/content/wowproductimages/large/968353.jpg",
    "source_id": "Woolworths - 968353",
    "barcode": "9421008702368",
    "shop": "Woolworths",
    "weight": "100G",
    "prices": [
      {
        "state": "NSW",
        "price": "1350",
        "price_per_unit": "2700",
        "price_unit": "G"
      },
      {
        "state": "VIC",
        "price": "1350",
        "price_per_unit": "2700",
        "price_unit": "G"
      },
      {
        "state": "QLD",
        "price": "1350",
        "price_per_unit": "2700",
        "price_unit": "G"
      },
      {
        "state": "WA",
        "price": "1350",
        "price_per_unit": "2700",
        "price_unit": "G"
      },
      {
        "state": "SA",
        "price": "1350",
        "price_per_unit": "2700",
        "price_unit": "G"
      },
      {
        "state": "TAS",
        "price": "1350",
        "price_per_unit": "2700",
        "price_unit": "G"
      },
      {
        "state": "ACT",
        "price": "1350",
        "price_per_unit": "2700",
        "price_unit": "G"
      },
      {
        "state": "NT",
        "price": "1350",
        "price_per_unit": "2700",
        "price_unit": "G"
      }
    ]
  },
  {
    "source_url": "https://www.woolworths.com.au/shop/productdetails/966792/essano-collagen-boost-serum",
    "name": "Essano Collagen Boost Serum 30ml",
    "image_url": "https://cdn1.woolworths.media/content/wowproductimages/large/966792.jpg",
    "source_id": "Woolworths - 966792",
    "barcode": "9421008702276",
    "shop": "Woolworths",
    "weight": "100ML",
    "prices": [
      {
        "state": "NSW",
        "price": "1700",
        "price_per_unit": "5667",
        "price_unit": "ML"
      },
      {
        "state": "VIC",
        "price": "1700",
        "price_per_unit": "5667",
        "price_unit": "ML"
      },
      {
        "state": "QLD",
        "price": "1700",
        "price_per_unit": "5667",
        "price_unit": "ML"
      },
      {
        "state": "WA",
        "price": "1700",
        "price_per_unit": "5667",
        "price_unit": "ML"
      },
      {
        "state": "SA",
        "price": "1700",
        "price_per_unit": "5667",
        "price_unit": "ML"
      },
      {
        "state": "TAS",
        "price": "1700",
        "price_per_unit": "5667",
        "price_unit": "ML"
      },
      {
        "state": "ACT",
        "price": "1700",
        "price_per_unit": "5667",
        "price_unit": "ML"
      },
      {
        "state": "NT",
        "price": "1700",
        "price_per_unit": "5667",
        "price_unit": "ML"
      }
    ]
  },
  {
    "source_url": "https://www.woolworths.com.au/shop/productdetails/268651/essano-happy-skin-bounce-water-day-cream",
    "name": "Essano Happy Skin Bounce Water Day Cream 45ml",
    "image_url": "https://cdn1.woolworths.media/content/wowproductimages/large/268651.jpg",
    "source_id": "Woolworths - 268651",
    "barcode": "9421008707875",
    "shop": "Woolworths",
    "weight": "100ML",
    "prices": [
      {
        "state": "NSW",
        "price": "4000",
        "price_per_unit": "8889",
        "price_unit": "ML"
      },
      {
        "state": "VIC",
        "price": "4000",
        "price_per_unit": "8889",
        "price_unit": "ML"
      },
      {
        "state": "QLD",
        "price": "4000",
        "price_per_unit": "8889",
        "price_unit": "ML"
      },
      {
        "state": "WA",
        "price": "4000",
        "price_per_unit": "8889",
        "price_unit": "ML"
      },
      {
        "state": "SA",
        "price": "4000",
        "price_per_unit": "8889",
        "price_unit": "ML"
      },
      {
        "state": "TAS",
        "price": "4000",
        "price_per_unit": "8889",
        "price_unit": "ML"
      },
      {
        "state": "ACT",
        "price": "4000",
        "price_per_unit": "8889",
        "price_unit": "ML"
      },
      {
        "state": "NT",
        "price": "4000",
        "price_per_unit": "8889",
        "price_unit": "ML"
      }
    ]
  },
  {
    "source_url": "https://www.woolworths.com.au/shop/productdetails/453566/essano-happy-skin-cocoon-rich-night-cream",
    "name": "Essano Happy Skin Cocoon Rich Night Cream 45mL",
    "image_url": "https://cdn1.woolworths.media/content/wowproductimages/large/453566.jpg",
    "source_id": "Woolworths - 453566",
    "barcode": "9421008708414",
    "shop": "Woolworths",
    "weight": "100ML",
    "prices": [
      {
        "state": "NSW",
        "price": "4000",
        "price_per_unit": "8889",
        "price_unit": "ML"
      },
      {
        "state": "VIC",
        "price": "4000",
        "price_per_unit": "8889",
        "price_unit": "ML"
      },
      {
        "state": "WA",
        "price": "4000",
        "price_per_unit": "8889",
        "price_unit": "ML"
      },
      {
        "state": "SA",
        "price": "4000",
        "price_per_unit": "8889",
        "price_unit": "ML"
      },
      {
        "state": "TAS",
        "price": "4000",
        "price_per_unit": "8889",
        "price_unit": "ML"
      },
      {
        "state": "ACT",
        "price": "4000",
        "price_per_unit": "8889",
        "price_unit": "ML"
      },
      {
        "state": "NT",
        "price": "4000",
        "price_per_unit": "8889",
        "price_unit": "ML"
      }
    ]
  },
  {
    "source_url": "https://www.woolworths.com.au/shop/productdetails/267555/essano-happy-skin-supercharge-glow-serum",
    "name": "Essano Happy Skin Supercharge Glow Serum 30ml",
    "image_url": "https://cdn1.woolworths.media/content/wowproductimages/large/267555.jpg",
    "source_id": "Woolworths - 267555",
    "barcode": "9421008707868",
    "shop": "Woolworths",
    "weight": "100ML",
    "prices": [
      {
        "state": "NSW",
        "price": "4000",
        "price_per_unit": "13333",
        "price_unit": "ML"
      },
      {
        "state": "VIC",
        "price": "4000",
        "price_per_unit": "13333",
        "price_unit": "ML"
      },
      {
        "state": "WA",
        "price": "4000",
        "price_per_unit": "13333",
        "price_unit": "ML"
      },
      {
        "state": "SA",
        "price": "4000",
        "price_per_unit": "13333",
        "price_unit": "ML"
      },
      {
        "state": "TAS",
        "price": "4000",
        "price_per_unit": "13333",
        "price_unit": "ML"
      },
      {
        "state": "ACT",
        "price": "4000",
        "price_per_unit": "13333",
        "price_unit": "ML"
      }
    ]
  },
  {
    "source_url": "https://www.woolworths.com.au/shop/productdetails/1075550730/essano-happy-skin-water-day-cream-refill-45ml",
    "name": "Essano Happy Skin Water Day Cream Refill 45ml",
    "image_url": "https://cdn1.woolworths.media/content/wowproductimages/large/1075550730.jpg",
    "source_id": "Woolworths - 1075550730",
    "barcode": null,
    "shop": "Woolworths",
    "weight": "100ML",
    "prices": [
      {
        "state": "NSW",
        "price": "3500",
        "price_per_unit": "7778",
        "price_unit": "ML"
      },
      {
        "state": "VIC",
        "price": "3500",
        "price_per_unit": "7778",
        "price_unit": "ML"
      },
      {
        "state": "QLD",
        "price": "1750",
        "price_per_unit": "3889",
        "price_unit": "ML"
      },
      {
        "state": "WA",
        "price": "1750",
        "price_per_unit": "3889",
        "price_unit": "ML"
      },
      {
        "state": "SA",
        "price": "1750",
        "price_per_unit": "3889",
        "price_unit": "ML"
      },
      {
        "state": "TAS",
        "price": "1750",
        "price_per_unit": "3889",
        "price_unit": "ML"
      },
      {
        "state": "ACT",
        "price": "1750",
        "price_per_unit": "3889",
        "price_unit": "ML"
      },
      {
        "state": "NT",
        "price": "1750",
        "price_per_unit": "3889",
        "price_unit": "ML"
      }
    ]
  },
  {
    "source_url": "https://www.woolworths.com.au/shop/productdetails/333795/essano-hydration-daily-facial-moisturiser",
    "name": "Essano Hydration+ Daily Facial Moisturiser 100ml",
    "image_url": "https://cdn1.woolworths.media/content/wowproductimages/large/333795.jpg",
    "source_id": "Woolworths - 333795",
    "barcode": "9421008708148",
    "shop": "Woolworths",
    "weight": "100ML",
    "prices": [
      {
        "state": "NSW",
        "price": "850",
        "price_per_unit": "850",
        "price_unit": "ML"
      },
      {
        "state": "VIC",
        "price": "850",
        "price_per_unit": "850",
        "price_unit": "ML"
      },
      {
        "state": "QLD",
        "price": "850",
        "price_per_unit": "850",
        "price_unit": "ML"
      },
      {
        "state": "WA",
        "price": "850",
        "price_per_unit": "850",
        "price_unit": "ML"
      },
      {
        "state": "SA",
        "price": "850",
        "price_per_unit": "850",
        "price_unit": "ML"
      },
      {
        "state": "TAS",
        "price": "850",
        "price_per_unit": "850",
        "price_unit": "ML"
      },
      {
        "state": "ACT",
        "price": "850",
        "price_per_unit": "850",
        "price_unit": "ML"
      },
      {
        "state": "NT",
        "price": "850",
        "price_per_unit": "850",
        "price_unit": "ML"
      }
    ]
  },
  {
    "source_url": "https://www.woolworths.com.au/shop/productdetails/453183/essano-hydration-glow-defence-moisturiser",
    "name": "Essano Hydration+ Glow Defence Moisturiser 75mL",
    "image_url": "https://cdn1.woolworths.media/content/wowproductimages/large/453183.jpg",
    "source_id": "Woolworths - 453183",
    "barcode": "9421008708346",
    "shop": "Woolworths",
    "weight": "100ML",
    "prices": [
      {
        "state": "NSW",
        "price": "1000",
        "price_per_unit": "1333",
        "price_unit": "ML"
      },
      {
        "state": "VIC",
        "price": "1000",
        "price_per_unit": "1333",
        "price_unit": "ML"
      },
      {
        "state": "QLD",
        "price": "1000",
        "price_per_unit": "1333",
        "price_unit": "ML"
      },
      {
        "state": "WA",
        "price": "1000",
        "price_per_unit": "1333",
        "price_unit": "ML"
      },
      {
        "state": "SA",
        "price": "1000",
        "price_per_unit": "1333",
        "price_unit": "ML"
      },
      {
        "state": "TAS",
        "price": "1000",
        "price_per_unit": "1333",
        "price_unit": "ML"
      },
      {
        "state": "ACT",
        "price": "1000",
        "price_per_unit": "1333",
        "price_unit": "ML"
      },
      {
        "state": "NT",
        "price": "1000",
        "price_per_unit": "1333",
        "price_unit": "ML"
      }
    ]
  },
  {
    "source_url": "https://www.woolworths.com.au/shop/productdetails/451134/essano-intense-hydrating-serum-7-hyaluronic-complex-b5",
    "name": "Essano Intense Hydrating Serum 7% Hyaluronic Complex + B5 30mL",
    "image_url": "https://cdn1.woolworths.media/content/wowproductimages/large/451134.jpg",
    "source_id": "Woolworths - 451134",
    "barcode": "9421008708261",
    "shop": "Woolworths",
    "weight": "100ML",
    "prices": [
      {
        "state": "NSW",
        "price": "1500",
        "price_per_unit": "5000",
        "price_unit": "ML"
      },
      {
        "state": "VIC",
        "price": "1500",
        "price_per_unit": "5000",
        "price_unit": "ML"
      },
      {
        "state": "WA",
        "price": "1500",
        "price_per_unit": "5000",
        "price_unit": "ML"
      },
      {
        "state": "SA",
        "price": "1500",
        "price_per_unit": "5000",
        "price_unit": "ML"
      },
      {
        "state": "TAS",
        "price": "1500",
        "price_per_unit": "5000",
        "price_unit": "ML"
      },
      {
        "state": "ACT",
        "price": "1500",
        "price_per_unit": "5000",
        "price_unit": "ML"
      }
    ]
  },
  {
    "source_url": "https://www.woolworths.com.au/shop/productdetails/265601/essano-needle-free-filler-serum",
    "name": "Essano Needle-Free Filler Serum 20mL",
    "image_url": "https://cdn1.woolworths.media/content/wowproductimages/large/265601.jpg",
    "source_id": "Woolworths - 265601",
    "barcode": "9421008706625",
    "shop": "Woolworths",
    "weight": "100ML",
    "prices": [
      {
        "state": "NSW",
        "price": "1800",
        "price_per_unit": "9000",
        "price_unit": "ML"
      },
      {
        "state": "VIC",
        "price": "1800",
        "price_per_unit": "9000",
        "price_unit": "ML"
      },
      {
        "state": "WA",
        "price": "1800",
        "price_per_unit": "9000",
        "price_unit": "ML"
      },
      {
        "state": "SA",
        "price": "1800",
        "price_per_unit": "9000",
        "price_unit": "ML"
      },
      {
        "state": "TAS",
        "price": "1800",
        "price_per_unit": "9000",
        "price_unit": "ML"
      },
      {
        "state": "ACT",
        "price": "1800",
        "price_per_unit": "9000",
        "price_unit": "ML"
      }
    ]
  },
  {
    "source_url": "https://www.woolworths.com.au/shop/productdetails/772384/essano-rosehip-oil-certified-organic",
    "name": "Essano Rosehip Oil Certified Organic 20ml",
    "image_url": "https://cdn1.woolworths.media/content/wowproductimages/large/772384.jpg",
    "source_id": "Woolworths - 772384",
    "barcode": "9421008702016",
    "shop": "Woolworths",
    "weight": "100ML",
    "prices": [
      {
        "state": "NSW",
        "price": "1200",
        "price_per_unit": "6000",
        "price_unit": "ML"
      },
      {
        "state": "VIC",
        "price": "1200",
        "price_per_unit": "6000",
        "price_unit": "ML"
      },
      {
        "state": "QLD",
        "price": "1200",
        "price_per_unit": "6000",
        "price_unit": "ML"
      },
      {
        "state": "WA",
        "price": "1200",
        "price_per_unit": "6000",
        "price_unit": "ML"
      },
      {
        "state": "SA",
        "price": "1200",
        "price_per_unit": "6000",
        "price_unit": "ML"
      },
      {
        "state": "TAS",
        "price": "1200",
        "price_per_unit": "6000",
        "price_unit": "ML"
      },
      {
        "state": "ACT",
        "price": "1200",
        "price_per_unit": "6000",
        "price_unit": "ML"
      },
      {
        "state": "NT",
        "price": "1200",
        "price_per_unit": "6000",
        "price_unit": "ML"
      }
    ]
  },
  {
    "source_url": "https://www.woolworths.com.au/shop/productdetails/74599/essano-vitamin-c-brightening-spf15-moisturiser",
    "name": "Essano Vitamin c Brightening Spf15 Moisturiser 75ml",
    "image_url": "https://cdn1.woolworths.media/content/wowproductimages/large/074599.jpg",
    "source_id": "Woolworths - 74599",
    "barcode": "9421008705932",
    "shop": "Woolworths",
    "weight": "100ML",
    "prices": [
      {
        "state": "NSW",
        "price": "1000",
        "price_per_unit": "1333",
        "price_unit": "ML"
      },
      {
        "state": "VIC",
        "price": "1000",
        "price_per_unit": "1333",
        "price_unit": "ML"
      },
      {
        "state": "QLD",
        "price": "1000",
        "price_per_unit": "1333",
        "price_unit": "ML"
      },
      {
        "state": "WA",
        "price": "1000",
        "price_per_unit": "1333",
        "price_unit": "ML"
      },
      {
        "state": "SA",
        "price": "1000",
        "price_per_unit": "1333",
        "price_unit": "ML"
      },
      {
        "state": "TAS",
        "price": "1000",
        "price_per_unit": "1333",
        "price_unit": "ML"
      },
      {
        "state": "ACT",
        "price": "1000",
        "price_per_unit": "1333",
        "price_unit": "ML"
      },
      {
        "state": "NT",
        "price": "1000",
        "price_per_unit": "1333",
        "price_unit": "ML"
      }
    ]
  },
  {
    "source_url": "https://www.woolworths.com.au/shop/productdetails/206056/essano-vitamin-c-super-glow-facial-oil",
    "name": "Essano Vitamin c Super Glow Facial Oil 20ml",
    "image_url": "https://cdn1.woolworths.media/content/wowproductimages/large/206056.jpg",
    "source_id": "Woolworths - 206056",
    "barcode": "9421008706595",
    "shop": "Woolworths",
    "weight": "100ML",
    "prices": [
      {
        "state": "NSW",
        "price": "1500",
        "price_per_unit": "7500",
        "price_unit": "ML"
      },
      {
        "state": "VIC",
        "price": "1500",
        "price_per_unit": "7500",
        "price_unit": "ML"
      },
      {
        "state": "QLD",
        "price": "1500",
        "price_per_unit": "7500",
        "price_unit": "ML"
      },
      {
        "state": "WA",
        "price": "1500",
        "price_per_unit": "7500",
        "price_unit": "ML"
      },
      {
        "state": "SA",
        "price": "1500",
        "price_per_unit": "7500",
        "price_unit": "ML"
      },
      {
        "state": "TAS",
        "price": "1500",
        "price_per_unit": "7500",
        "price_unit": "ML"
      },
      {
        "state": "ACT",
        "price": "1500",
        "price_per_unit": "7500",
        "price_unit": "ML"
      },
      {
        "state": "NT",
        "price": "1500",
        "price_per_unit": "7500",
        "price_unit": "ML"
      }
    ]
  },
  {
    "source_url": "https://www.woolworths.com.au/shop/productdetails/1075167196/estee-lauder-advanced-night-repair-synchronized-multi-recovery-complex-with-box-from-seasonal-set-100ml-3-4oz",
    "name": "Estee Lauder Advanced Night Repair Synchronized Multi-Recovery Complex (With box from Seasonal Set) 100ml/3.4oz",
    "image_url": "https://cdn1.woolworths.media/content/wowproductimages/large/1075167196.jpg",
    "source_id": "Woolworths - 1075167196",
    "barcode": null,
    "shop": "Woolworths",
    "weight": "100ML",
    "prices": [
      {
        "state": "NSW",
        "price": "13300",
        "price_per_unit": "13300",
        "price_unit": "ML"
      },
      {
        "state": "VIC",
        "price": "13300",
        "price_per_unit": "13300",
        "price_unit": "ML"
      },
      {
        "state": "QLD",
        "price": "13300",
        "price_per_unit": "13300",
        "price_unit": "ML"
      },
      {
        "state": "WA",
        "price": "13300",
        "price_per_unit": "13300",
        "price_unit": "ML"
      },
      {
        "state": "SA",
        "price": "13300",
        "price_per_unit": "13300",
        "price_unit": "ML"
      },
      {
        "state": "TAS",
        "price": "13300",
        "price_per_unit": "13300",
        "price_unit": "ML"
      },
      {
        "state": "ACT",
        "price": "13300",
        "price_per_unit": "13300",
        "price_unit": "ML"
      },
      {
        "state": "NT",
        "price": "13300",
        "price_per_unit": "13300",
        "price_unit": "ML"
      }
    ]
  },
  {
    "source_url": "https://www.woolworths.com.au/shop/productdetails/1074651647/estee-lauder-advanced-night-repair-synchronized-multi-recovery-complex-50ml-1-7oz",
    "name": "Estee Lauder Advanced Night Repair Synchronized Multi-Recovery Complex 50ml/1.7oz",
    "image_url": "https://cdn1.woolworths.media/content/wowproductimages/large/1074651647.jpg",
    "source_id": "Woolworths - 1074651647",
    "barcode": null,
    "shop": "Woolworths",
    "weight": "100ML",
    "prices": [
      {
        "state": "NSW",
        "price": "11600",
        "price_per_unit": "23200",
        "price_unit": "ML"
      },
      {
        "state": "VIC",
        "price": "11600",
        "price_per_unit": "23200",
        "price_unit": "ML"
      },
      {
        "state": "QLD",
        "price": "11600",
        "price_per_unit": "23200",
        "price_unit": "ML"
      },
      {
        "state": "WA",
        "price": "11600",
        "price_per_unit": "23200",
        "price_unit": "ML"
      },
      {
        "state": "SA",
        "price": "11600",
        "price_per_unit": "23200",
        "price_unit": "ML"
      },
      {
        "state": "TAS",
        "price": "11600",
        "price_per_unit": "23200",
        "price_unit": "ML"
      },
      {
        "state": "ACT",
        "price": "11600",
        "price_per_unit": "23200",
        "price_unit": "ML"
      },
      {
        "state": "NT",
        "price": "11600",
        "price_per_unit": "23200",
        "price_unit": "ML"
      }
    ]
  },
  {
    "source_url": "https://www.woolworths.com.au/shop/productdetails/1074651648/estee-lauder-advanced-night-repair-synchronized-multi-recovery-complex-7ml-0-24oz",
    "name": "Estee Lauder Advanced Night Repair Synchronized Multi-Recovery Complex 7ml/0.24oz",
    "image_url": "https://cdn1.woolworths.media/content/wowproductimages/large/1074651648.jpg",
    "source_id": "Woolworths - 1074651648",
    "barcode": null,
    "shop": "Woolworths",
    "weight": "100ML",
    "prices": [
      {
        "state": "NSW",
        "price": "2500",
        "price_per_unit": "35714",
        "price_unit": "ML"
      },
      {
        "state": "VIC",
        "price": "2500",
        "price_per_unit": "35714",
        "price_unit": "ML"
      },
      {
        "state": "QLD",
        "price": "2500",
        "price_per_unit": "35714",
        "price_unit": "ML"
      },
      {
        "state": "WA",
        "price": "2500",
        "price_per_unit": "35714",
        "price_unit": "ML"
      },
      {
        "state": "SA",
        "price": "2500",
        "price_per_unit": "35714",
        "price_unit": "ML"
      },
      {
        "state": "TAS",
        "price": "2500",
        "price_per_unit": "35714",
        "price_unit": "ML"
      },
      {
        "state": "ACT",
        "price": "2500",
        "price_per_unit": "35714",
        "price_unit": "ML"
      },
      {
        "state": "NT",
        "price": "2500",
        "price_per_unit": "35714",
        "price_unit": "ML"
      }
    ]
  },
  {
    "source_url": "https://www.woolworths.com.au/shop/productdetails/1074651650/estee-lauder-daywear-matte-oil-control-anti-oxidant-moisture-gel-creme-oily-skin-50ml-1-7oz",
    "name": "Estee Lauder DayWear Matte Oil-Control Anti-Oxidant Moisture Gel Creme - Oily Skin 50ml/1.7oz",
    "image_url": "https://cdn1.woolworths.media/content/wowproductimages/large/1074651650.jpg",
    "source_id": "Woolworths - 1074651650",
    "barcode": null,
    "shop": "Woolworths",
    "weight": "100ML",
    "prices": [
      {
        "state": "NSW",
        "price": "9800",
        "price_per_unit": "19600",
        "price_unit": "ML"
      },
      {
        "state": "VIC",
        "price": "9800",
        "price_per_unit": "19600",
        "price_unit": "ML"
      },
      {
        "state": "QLD",
        "price": "9800",
        "price_per_unit": "19600",
        "price_unit": "ML"
      },
      {
        "state": "WA",
        "price": "9800",
        "price_per_unit": "19600",
        "price_unit": "ML"
      },
      {
        "state": "SA",
        "price": "9800",
        "price_per_unit": "19600",
        "price_unit": "ML"
      },
      {
        "state": "TAS",
        "price": "9800",
        "price_per_unit": "19600",
        "price_unit": "ML"
      },
      {
        "state": "ACT",
        "price": "9800",
        "price_per_unit": "19600",
        "price_unit": "ML"
      },
      {
        "state": "NT",
        "price": "9800",
        "price_per_unit": "19600",
        "price_unit": "ML"
      }
    ]
  },
  {
    "source_url": "https://www.woolworths.com.au/shop/productdetails/1075026565/estee-lauder-daywear-multi-protection-anti-oxidant-24h-moisture-creme-spf-15-normal-combination-skin-50ml-1-7oz",
    "name": "Estee Lauder DayWear Multi-Protection Anti-Oxidant 24H-Moisture Creme SPF 15 - Normal/ Combination Skin 50ml/1.7oz",
    "image_url": "https://cdn1.woolworths.media/content/wowproductimages/large/1075026565.jpg",
    "source_id": "Woolworths - 1075026565",
    "barcode": null,
    "shop": "Woolworths",
    "weight": "100ML",
    "prices": [
      {
        "state": "NSW",
        "price": "8800",
        "price_per_unit": "17600",
        "price_unit": "ML"
      },
      {
        "state": "VIC",
        "price": "8800",
        "price_per_unit": "17600",
        "price_unit": "ML"
      },
      {
        "state": "QLD",
        "price": "8800",
        "price_per_unit": "17600",
        "price_unit": "ML"
      },
      {
        "state": "WA",
        "price": "8800",
        "price_per_unit": "17600",
        "price_unit": "ML"
      },
      {
        "state": "SA",
        "price": "8800",
        "price_per_unit": "17600",
        "price_unit": "ML"
      },
      {
        "state": "TAS",
        "price": "8800",
        "price_per_unit": "17600",
        "price_unit": "ML"
      },
      {
        "state": "ACT",
        "price": "8800",
        "price_per_unit": "17600",
        "price_unit": "ML"
      },
      {
        "state": "NT",
        "price": "8800",
        "price_per_unit": "17600",
        "price_unit": "ML"
      }
    ]
  },
  {
    "source_url": "https://www.woolworths.com.au/shop/productdetails/1075388461/estee-lauder-daywear-sheer-tint-release-advanced-multi-protection-anti-oxidant-moisturizer-spf-15-50ml-1-7oz",
    "name": "Estee Lauder DayWear Sheer Tint Release Advanced Multi-Protection Anti-Oxidant Moisturizer SPF 15 50ml/1.7oz",
    "image_url": "https://cdn1.woolworths.media/content/wowproductimages/large/1075388461.jpg",
    "source_id": "Woolworths - 1075388461",
    "barcode": null,
    "shop": "Woolworths",
    "weight": "100ML",
    "prices": [
      {
        "state": "NSW",
        "price": "9500",
        "price_per_unit": "19000",
        "price_unit": "ML"
      },
      {
        "state": "VIC",
        "price": "9500",
        "price_per_unit": "19000",
        "price_unit": "ML"
      },
      {
        "state": "QLD",
        "price": "9500",
        "price_per_unit": "19000",
        "price_unit": "ML"
      },
      {
        "state": "WA",
        "price": "9500",
        "price_per_unit": "19000",
        "price_unit": "ML"
      },
      {
        "state": "SA",
        "price": "9500",
        "price_per_unit": "19000",
        "price_unit": "ML"
      },
      {
        "state": "TAS",
        "price": "9500",
        "price_per_unit": "19000",
        "price_unit": "ML"
      },
      {
        "state": "ACT",
        "price": "9500",
        "price_per_unit": "19000",
        "price_unit": "ML"
      },
      {
        "state": "NT",
        "price": "9500",
        "price_per_unit": "19000",
        "price_unit": "ML"
      }
    ]
  },
  {
    "source_url": "https://www.woolworths.com.au/shop/productdetails/1076338023/estee-lauder-nutritious-melting-soft-creme-mask-50ml",
    "name": "Estee Lauder Nutritious Melting Soft Creme / Mask 50ml",
    "image_url": "https://cdn1.woolworths.media/content/wowproductimages/large/1076338023.jpg",
    "source_id": "Woolworths - 1076338023",
    "barcode": null,
    "shop": "Woolworths",
    "weight": "100ML",
    "prices": [
      {
        "state": "NSW",
        "price": "9500",
        "price_per_unit": "19000",
        "price_unit": "ML"
      },
      {
        "state": "VIC",
        "price": "9500",
        "price_per_unit": "19000",
        "price_unit": "ML"
      },
      {
        "state": "QLD",
        "price": "9500",
        "price_per_unit": "19000",
        "price_unit": "ML"
      },
      {
        "state": "WA",
        "price": "9500",
        "price_per_unit": "19000",
        "price_unit": "ML"
      },
      {
        "state": "SA",
        "price": "9500",
        "price_per_unit": "19000",
        "price_unit": "ML"
      },
      {
        "state": "TAS",
        "price": "9500",
        "price_per_unit": "19000",
        "price_unit": "ML"
      },
      {
        "state": "ACT",
        "price": "9500",
        "price_per_unit": "19000",
        "price_unit": "ML"
      },
      {
        "state": "NT",
        "price": "9500",
        "price_per_unit": "19000",
        "price_unit": "ML"
      }
    ]
  },
  {
    "source_url": "https://www.woolworths.com.au/shop/productdetails/1074651665/estee-lauder-nutritious-super-pomegranate-day-night-radiance-set-moisture-creme-50ml-night-creme-mask-50ml-2pcs",
    "name": "Estee Lauder Nutritious Super-Pomegranate Day & Night Radiance Set: Moisture Creme 50ml+ Night Creme/Mask 50ml 2pcs",
    "image_url": "https://cdn1.woolworths.media/content/wowproductimages/large/1074651665.jpg",
    "source_id": "Woolworths - 1074651665",
    "barcode": null,
    "shop": "Woolworths",
    "weight": "1EA",
    "prices": [
      {
        "state": "NSW",
        "price": "22200",
        "price_per_unit": "11100",
        "price_unit": "EA"
      },
      {
        "state": "VIC",
        "price": "22200",
        "price_per_unit": "11100",
        "price_unit": "EA"
      },
      {
        "state": "QLD",
        "price": "22200",
        "price_per_unit": "11100",
        "price_unit": "EA"
      },
      {
        "state": "WA",
        "price": "22200",
        "price_per_unit": "11100",
        "price_unit": "EA"
      },
      {
        "state": "SA",
        "price": "22200",
        "price_per_unit": "11100",
        "price_unit": "EA"
      },
      {
        "state": "TAS",
        "price": "22200",
        "price_per_unit": "11100",
        "price_unit": "EA"
      },
      {
        "state": "ACT",
        "price": "22200",
        "price_per_unit": "11100",
        "price_unit": "EA"
      },
      {
        "state": "NT",
        "price": "22200",
        "price_per_unit": "11100",
        "price_unit": "EA"
      }
    ]
  },
  {
    "source_url": "https://www.woolworths.com.au/shop/productdetails/1074651724/estee-lauder-revitalizing-supreme-bright-power-soft-creme-50ml-1-7oz",
    "name": "Estee Lauder Revitalizing Supreme + Bright Power Soft Creme 50ml/1.7oz",
    "image_url": "https://cdn1.woolworths.media/content/wowproductimages/large/1074651724.jpg",
    "source_id": "Woolworths - 1074651724",
    "barcode": null,
    "shop": "Woolworths",
    "weight": "100ML",
    "prices": [
      {
        "state": "NSW",
        "price": "15500",
        "price_per_unit": "31000",
        "price_unit": "ML"
      },
      {
        "state": "VIC",
        "price": "15500",
        "price_per_unit": "31000",
        "price_unit": "ML"
      },
      {
        "state": "QLD",
        "price": "15500",
        "price_per_unit": "31000",
        "price_unit": "ML"
      },
      {
        "state": "WA",
        "price": "15500",
        "price_per_unit": "31000",
        "price_unit": "ML"
      },
      {
        "state": "SA",
        "price": "15500",
        "price_per_unit": "31000",
        "price_unit": "ML"
      },
      {
        "state": "TAS",
        "price": "15500",
        "price_per_unit": "31000",
        "price_unit": "ML"
      },
      {
        "state": "ACT",
        "price": "15500",
        "price_per_unit": "31000",
        "price_unit": "ML"
      },
      {
        "state": "NT",
        "price": "15500",
        "price_per_unit": "31000",
        "price_unit": "ML"
      }
    ]
  },
  {
    "source_url": "https://www.woolworths.com.au/shop/productdetails/1074713452/evo-winners-face-balm-150ml",
    "name": "Evo Winners Face Balm 150ml",
    "image_url": "https://cdn1.woolworths.media/content/wowproductimages/large/1074713452.jpg",
    "source_id": "Woolworths - 1074713452",
    "barcode": null,
    "shop": "Woolworths",
    "weight": "100ML",
    "prices": [
      {
        "state": "NSW",
        "price": "4195",
        "price_per_unit": "8390",
        "price_unit": "ML"
      },
      {
        "state": "VIC",
        "price": "4195",
        "price_per_unit": "8390",
        "price_unit": "ML"
      },
      {
        "state": "QLD",
        "price": "4195",
        "price_per_unit": "8390",
        "price_unit": "ML"
      },
      {
        "state": "WA",
        "price": "4195",
        "price_per_unit": "8390",
        "price_unit": "ML"
      },
      {
        "state": "SA",
        "price": "4195",
        "price_per_unit": "8390",
        "price_unit": "ML"
      },
      {
        "state": "TAS",
        "price": "4195",
        "price_per_unit": "8390",
        "price_unit": "ML"
      },
      {
        "state": "ACT",
        "price": "4195",
        "price_per_unit": "8390",
        "price_unit": "ML"
      },
      {
        "state": "NT",
        "price": "4195",
        "price_per_unit": "8390",
        "price_unit": "ML"
      }
    ]
  },
  {
    "source_url": "https://www.woolworths.com.au/shop/productdetails/1075481187/evohe-moisture-lite-facial-moisturiser-50ml",
    "name": "Evohe Moisture Lite Facial Moisturiser 50ml",
    "image_url": "https://cdn1.woolworths.media/content/wowproductimages/large/1075481187.jpg",
    "source_id": "Woolworths - 1075481187",
    "barcode": null,
    "shop": "Woolworths",
    "weight": "100ML",
    "prices": [
      {
        "state": "NSW",
        "price": "3595",
        "price_per_unit": "7190",
        "price_unit": "ML"
      },
      {
        "state": "VIC",
        "price": "3595",
        "price_per_unit": "7190",
        "price_unit": "ML"
      },
      {
        "state": "QLD",
        "price": "3595",
        "price_per_unit": "7190",
        "price_unit": "ML"
      },
      {
        "state": "WA",
        "price": "3595",
        "price_per_unit": "7190",
        "price_unit": "ML"
      },
      {
        "state": "SA",
        "price": "3595",
        "price_per_unit": "7190",
        "price_unit": "ML"
      },
      {
        "state": "TAS",
        "price": "3595",
        "price_per_unit": "7190",
        "price_unit": "ML"
      },
      {
        "state": "ACT",
        "price": "3595",
        "price_per_unit": "7190",
        "price_unit": "ML"
      },
      {
        "state": "NT",
        "price": "3595",
        "price_per_unit": "7190",
        "price_unit": "ML"
      }
    ]
  },
  {
    "source_url": "https://www.woolworths.com.au/shop/productdetails/1075481581/evohe-repair-intensive-cream-100ml",
    "name": "Evohe Repair Intensive Cream 100ml",
    "image_url": "https://cdn1.woolworths.media/content/wowproductimages/large/1075481581.jpg",
    "source_id": "Woolworths - 1075481581",
    "barcode": null,
    "shop": "Woolworths",
    "weight": "100ML",
    "prices": [
      {
        "state": "NSW",
        "price": "4695",
        "price_per_unit": "4695",
        "price_unit": "ML"
      },
      {
        "state": "VIC",
        "price": "4695",
        "price_per_unit": "4695",
        "price_unit": "ML"
      },
      {
        "state": "QLD",
        "price": "4695",
        "price_per_unit": "4695",
        "price_unit": "ML"
      },
      {
        "state": "WA",
        "price": "4695",
        "price_per_unit": "4695",
        "price_unit": "ML"
      },
      {
        "state": "SA",
        "price": "4695",
        "price_per_unit": "4695",
        "price_unit": "ML"
      },
      {
        "state": "TAS",
        "price": "4695",
        "price_per_unit": "4695",
        "price_unit": "ML"
      },
      {
        "state": "ACT",
        "price": "4695",
        "price_per_unit": "4695",
        "price_unit": "ML"
      },
      {
        "state": "NT",
        "price": "4695",
        "price_per_unit": "4695",
        "price_unit": "ML"
      }
    ]
  },
  {
    "source_url": "https://www.woolworths.com.au/shop/productdetails/1075497221/feat-by-you-vitassie-radiant-skin-super-set",
    "name": "FEAT BY YOU ViTassie Radiant Skin Super Set",
    "image_url": "https://cdn1.woolworths.media/content/wowproductimages/large/1075497221.jpg",
    "source_id": "Woolworths - 1075497221",
    "barcode": null,
    "shop": "Woolworths",
    "weight": "100ML",
    "prices": [
      {
        "state": "NSW",
        "price": "12665",
        "price_per_unit": "1934",
        "price_unit": "ML"
      },
      {
        "state": "VIC",
        "price": "12665",
        "price_per_unit": "1934",
        "price_unit": "ML"
      },
      {
        "state": "QLD",
        "price": "12665",
        "price_per_unit": "1934",
        "price_unit": "ML"
      },
      {
        "state": "WA",
        "price": "12665",
        "price_per_unit": "1934",
        "price_unit": "ML"
      },
      {
        "state": "SA",
        "price": "12665",
        "price_per_unit": "1934",
        "price_unit": "ML"
      },
      {
        "state": "TAS",
        "price": "12665",
        "price_per_unit": "1934",
        "price_unit": "ML"
      },
      {
        "state": "ACT",
        "price": "12665",
        "price_per_unit": "1934",
        "price_unit": "ML"
      },
      {
        "state": "NT",
        "price": "12665",
        "price_per_unit": "1934",
        "price_unit": "ML"
      }
    ]
  },
  {
    "source_url": "https://www.woolworths.com.au/shop/productdetails/1074662651/feat-by-you-vitassie-vita-cica-refreshing-gel-cream-80ml",
    "name": "Feat By You ViTassie Vita Cica Refreshing Gel Cream 80ml",
    "image_url": "https://cdn1.woolworths.media/content/wowproductimages/large/1074662651.jpg",
    "source_id": "Woolworths - 1074662651",
    "barcode": null,
    "shop": "Woolworths",
    "weight": "100ML",
    "prices": [
      {
        "state": "NSW",
        "price": "3300",
        "price_per_unit": "4125",
        "price_unit": "ML"
      },
      {
        "state": "VIC",
        "price": "3300",
        "price_per_unit": "4125",
        "price_unit": "ML"
      },
      {
        "state": "QLD",
        "price": "3300",
        "price_per_unit": "4125",
        "price_unit": "ML"
      },
      {
        "state": "WA",
        "price": "3300",
        "price_per_unit": "4125",
        "price_unit": "ML"
      },
      {
        "state": "SA",
        "price": "3300",
        "price_per_unit": "4125",
        "price_unit": "ML"
      },
      {
        "state": "TAS",
        "price": "3300",
        "price_per_unit": "4125",
        "price_unit": "ML"
      },
      {
        "state": "ACT",
        "price": "3300",
        "price_per_unit": "4125",
        "price_unit": "ML"
      },
      {
        "state": "NT",
        "price": "3300",
        "price_per_unit": "4125",
        "price_unit": "ML"
      }
    ]
  },
  {
    "source_url": "https://www.woolworths.com.au/shop/productdetails/1074918019/filorga-neocica-moisturizing-repairing-care-40ml-1-35oz",
    "name": "Filorga Neocica Moisturizing Repairing Care 40ml/1.35oz",
    "image_url": "https://cdn1.woolworths.media/content/wowproductimages/large/1074918019.jpg",
    "source_id": "Woolworths - 1074918019",
    "barcode": null,
    "shop": "Woolworths",
    "weight": "100ML",
    "prices": [
      {
        "state": "NSW",
        "price": "5800",
        "price_per_unit": "14500",
        "price_unit": "ML"
      },
      {
        "state": "VIC",
        "price": "5800",
        "price_per_unit": "14500",
        "price_unit": "ML"
      },
      {
        "state": "QLD",
        "price": "5800",
        "price_per_unit": "14500",
        "price_unit": "ML"
      },
      {
        "state": "WA",
        "price": "5800",
        "price_per_unit": "14500",
        "price_unit": "ML"
      },
      {
        "state": "SA",
        "price": "5800",
        "price_per_unit": "14500",
        "price_unit": "ML"
      },
      {
        "state": "TAS",
        "price": "5800",
        "price_per_unit": "14500",
        "price_unit": "ML"
      },
      {
        "state": "ACT",
        "price": "5800",
        "price_per_unit": "14500",
        "price_unit": "ML"
      },
      {
        "state": "NT",
        "price": "5800",
        "price_per_unit": "14500",
        "price_unit": "ML"
      }
    ]
  },
  {
    "source_url": "https://www.woolworths.com.au/shop/productdetails/1074651865/flanerie-replenishing-duo-moisturiser-45ml-1-52oz",
    "name": "Flanerie Replenishing Duo Moisturiser 45ml/1.52oz",
    "image_url": "https://cdn1.woolworths.media/content/wowproductimages/large/1074651865.jpg",
    "source_id": "Woolworths - 1074651865",
    "barcode": null,
    "shop": "Woolworths",
    "weight": "100ML",
    "prices": [
      {
        "state": "NSW",
        "price": "7800",
        "price_per_unit": "17333",
        "price_unit": "ML"
      },
      {
        "state": "VIC",
        "price": "7800",
        "price_per_unit": "17333",
        "price_unit": "ML"
      },
      {
        "state": "QLD",
        "price": "7800",
        "price_per_unit": "17333",
        "price_unit": "ML"
      },
      {
        "state": "WA",
        "price": "7800",
        "price_per_unit": "17333",
        "price_unit": "ML"
      },
      {
        "state": "SA",
        "price": "7800",
        "price_per_unit": "17333",
        "price_unit": "ML"
      },
      {
        "state": "TAS",
        "price": "7800",
        "price_per_unit": "17333",
        "price_unit": "ML"
      },
      {
        "state": "ACT",
        "price": "7800",
        "price_per_unit": "17333",
        "price_unit": "ML"
      },
      {
        "state": "NT",
        "price": "7800",
        "price_per_unit": "17333",
        "price_unit": "ML"
      }
    ]
  },
  {
    "source_url": "https://www.woolworths.com.au/shop/productdetails/1074651867/flanerie-resurfacing-overnight-moisturiser-45ml-1-52oz",
    "name": "Flanerie Resurfacing Overnight Moisturiser 45ml/1.52oz",
    "image_url": "https://cdn1.woolworths.media/content/wowproductimages/large/1074651867.jpg",
    "source_id": "Woolworths - 1074651867",
    "barcode": null,
    "shop": "Woolworths",
    "weight": "100ML",
    "prices": [
      {
        "state": "NSW",
        "price": "7500",
        "price_per_unit": "16667",
        "price_unit": "ML"
      },
      {
        "state": "VIC",
        "price": "7500",
        "price_per_unit": "16667",
        "price_unit": "ML"
      },
      {
        "state": "QLD",
        "price": "7500",
        "price_per_unit": "16667",
        "price_unit": "ML"
      },
      {
        "state": "WA",
        "price": "7500",
        "price_per_unit": "16667",
        "price_unit": "ML"
      },
      {
        "state": "SA",
        "price": "7500",
        "price_per_unit": "16667",
        "price_unit": "ML"
      },
      {
        "state": "TAS",
        "price": "7500",
        "price_per_unit": "16667",
        "price_unit": "ML"
      },
      {
        "state": "ACT",
        "price": "7500",
        "price_per_unit": "16667",
        "price_unit": "ML"
      },
      {
        "state": "NT",
        "price": "7500",
        "price_per_unit": "16667",
        "price_unit": "ML"
      }
    ]
  },
  {
    "source_url": "https://www.woolworths.com.au/shop/productdetails/1074651988/frownies-aroma-therapy-moisturizer-daily-body-lotion-118ml-4oz",
    "name": "Frownies Aroma Therapy Moisturizer - Daily Body Lotion 118ml/4oz",
    "image_url": "https://cdn1.woolworths.media/content/wowproductimages/large/1074651988.jpg",
    "source_id": "Woolworths - 1074651988",
    "barcode": null,
    "shop": "Woolworths",
    "weight": "100ML",
    "prices": [
      {
        "state": "NSW",
        "price": "3800",
        "price_per_unit": "3220",
        "price_unit": "ML"
      },
      {
        "state": "VIC",
        "price": "3800",
        "price_per_unit": "3220",
        "price_unit": "ML"
      },
      {
        "state": "QLD",
        "price": "3800",
        "price_per_unit": "3220",
        "price_unit": "ML"
      },
      {
        "state": "WA",
        "price": "3800",
        "price_per_unit": "3220",
        "price_unit": "ML"
      },
      {
        "state": "SA",
        "price": "3800",
        "price_per_unit": "3220",
        "price_unit": "ML"
      },
      {
        "state": "TAS",
        "price": "3800",
        "price_per_unit": "3220",
        "price_unit": "ML"
      },
      {
        "state": "ACT",
        "price": "3800",
        "price_per_unit": "3220",
        "price_unit": "ML"
      },
      {
        "state": "NT",
        "price": "3800",
        "price_per_unit": "3220",
        "price_unit": "ML"
      }
    ]
  },
  {
    "source_url": "https://www.woolworths.com.au/shop/productdetails/1074608504/frudia-citrus-brightening-cream-55g",
    "name": "FRUDIA Citrus Brightening Cream 55g",
    "image_url": "https://cdn1.woolworths.media/content/wowproductimages/large/1074608504.jpg",
    "source_id": "Woolworths - 1074608504",
    "barcode": null,
    "shop": "Woolworths",
    "weight": "100G",
    "prices": [
      {
        "state": "NSW",
        "price": "3800",
        "price_per_unit": "6909",
        "price_unit": "G"
      },
      {
        "state": "VIC",
        "price": "3800",
        "price_per_unit": "6909",
        "price_unit": "G"
      },
      {
        "state": "QLD",
        "price": "3800",
        "price_per_unit": "6909",
        "price_unit": "G"
      },
      {
        "state": "WA",
        "price": "3800",
        "price_per_unit": "6909",
        "price_unit": "G"
      },
      {
        "state": "SA",
        "price": "3800",
        "price_per_unit": "6909",
        "price_unit": "G"
      },
      {
        "state": "TAS",
        "price": "3800",
        "price_per_unit": "6909",
        "price_unit": "G"
      },
      {
        "state": "ACT",
        "price": "3800",
        "price_per_unit": "6909",
        "price_unit": "G"
      },
      {
        "state": "NT",
        "price": "3800",
        "price_per_unit": "6909",
        "price_unit": "G"
      }
    ]
  },
  {
    "source_url": "https://www.woolworths.com.au/shop/productdetails/1074560077/frudia-green-grape-pore-control-cream-55g",
    "name": "FRUDIA Green Grape Pore Control Cream 55g",
    "image_url": "https://cdn1.woolworths.media/content/wowproductimages/large/1074560077.jpg",
    "source_id": "Woolworths - 1074560077",
    "barcode": null,
    "shop": "Woolworths",
    "weight": "100G",
    "prices": [
      {
        "state": "NSW",
        "price": "3500",
        "price_per_unit": "6364",
        "price_unit": "G"
      },
      {
        "state": "VIC",
        "price": "3500",
        "price_per_unit": "6364",
        "price_unit": "G"
      },
      {
        "state": "QLD",
        "price": "3500",
        "price_per_unit": "6364",
        "price_unit": "G"
      },
      {
        "state": "WA",
        "price": "3500",
        "price_per_unit": "6364",
        "price_unit": "G"
      },
      {
        "state": "SA",
        "price": "3500",
        "price_per_unit": "6364",
        "price_unit": "G"
      },
      {
        "state": "TAS",
        "price": "3500",
        "price_per_unit": "6364",
        "price_unit": "G"
      },
      {
        "state": "ACT",
        "price": "3500",
        "price_per_unit": "6364",
        "price_unit": "G"
      },
      {
        "state": "NT",
        "price": "3500",
        "price_per_unit": "6364",
        "price_unit": "G"
      }
    ]
  },
  {
    "source_url": "https://www.woolworths.com.au/shop/productdetails/454606/frula-hyaluronic-peptide-hydrating-face-serum",
    "name": "Frula Hyaluronic Peptide Hydrating Face Serum 30mL",
    "image_url": "https://cdn1.woolworths.media/content/wowproductimages/large/454606.jpg",
    "source_id": "Woolworths - 454606",
    "barcode": "9421907883007",
    "shop": "Woolworths",
    "weight": "100ML",
    "prices": [
      {
        "state": "NSW",
        "price": "1250",
        "price_per_unit": "4167",
        "price_unit": "ML"
      },
      {
        "state": "VIC",
        "price": "1250",
        "price_per_unit": "4167",
        "price_unit": "ML"
      },
      {
        "state": "WA",
        "price": "1250",
        "price_per_unit": "4167",
        "price_unit": "ML"
      },
      {
        "state": "SA",
        "price": "1250",
        "price_per_unit": "4167",
        "price_unit": "ML"
      },
      {
        "state": "TAS",
        "price": "1250",
        "price_per_unit": "4167",
        "price_unit": "ML"
      },
      {
        "state": "ACT",
        "price": "1250",
        "price_per_unit": "4167",
        "price_unit": "ML"
      },
      {
        "state": "NT",
        "price": "1250",
        "price_per_unit": "4167",
        "price_unit": "ML"
      }
    ]
  },
  {
    "source_url": "https://www.woolworths.com.au/shop/productdetails/232131/frula-hyaluronic-super-hydrating-face-moisturiser",
    "name": "Frula Hyaluronic Super Hydrating Face Moisturiser 100mL",
    "image_url": "https://cdn1.woolworths.media/content/wowproductimages/large/232131.jpg",
    "source_id": "Woolworths - 232131",
    "barcode": "9421906990294",
    "shop": "Woolworths",
    "weight": "100ML",
    "prices": [
      {
        "state": "NSW",
        "price": "700",
        "price_per_unit": "700",
        "price_unit": "ML"
      },
      {
        "state": "VIC",
        "price": "700",
        "price_per_unit": "700",
        "price_unit": "ML"
      },
      {
        "state": "QLD",
        "price": "700",
        "price_per_unit": "700",
        "price_unit": "ML"
      },
      {
        "state": "WA",
        "price": "700",
        "price_per_unit": "700",
        "price_unit": "ML"
      },
      {
        "state": "SA",
        "price": "700",
        "price_per_unit": "700",
        "price_unit": "ML"
      },
      {
        "state": "TAS",
        "price": "700",
        "price_per_unit": "700",
        "price_unit": "ML"
      },
      {
        "state": "ACT",
        "price": "700",
        "price_per_unit": "700",
        "price_unit": "ML"
      },
      {
        "state": "NT",
        "price": "700",
        "price_per_unit": "700",
        "price_unit": "ML"
      }
    ]
  },
  {
    "source_url": "https://www.woolworths.com.au/shop/productdetails/1074445998/galactomyces-95-tone-balancing-essence",
    "name": "Galactomyces 95 Tone Balancing Essence",
    "image_url": "https://cdn1.woolworths.media/content/wowproductimages/large/1074445998.jpg",
    "source_id": "Woolworths - 1074445998",
    "barcode": null,
    "shop": "Woolworths",
    "weight": "100ML",
    "prices": [
      {
        "state": "NSW",
        "price": "3900",
        "price_per_unit": "3900",
        "price_unit": "ML"
      },
      {
        "state": "VIC",
        "price": "3900",
        "price_per_unit": "3900",
        "price_unit": "ML"
      },
      {
        "state": "QLD",
        "price": "3900",
        "price_per_unit": "3900",
        "price_unit": "ML"
      },
      {
        "state": "WA",
        "price": "3900",
        "price_per_unit": "3900",
        "price_unit": "ML"
      },
      {
        "state": "SA",
        "price": "3900",
        "price_per_unit": "3900",
        "price_unit": "ML"
      },
      {
        "state": "TAS",
        "price": "3900",
        "price_per_unit": "3900",
        "price_unit": "ML"
      },
      {
        "state": "ACT",
        "price": "3900",
        "price_per_unit": "3900",
        "price_unit": "ML"
      },
      {
        "state": "NT",
        "price": "3900",
        "price_per_unit": "3900",
        "price_unit": "ML"
      }
    ]
  },
  {
    "source_url": "https://www.woolworths.com.au/shop/productdetails/779451/garnier-moisture-match-body-24hr-combination-to-oily-green-tea",
    "name": "Garnier Moisture Match Body 24hr Combination To Oily Green Tea 50ml",
    "image_url": "https://cdn1.woolworths.media/content/wowproductimages/large/779451.jpg",
    "source_id": "Woolworths - 779451",
    "barcode": "3600541269262",
    "shop": "Woolworths",
    "weight": "100ML",
    "prices": []
  },
  {
    "source_url": "https://www.woolworths.com.au/shop/productdetails/1075350119/garnier-organics-fresh-lemongrass-balancing-moisturiser-50ml",
    "name": "Garnier Organics Fresh Lemongrass Balancing Moisturiser 50ml",
    "image_url": "https://cdn1.woolworths.media/content/wowproductimages/large/1075350119.jpg",
    "source_id": "Woolworths - 1075350119",
    "barcode": null,
    "shop": "Woolworths",
    "weight": "100ML",
    "prices": [
      {
        "state": "NSW",
        "price": "2397",
        "price_per_unit": "4794",
        "price_unit": "ML"
      },
      {
        "state": "VIC",
        "price": "2397",
        "price_per_unit": "4794",
        "price_unit": "ML"
      },
      {
        "state": "QLD",
        "price": "2397",
        "price_per_unit": "4794",
        "price_unit": "ML"
      },
      {
        "state": "WA",
        "price": "2397",
        "price_per_unit": "4794",
        "price_unit": "ML"
      },
      {
        "state": "SA",
        "price": "2397",
        "price_per_unit": "4794",
        "price_unit": "ML"
      },
      {
        "state": "TAS",
        "price": "2397",
        "price_per_unit": "4794",
        "price_unit": "ML"
      },
      {
        "state": "ACT",
        "price": "2397",
        "price_per_unit": "4794",
        "price_unit": "ML"
      },
      {
        "state": "NT",
        "price": "2397",
        "price_per_unit": "4794",
        "price_unit": "ML"
      }
    ]
  },
  {
    "source_url": "https://www.woolworths.com.au/shop/productdetails/1075467213/garnier-organics-fresh-lemongrass-balancing-moisturiser-50ml-6pk",
    "name": "Garnier Organics Fresh Lemongrass Balancing Moisturiser 50ml 6pk",
    "image_url": "https://cdn1.woolworths.media/content/wowproductimages/large/1075467213.jpg",
    "source_id": "Woolworths - 1075467213",
    "barcode": null,
    "shop": "Woolworths",
    "weight": "1EA",
    "prices": [
      {
        "state": "NSW",
        "price": "7599",
        "price_per_unit": "1267",
        "price_unit": "EA"
      },
      {
        "state": "VIC",
        "price": "7599",
        "price_per_unit": "1267",
        "price_unit": "EA"
      },
      {
        "state": "QLD",
        "price": "7599",
        "price_per_unit": "1267",
        "price_unit": "EA"
      },
      {
        "state": "WA",
        "price": "7599",
        "price_per_unit": "1267",
        "price_unit": "EA"
      },
      {
        "state": "SA",
        "price": "7599",
        "price_per_unit": "1267",
        "price_unit": "EA"
      },
      {
        "state": "TAS",
        "price": "7599",
        "price_per_unit": "1267",
        "price_unit": "EA"
      },
      {
        "state": "ACT",
        "price": "7599",
        "price_per_unit": "1267",
        "price_unit": "EA"
      },
      {
        "state": "NT",
        "price": "7599",
        "price_per_unit": "1267",
        "price_unit": "EA"
      }
    ]
  },
  {
    "source_url": "https://www.woolworths.com.au/shop/productdetails/256989/garnier-skin-active-anti-blemish-charcoal-serum",
    "name": "Garnier Skin Active Anti Blemish Charcoal Serum 30mL",
    "image_url": "https://cdn1.woolworths.media/content/wowproductimages/large/256989.jpg",
    "source_id": "Woolworths - 256989",
    "barcode": "3600542513241",
    "shop": "Woolworths",
    "weight": "100ML",
    "prices": [
      {
        "state": "NSW",
        "price": "3700",
        "price_per_unit": "12333",
        "price_unit": "ML"
      },
      {
        "state": "VIC",
        "price": "3700",
        "price_per_unit": "12333",
        "price_unit": "ML"
      },
      {
        "state": "WA",
        "price": "3700",
        "price_per_unit": "12333",
        "price_unit": "ML"
      },
      {
        "state": "SA",
        "price": "3700",
        "price_per_unit": "12333",
        "price_unit": "ML"
      },
      {
        "state": "TAS",
        "price": "3700",
        "price_per_unit": "12333",
        "price_unit": "ML"
      },
      {
        "state": "ACT",
        "price": "3700",
        "price_per_unit": "12333",
        "price_unit": "ML"
      }
    ]
  },
  {
    "source_url": "https://www.woolworths.com.au/shop/productdetails/165484/garnier-skin-active-bb-cream-all-in-1-spf50-medium",
    "name": "Garnier Skin Active BB Cream All-In-1 SPF50 Medium 50mL",
    "image_url": "https://cdn1.woolworths.media/content/wowproductimages/large/165484.jpg",
    "source_id": "Woolworths - 165484",
    "barcode": "3600542417723",
    "shop": "Woolworths",
    "weight": "100ML",
    "prices": [
      {
        "state": "NSW",
        "price": "1700",
        "price_per_unit": "3400",
        "price_unit": "ML"
      },
      {
        "state": "VIC",
        "price": "1700",
        "price_per_unit": "3400",
        "price_unit": "ML"
      },
      {
        "state": "QLD",
        "price": "1700",
        "price_per_unit": "3400",
        "price_unit": "ML"
      },
      {
        "state": "WA",
        "price": "1700",
        "price_per_unit": "3400",
        "price_unit": "ML"
      },
      {
        "state": "SA",
        "price": "1700",
        "price_per_unit": "3400",
        "price_unit": "ML"
      },
      {
        "state": "TAS",
        "price": "1700",
        "price_per_unit": "3400",
        "price_unit": "ML"
      },
      {
        "state": "ACT",
        "price": "1700",
        "price_per_unit": "3400",
        "price_unit": "ML"
      },
      {
        "state": "NT",
        "price": "1700",
        "price_per_unit": "3400",
        "price_unit": "ML"
      }
    ]
  },
  {
    "source_url": "https://www.woolworths.com.au/shop/productdetails/165487/garnier-skin-active-bb-cream-anti-age-light",
    "name": "Garnier Skin Active BB Cream Anti Age Light 50mL",
    "image_url": "https://cdn1.woolworths.media/content/wowproductimages/large/165487.jpg",
    "source_id": "Woolworths - 165487",
    "barcode": "3600542422154",
    "shop": "Woolworths",
    "weight": "100ML",
    "prices": [
      {
        "state": "NSW",
        "price": "1700",
        "price_per_unit": "3400",
        "price_unit": "ML"
      },
      {
        "state": "VIC",
        "price": "1700",
        "price_per_unit": "3400",
        "price_unit": "ML"
      },
      {
        "state": "QLD",
        "price": "1700",
        "price_per_unit": "3400",
        "price_unit": "ML"
      },
      {
        "state": "WA",
        "price": "1700",
        "price_per_unit": "3400",
        "price_unit": "ML"
      },
      {
        "state": "SA",
        "price": "1700",
        "price_per_unit": "3400",
        "price_unit": "ML"
      },
      {
        "state": "TAS",
        "price": "1700",
        "price_per_unit": "3400",
        "price_unit": "ML"
      },
      {
        "state": "ACT",
        "price": "1700",
        "price_per_unit": "3400",
        "price_unit": "ML"
      },
      {
        "state": "NT",
        "price": "1700",
        "price_per_unit": "3400",
        "price_unit": "ML"
      }
    ]
  },
  {
    "source_url": "https://www.woolworths.com.au/shop/productdetails/165489/garnier-skin-active-bb-cream-anti-age-medium",
    "name": "Garnier Skin Active BB Cream Anti Age Medium 50mL",
    "image_url": "https://cdn1.woolworths.media/content/wowproductimages/large/165489.jpg",
    "source_id": "Woolworths - 165489",
    "barcode": "3600542422161",
    "shop": "Woolworths",
    "weight": "100ML",
    "prices": [
      {
        "state": "NSW",
        "price": "1700",
        "price_per_unit": "3400",
        "price_unit": "ML"
      },
      {
        "state": "VIC",
        "price": "1700",
        "price_per_unit": "3400",
        "price_unit": "ML"
      },
      {
        "state": "QLD",
        "price": "1700",
        "price_per_unit": "3400",
        "price_unit": "ML"
      },
      {
        "state": "WA",
        "price": "1700",
        "price_per_unit": "3400",
        "price_unit": "ML"
      },
      {
        "state": "SA",
        "price": "1700",
        "price_per_unit": "3400",
        "price_unit": "ML"
      },
      {
        "state": "TAS",
        "price": "1700",
        "price_per_unit": "3400",
        "price_unit": "ML"
      },
      {
        "state": "ACT",
        "price": "1700",
        "price_per_unit": "3400",
        "price_unit": "ML"
      },
      {
        "state": "NT",
        "price": "1700",
        "price_per_unit": "3400",
        "price_unit": "ML"
      }
    ]
  },
  {
    "source_url": "https://www.woolworths.com.au/shop/productdetails/165486/garnier-skin-active-bb-cream-classic-medium",
    "name": "Garnier Skin Active BB Cream Classic Medium 50mL",
    "image_url": "https://cdn1.woolworths.media/content/wowproductimages/large/165486.jpg",
    "source_id": "Woolworths - 165486",
    "barcode": "3600542422185",
    "shop": "Woolworths",
    "weight": "100ML",
    "prices": [
      {
        "state": "NSW",
        "price": "1700",
        "price_per_unit": "3400",
        "price_unit": "ML"
      },
      {
        "state": "VIC",
        "price": "1700",
        "price_per_unit": "3400",
        "price_unit": "ML"
      },
      {
        "state": "WA",
        "price": "1700",
        "price_per_unit": "3400",
        "price_unit": "ML"
      },
      {
        "state": "SA",
        "price": "1700",
        "price_per_unit": "3400",
        "price_unit": "ML"
      },
      {
        "state": "TAS",
        "price": "1700",
        "price_per_unit": "3400",
        "price_unit": "ML"
      },
      {
        "state": "ACT",
        "price": "1700",
        "price_per_unit": "3400",
        "price_unit": "ML"
      },
      {
        "state": "NT",
        "price": "1700",
        "price_per_unit": "3400",
        "price_unit": "ML"
      }
    ]
  },
  {
    "source_url": "https://www.woolworths.com.au/shop/productdetails/1075559259/garnier-skin-active-hyaluronic-aloe-hydrating-night-jelly-moisturiser-50ml",
    "name": "Garnier Skin Active Hyaluronic Aloe Hydrating Night Jelly Moisturiser 50ml",
    "image_url": "https://cdn1.woolworths.media/content/wowproductimages/large/1075559259.jpg",
    "source_id": "Woolworths - 1075559259",
    "barcode": null,
    "shop": "Woolworths",
    "weight": "100ML",
    "prices": [
      {
        "state": "NSW",
        "price": "2399",
        "price_per_unit": "4798",
        "price_unit": "ML"
      },
      {
        "state": "VIC",
        "price": "2399",
        "price_per_unit": "4798",
        "price_unit": "ML"
      },
      {
        "state": "QLD",
        "price": "2399",
        "price_per_unit": "4798",
        "price_unit": "ML"
      },
      {
        "state": "WA",
        "price": "2399",
        "price_per_unit": "4798",
        "price_unit": "ML"
      },
      {
        "state": "SA",
        "price": "2399",
        "price_per_unit": "4798",
        "price_unit": "ML"
      },
      {
        "state": "TAS",
        "price": "2399",
        "price_per_unit": "4798",
        "price_unit": "ML"
      },
      {
        "state": "ACT",
        "price": "2399",
        "price_per_unit": "4798",
        "price_unit": "ML"
      },
      {
        "state": "NT",
        "price": "2399",
        "price_per_unit": "4798",
        "price_unit": "ML"
      }
    ]
  },
  {
    "source_url": "https://www.woolworths.com.au/shop/productdetails/1075559260/garnier-skin-active-hyaluronic-aloe-hydrating-night-jelly-moisturiser-50ml-3pk",
    "name": "Garnier Skin Active Hyaluronic Aloe Hydrating Night Jelly Moisturiser 50ml 3pk",
    "image_url": "https://cdn1.woolworths.media/content/wowproductimages/large/1075559260.jpg",
    "source_id": "Woolworths - 1075559260",
    "barcode": null,
    "shop": "Woolworths",
    "weight": "1EA",
    "prices": [
      {
        "state": "NSW",
        "price": "4099",
        "price_per_unit": "1366",
        "price_unit": "EA"
      },
      {
        "state": "VIC",
        "price": "4099",
        "price_per_unit": "1366",
        "price_unit": "EA"
      },
      {
        "state": "QLD",
        "price": "4099",
        "price_per_unit": "1366",
        "price_unit": "EA"
      },
      {
        "state": "WA",
        "price": "4099",
        "price_per_unit": "1366",
        "price_unit": "EA"
      },
      {
        "state": "SA",
        "price": "4099",
        "price_per_unit": "1366",
        "price_unit": "EA"
      },
      {
        "state": "TAS",
        "price": "4099",
        "price_per_unit": "1366",
        "price_unit": "EA"
      },
      {
        "state": "ACT",
        "price": "4099",
        "price_per_unit": "1366",
        "price_unit": "EA"
      },
      {
        "state": "NT",
        "price": "4099",
        "price_per_unit": "1366",
        "price_unit": "EA"
      }
    ]
  },
  {
    "source_url": "https://www.woolworths.com.au/shop/productdetails/256986/garnier-skin-active-hyaluronic-aloe-replumping-serum",
    "name": "Garnier Skin Active Hyaluronic Aloe Replumping Serum 30mL",
    "image_url": "https://cdn1.woolworths.media/content/wowproductimages/large/256986.jpg",
    "source_id": "Woolworths - 256986",
    "barcode": "3600542500449",
    "shop": "Woolworths",
    "weight": "100ML",
    "prices": [
      {
        "state": "NSW",
        "price": "3700",
        "price_per_unit": "12333",
        "price_unit": "ML"
      },
      {
        "state": "WA",
        "price": "3700",
        "price_per_unit": "12333",
        "price_unit": "ML"
      },
      {
        "state": "SA",
        "price": "3700",
        "price_per_unit": "12333",
        "price_unit": "ML"
      },
      {
        "state": "TAS",
        "price": "3700",
        "price_per_unit": "12333",
        "price_unit": "ML"
      },
      {
        "state": "ACT",
        "price": "3700",
        "price_per_unit": "12333",
        "price_unit": "ML"
      },
      {
        "state": "NT",
        "price": "3700",
        "price_per_unit": "12333",
        "price_unit": "ML"
      }
    ]
  },
  {
    "source_url": "https://www.woolworths.com.au/shop/productdetails/316676/garnier-skin-active-vitamin-c-brightening-night-serum",
    "name": "Garnier Skin Active Vitamin C Brightening Night Serum 30mL",
    "image_url": "https://cdn1.woolworths.media/content/wowproductimages/large/316676.jpg",
    "source_id": "Woolworths - 316676",
    "barcode": "3600542541411",
    "shop": "Woolworths",
    "weight": "100ML",
    "prices": [
      {
        "state": "NSW",
        "price": "4000",
        "price_per_unit": "13333",
        "price_unit": "ML"
      },
      {
        "state": "QLD",
        "price": "4000",
        "price_per_unit": "13333",
        "price_unit": "ML"
      },
      {
        "state": "WA",
        "price": "4000",
        "price_per_unit": "13333",
        "price_unit": "ML"
      },
      {
        "state": "SA",
        "price": "4000",
        "price_per_unit": "13333",
        "price_unit": "ML"
      },
      {
        "state": "TAS",
        "price": "4000",
        "price_per_unit": "13333",
        "price_unit": "ML"
      },
      {
        "state": "ACT",
        "price": "4000",
        "price_per_unit": "13333",
        "price_unit": "ML"
      },
      {
        "state": "NT",
        "price": "4000",
        "price_per_unit": "13333",
        "price_unit": "ML"
      }
    ]
  },
  {
    "source_url": "https://www.woolworths.com.au/shop/productdetails/950063/garnier-skin-active-vitamin-c-brightening-serum",
    "name": "Garnier Skin Active Vitamin C Brightening Serum 15ml",
    "image_url": "https://cdn1.woolworths.media/content/wowproductimages/large/950063.jpg",
    "source_id": "Woolworths - 950063",
    "barcode": "8994993023592",
    "shop": "Woolworths",
    "weight": "100ML",
    "prices": [
      {
        "state": "NSW",
        "price": "2200",
        "price_per_unit": "14667",
        "price_unit": "ML"
      },
      {
        "state": "VIC",
        "price": "2200",
        "price_per_unit": "14667",
        "price_unit": "ML"
      },
      {
        "state": "QLD",
        "price": "2200",
        "price_per_unit": "14667",
        "price_unit": "ML"
      },
      {
        "state": "WA",
        "price": "2200",
        "price_per_unit": "14667",
        "price_unit": "ML"
      },
      {
        "state": "SA",
        "price": "2200",
        "price_per_unit": "14667",
        "price_unit": "ML"
      },
      {
        "state": "TAS",
        "price": "2200",
        "price_per_unit": "14667",
        "price_unit": "ML"
      },
      {
        "state": "ACT",
        "price": "2200",
        "price_per_unit": "14667",
        "price_unit": "ML"
      },
      {
        "state": "NT",
        "price": "2200",
        "price_per_unit": "14667",
        "price_unit": "ML"
      }
    ]
  },
  {
    "source_url": "https://www.woolworths.com.au/shop/productdetails/196590/garnier-skin-active-vitamin-c-brightening-serum",
    "name": "Garnier Skin Active Vitamin C Brightening Serum 30mL",
    "image_url": "https://cdn1.woolworths.media/content/wowproductimages/large/196590.jpg",
    "source_id": "Woolworths - 196590",
    "barcode": "3600542433266",
    "shop": "Woolworths",
    "weight": "100ML",
    "prices": [
      {
        "state": "NSW",
        "price": "3700",
        "price_per_unit": "12333",
        "price_unit": "ML"
      },
      {
        "state": "VIC",
        "price": "3700",
        "price_per_unit": "12333",
        "price_unit": "ML"
      },
      {
        "state": "QLD",
        "price": "3700",
        "price_per_unit": "12333",
        "price_unit": "ML"
      },
      {
        "state": "WA",
        "price": "3700",
        "price_per_unit": "12333",
        "price_unit": "ML"
      },
      {
        "state": "SA",
        "price": "3700",
        "price_per_unit": "12333",
        "price_unit": "ML"
      },
      {
        "state": "TAS",
        "price": "3700",
        "price_per_unit": "12333",
        "price_unit": "ML"
      },
      {
        "state": "ACT",
        "price": "3700",
        "price_per_unit": "12333",
        "price_unit": "ML"
      },
      {
        "state": "NT",
        "price": "3700",
        "price_per_unit": "12333",
        "price_unit": "ML"
      }
    ]
  },
  {
    "source_url": "https://www.woolworths.com.au/shop/productdetails/944639/garnier-skin-active-vitamin-c-daily-uv-brightening-fluid-glow",
    "name": "Garnier Skin Active Vitamin C Daily UV Brightening Fluid Glow 40mL",
    "image_url": "https://cdn1.woolworths.media/content/wowproductimages/large/944639.jpg",
    "source_id": "Woolworths - 944639",
    "barcode": "3600542630528",
    "shop": "Woolworths",
    "weight": "100ML",
    "prices": [
      {
        "state": "NSW",
        "price": "3000",
        "price_per_unit": "7500",
        "price_unit": "ML"
      },
      {
        "state": "VIC",
        "price": "3000",
        "price_per_unit": "7500",
        "price_unit": "ML"
      },
      {
        "state": "QLD",
        "price": "3000",
        "price_per_unit": "7500",
        "price_unit": "ML"
      },
      {
        "state": "WA",
        "price": "3000",
        "price_per_unit": "7500",
        "price_unit": "ML"
      },
      {
        "state": "SA",
        "price": "3000",
        "price_per_unit": "7500",
        "price_unit": "ML"
      },
      {
        "state": "TAS",
        "price": "3000",
        "price_per_unit": "7500",
        "price_unit": "ML"
      },
      {
        "state": "ACT",
        "price": "3000",
        "price_per_unit": "7500",
        "price_unit": "ML"
      },
      {
        "state": "NT",
        "price": "3000",
        "price_per_unit": "7500",
        "price_unit": "ML"
      }
    ]
  },
  {
    "source_url": "https://www.woolworths.com.au/shop/productdetails/730387/garnier-skin-naturals-eye-cream-ultra-lift",
    "name": "Garnier Skin Naturals Eye Cream Ultra Lift 15ml",
    "image_url": "https://cdn1.woolworths.media/content/wowproductimages/large/730387.jpg",
    "source_id": "Woolworths - 730387",
    "barcode": "3600541186026",
    "shop": "Woolworths",
    "weight": "100ML",
    "prices": []
  },
  {
    "source_url": "https://www.woolworths.com.au/shop/productdetails/267110/garnier-vitamin-c-day-cream",
    "name": "Garnier Vitamin c Day Cream 50ml",
    "image_url": "https://cdn1.woolworths.media/content/wowproductimages/large/267110.jpg",
    "source_id": "Woolworths - 267110",
    "barcode": "3600542537940",
    "shop": "Woolworths",
    "weight": "100ML",
    "prices": [
      {
        "state": "NSW",
        "price": "3000",
        "price_per_unit": "6000",
        "price_unit": "ML"
      },
      {
        "state": "VIC",
        "price": "3000",
        "price_per_unit": "6000",
        "price_unit": "ML"
      },
      {
        "state": "QLD",
        "price": "3000",
        "price_per_unit": "6000",
        "price_unit": "ML"
      },
      {
        "state": "WA",
        "price": "3000",
        "price_per_unit": "6000",
        "price_unit": "ML"
      },
      {
        "state": "SA",
        "price": "3000",
        "price_per_unit": "6000",
        "price_unit": "ML"
      },
      {
        "state": "TAS",
        "price": "3000",
        "price_per_unit": "6000",
        "price_unit": "ML"
      },
      {
        "state": "ACT",
        "price": "3000",
        "price_per_unit": "6000",
        "price_unit": "ML"
      },
      {
        "state": "NT",
        "price": "3000",
        "price_per_unit": "6000",
        "price_unit": "ML"
      }
    ]
  },
  {
    "source_url": "https://www.woolworths.com.au/shop/productdetails/1073955797/ginger6-night-cream-50ml-stock-clearance-sale",
    "name": "Ginger6 Night Cream 50ml - Stock Clearance Sale",
    "image_url": "https://cdn1.woolworths.media/content/wowproductimages/large/1073955797.jpg",
    "source_id": "Woolworths - 1073955797",
    "barcode": null,
    "shop": "Woolworths",
    "weight": "100ML",
    "prices": [
      {
        "state": "NSW",
        "price": "2750",
        "price_per_unit": "5500",
        "price_unit": "ML"
      },
      {
        "state": "VIC",
        "price": "2750",
        "price_per_unit": "5500",
        "price_unit": "ML"
      },
      {
        "state": "QLD",
        "price": "2750",
        "price_per_unit": "5500",
        "price_unit": "ML"
      },
      {
        "state": "WA",
        "price": "2750",
        "price_per_unit": "5500",
        "price_unit": "ML"
      },
      {
        "state": "SA",
        "price": "2750",
        "price_per_unit": "5500",
        "price_unit": "ML"
      },
      {
        "state": "TAS",
        "price": "2750",
        "price_per_unit": "5500",
        "price_unit": "ML"
      },
      {
        "state": "ACT",
        "price": "2750",
        "price_per_unit": "5500",
        "price_unit": "ML"
      },
      {
        "state": "NT",
        "price": "2750",
        "price_per_unit": "5500",
        "price_unit": "ML"
      }
    ]
  },
  {
    "source_url": "https://www.woolworths.com.au/shop/productdetails/1073955796/ginger6-water-cream-mositurizer-50-ml-stock-clearance-sale",
    "name": "Ginger6 Water Cream Mositurizer 50 ml - Stock Clearance Sale",
    "image_url": "https://cdn1.woolworths.media/content/wowproductimages/large/1073955796.jpg",
    "source_id": "Woolworths - 1073955796",
    "barcode": null,
    "shop": "Woolworths",
    "weight": "100ML",
    "prices": [
      {
        "state": "NSW",
        "price": "2750",
        "price_per_unit": "5500",
        "price_unit": "ML"
      },
      {
        "state": "VIC",
        "price": "2750",
        "price_per_unit": "5500",
        "price_unit": "ML"
      },
      {
        "state": "QLD",
        "price": "2750",
        "price_per_unit": "5500",
        "price_unit": "ML"
      },
      {
        "state": "WA",
        "price": "2750",
        "price_per_unit": "5500",
        "price_unit": "ML"
      },
      {
        "state": "SA",
        "price": "2750",
        "price_per_unit": "5500",
        "price_unit": "ML"
      },
      {
        "state": "TAS",
        "price": "2750",
        "price_per_unit": "5500",
        "price_unit": "ML"
      },
      {
        "state": "ACT",
        "price": "2750",
        "price_per_unit": "5500",
        "price_unit": "ML"
      },
      {
        "state": "NT",
        "price": "2750",
        "price_per_unit": "5500",
        "price_unit": "ML"
      }
    ]
  },
  {
    "source_url": "https://www.woolworths.com.au/shop/productdetails/1074652012/givenchy-l-intemporel-firmness-boosting-oil-30ml-1oz",
    "name": "Givenchy L'Intemporel Firmness Boosting Oil 30ml/1oz",
    "image_url": "https://cdn1.woolworths.media/content/wowproductimages/large/1074652012.jpg",
    "source_id": "Woolworths - 1074652012",
    "barcode": null,
    "shop": "Woolworths",
    "weight": "100ML",
    "prices": [
      {
        "state": "VIC",
        "price": "17100",
        "price_per_unit": "57000",
        "price_unit": "ML"
      },
      {
        "state": "QLD",
        "price": "17100",
        "price_per_unit": "57000",
        "price_unit": "ML"
      },
      {
        "state": "WA",
        "price": "17100",
        "price_per_unit": "57000",
        "price_unit": "ML"
      },
      {
        "state": "SA",
        "price": "17100",
        "price_per_unit": "57000",
        "price_unit": "ML"
      },
      {
        "state": "TAS",
        "price": "17100",
        "price_per_unit": "57000",
        "price_unit": "ML"
      },
      {
        "state": "NT",
        "price": "17100",
        "price_per_unit": "57000",
        "price_unit": "ML"
      }
    ]
  },
  {
    "source_url": "https://www.woolworths.com.au/shop/productdetails/1076338619/ahc-365-red-cream-50ml-3pk",
    "name": "AHC 365 Red Cream 50ml 3pk",
    "image_url": "https://cdn1.woolworths.media/content/wowproductimages/large/1076338619.jpg",
    "source_id": "Woolworths - 1076338619",
    "barcode": null,
    "shop": "Woolworths",
    "weight": "1EA",
    "prices": [
      {
        "state": "QLD",
        "price": "13099",
        "price_per_unit": "4366",
        "price_unit": "EA"
      },
      {
        "state": "WA",
        "price": "13099",
        "price_per_unit": "4366",
        "price_unit": "EA"
      },
      {
        "state": "SA",
        "price": "13099",
        "price_per_unit": "4366",
        "price_unit": "EA"
      },
      {
        "state": "TAS",
        "price": "13099",
        "price_per_unit": "4366",
        "price_unit": "EA"
      },
      {
        "state": "ACT",
        "price": "13099",
        "price_per_unit": "4366",
        "price_unit": "EA"
      },
      {
        "state": "NT",
        "price": "13099",
        "price_per_unit": "4366",
        "price_unit": "EA"
      }
    ]
  },
  {
    "source_url": "https://www.woolworths.com.au/shop/productdetails/1076338565/ahc-365-red-cream-50ml-6pk",
    "name": "AHC 365 Red Cream 50ml 6pk",
    "image_url": "https://cdn1.woolworths.media/content/wowproductimages/large/1076338565.jpg",
    "source_id": "Woolworths - 1076338565",
    "barcode": null,
    "shop": "Woolworths",
    "weight": "1EA",
    "prices": [
      {
        "state": "QLD",
        "price": "21899",
        "price_per_unit": "3650",
        "price_unit": "EA"
      },
      {
        "state": "WA",
        "price": "21899",
        "price_per_unit": "3650",
        "price_unit": "EA"
      },
      {
        "state": "SA",
        "price": "21899",
        "price_per_unit": "3650",
        "price_unit": "EA"
      },
      {
        "state": "TAS",
        "price": "21899",
        "price_per_unit": "3650",
        "price_unit": "EA"
      },
      {
        "state": "ACT",
        "price": "21899",
        "price_per_unit": "3650",
        "price_unit": "EA"
      },
      {
        "state": "NT",
        "price": "21899",
        "price_per_unit": "3650",
        "price_unit": "EA"
      }
    ]
  },
  {
    "source_url": "https://www.woolworths.com.au/shop/productdetails/1076338566/ahc-youth-focus-cream-50ml",
    "name": "AHC Youth Focus Cream 50ml",
    "image_url": "https://cdn1.woolworths.media/content/wowproductimages/large/1076338566.jpg",
    "source_id": "Woolworths - 1076338566",
    "barcode": null,
    "shop": "Woolworths",
    "weight": "100ML",
    "prices": [
      {
        "state": "QLD",
        "price": "5199",
        "price_per_unit": "10398",
        "price_unit": "ML"
      },
      {
        "state": "WA",
        "price": "5199",
        "price_per_unit": "10398",
        "price_unit": "ML"
      },
      {
        "state": "SA",
        "price": "5199",
        "price_per_unit": "10398",
        "price_unit": "ML"
      },
      {
        "state": "TAS",
        "price": "5199",
        "price_per_unit": "10398",
        "price_unit": "ML"
      },
      {
        "state": "ACT",
        "price": "5199",
        "price_per_unit": "10398",
        "price_unit": "ML"
      },
      {
        "state": "NT",
        "price": "5199",
        "price_per_unit": "10398",
        "price_unit": "ML"
      }
    ]
  },
  {
    "source_url": "https://www.woolworths.com.au/shop/productdetails/1076338563/ahc-youth-focus-cream-50ml-3pk",
    "name": "AHC Youth Focus Cream 50ml 3pk",
    "image_url": "https://cdn1.woolworths.media/content/wowproductimages/large/1076338563.jpg",
    "source_id": "Woolworths - 1076338563",
    "barcode": null,
    "shop": "Woolworths",
    "weight": "1EA",
    "prices": [
      {
        "state": "QLD",
        "price": "11399",
        "price_per_unit": "3800",
        "price_unit": "EA"
      },
      {
        "state": "WA",
        "price": "11399",
        "price_per_unit": "3800",
        "price_unit": "EA"
      },
      {
        "state": "SA",
        "price": "11399",
        "price_per_unit": "3800",
        "price_unit": "EA"
      },
      {
        "state": "TAS",
        "price": "11399",
        "price_per_unit": "3800",
        "price_unit": "EA"
      },
      {
        "state": "ACT",
        "price": "11399",
        "price_per_unit": "3800",
        "price_unit": "EA"
      },
      {
        "state": "NT",
        "price": "11399",
        "price_per_unit": "3800",
        "price_unit": "EA"
      }
    ]
  },
  {
    "source_url": "https://www.woolworths.com.au/shop/productdetails/1076338564/ahc-youth-focus-cream-50ml-6pk",
    "name": "AHC Youth Focus Cream 50ml 6pk",
    "image_url": "https://cdn1.woolworths.media/content/wowproductimages/large/1076338564.jpg",
    "source_id": "Woolworths - 1076338564",
    "barcode": null,
    "shop": "Woolworths",
    "weight": "1EA",
    "prices": [
      {
        "state": "QLD",
        "price": "18999",
        "price_per_unit": "3167",
        "price_unit": "EA"
      },
      {
        "state": "WA",
        "price": "18999",
        "price_per_unit": "3167",
        "price_unit": "EA"
      },
      {
        "state": "SA",
        "price": "18999",
        "price_per_unit": "3167",
        "price_unit": "EA"
      },
      {
        "state": "TAS",
        "price": "18999",
        "price_per_unit": "3167",
        "price_unit": "EA"
      },
      {
        "state": "ACT",
        "price": "18999",
        "price_per_unit": "3167",
        "price_unit": "EA"
      },
      {
        "state": "NT",
        "price": "18999",
        "price_per_unit": "3167",
        "price_unit": "EA"
      }
    ]
  },
  {
    "source_url": "https://www.woolworths.com.au/shop/productdetails/1074444728/cosrx-aha-7-whitehead-power-liquid-100ml",
    "name": "Cosrx AHA 7 Whitehead Power Liquid 100ml",
    "image_url": "https://cdn1.woolworths.media/content/wowproductimages/large/1074444728.jpg",
    "source_id": "Woolworths - 1074444728",
    "barcode": null,
    "shop": "Woolworths",
    "weight": "100ML",
    "prices": [
      {
        "state": "QLD",
        "price": "3900",
        "price_per_unit": "3900",
        "price_unit": "ML"
      },
      {
        "state": "WA",
        "price": "3900",
        "price_per_unit": "3900",
        "price_unit": "ML"
      },
      {
        "state": "SA",
        "price": "3900",
        "price_per_unit": "3900",
        "price_unit": "ML"
      },
      {
        "state": "TAS",
        "price": "3900",
        "price_per_unit": "3900",
        "price_unit": "ML"
      },
      {
        "state": "ACT",
        "price": "3900",
        "price_per_unit": "3900",
        "price_unit": "ML"
      },
      {
        "state": "NT",
        "price": "3900",
        "price_per_unit": "3900",
        "price_unit": "ML"
      }
    ]
  },
  {
    "source_url": "https://www.woolworths.com.au/shop/productdetails/1075209976/givenchy-skin-perfecto-radiance-perfecting-uv-fluid-spf-50-30ml-1oz",
    "name": "Givenchy Skin Perfecto Radiance Perfecting UV Fluid SPF 50 30ml/1oz",
    "image_url": "https://cdn1.woolworths.media/content/wowproductimages/large/1075209976.jpg",
    "source_id": "Woolworths - 1075209976",
    "barcode": null,
    "shop": "Woolworths",
    "weight": "100ML",
    "prices": [
      {
        "state": "QLD",
        "price": "8800",
        "price_per_unit": "29333",
        "price_unit": "ML"
      },
      {
        "state": "WA",
        "price": "8800",
        "price_per_unit": "29333",
        "price_unit": "ML"
      },
      {
        "state": "TAS",
        "price": "8800",
        "price_per_unit": "29333",
        "price_unit": "ML"
      },
      {
        "state": "NT",
        "price": "8800",
        "price_per_unit": "29333",
        "price_unit": "ML"
      }
    ]
  },
  {
    "source_url": "https://www.woolworths.com.au/shop/productdetails/1074652027/glamglow-pore-clearing-minimizing-set-supermud-clearing-treatment-15g-superwatergel-moisturizer-15ml-2pcs",
    "name": "Glamglow Pore-Clearing & Minimizing Set: Supermud Clearing Treatment 15g + Superwatergel Moisturizer 15ml 2pcs",
    "image_url": "https://cdn1.woolworths.media/content/wowproductimages/large/1074652027.jpg",
    "source_id": "Woolworths - 1074652027",
    "barcode": null,
    "shop": "Woolworths",
    "weight": "1EA",
    "prices": [
      {
        "state": "QLD",
        "price": "5300",
        "price_per_unit": "2650",
        "price_unit": "EA"
      },
      {
        "state": "WA",
        "price": "5300",
        "price_per_unit": "2650",
        "price_unit": "EA"
      },
      {
        "state": "TAS",
        "price": "5300",
        "price_per_unit": "2650",
        "price_unit": "EA"
      },
      {
        "state": "NT",
        "price": "5300",
        "price_per_unit": "2650",
        "price_unit": "EA"
      }
    ]
  },
  {
    "source_url": "https://www.woolworths.com.au/shop/productdetails/1075481445/gli-elementi-anti-aging-treatment-precious-revitalizing-day-cream-50ml",
    "name": "Gli Elementi Anti-Aging Treatment Precious Revitalizing Day Cream 50ml",
    "image_url": "https://cdn1.woolworths.media/content/wowproductimages/large/1075481445.jpg",
    "source_id": "Woolworths - 1075481445",
    "barcode": null,
    "shop": "Woolworths",
    "weight": "100ML",
    "prices": [
      {
        "state": "QLD",
        "price": "11995",
        "price_per_unit": "23990",
        "price_unit": "ML"
      },
      {
        "state": "WA",
        "price": "11995",
        "price_per_unit": "23990",
        "price_unit": "ML"
      },
      {
        "state": "TAS",
        "price": "11995",
        "price_per_unit": "23990",
        "price_unit": "ML"
      },
      {
        "state": "NT",
        "price": "11995",
        "price_per_unit": "23990",
        "price_unit": "ML"
      }
    ]
  },
  {
    "source_url": "https://www.woolworths.com.au/shop/productdetails/1075478184/gli-elementi-anti-aging-treatment-sublime-revitalizing-night-cream-30ml",
    "name": "Gli Elementi Anti-Aging Treatment Sublime Revitalizing Night Cream 30ml",
    "image_url": "https://cdn1.woolworths.media/content/wowproductimages/large/1075478184.jpg",
    "source_id": "Woolworths - 1075478184",
    "barcode": null,
    "shop": "Woolworths",
    "weight": "100ML",
    "prices": [
      {
        "state": "QLD",
        "price": "11995",
        "price_per_unit": "39983",
        "price_unit": "ML"
      },
      {
        "state": "WA",
        "price": "11995",
        "price_per_unit": "39983",
        "price_unit": "ML"
      },
      {
        "state": "TAS",
        "price": "11995",
        "price_per_unit": "39983",
        "price_unit": "ML"
      },
      {
        "state": "NT",
        "price": "11995",
        "price_per_unit": "39983",
        "price_unit": "ML"
      }
    ]
  },
  {
    "source_url": "https://www.woolworths.com.au/shop/productdetails/1075478472/gli-elementi-detox-treatment-booster-night-cream-50ml",
    "name": "Gli Elementi Detox Treatment Booster Night Cream 50ml",
    "image_url": "https://cdn1.woolworths.media/content/wowproductimages/large/1075478472.jpg",
    "source_id": "Woolworths - 1075478472",
    "barcode": null,
    "shop": "Woolworths",
    "weight": "100ML",
    "prices": [
      {
        "state": "QLD",
        "price": "6995",
        "price_per_unit": "13990",
        "price_unit": "ML"
      },
      {
        "state": "WA",
        "price": "6995",
        "price_per_unit": "13990",
        "price_unit": "ML"
      },
      {
        "state": "TAS",
        "price": "6995",
        "price_per_unit": "13990",
        "price_unit": "ML"
      },
      {
        "state": "NT",
        "price": "6995",
        "price_per_unit": "13990",
        "price_unit": "ML"
      }
    ]
  },
  {
    "source_url": "https://www.woolworths.com.au/shop/productdetails/1075480947/gli-elementi-detox-treatment-silky-day-cream-50ml",
    "name": "Gli Elementi Detox Treatment Silky Day Cream 50ml",
    "image_url": "https://cdn1.woolworths.media/content/wowproductimages/large/1075480947.jpg",
    "source_id": "Woolworths - 1075480947",
    "barcode": null,
    "shop": "Woolworths",
    "weight": "100ML",
    "prices": [
      {
        "state": "QLD",
        "price": "6995",
        "price_per_unit": "13990",
        "price_unit": "ML"
      },
      {
        "state": "WA",
        "price": "6995",
        "price_per_unit": "13990",
        "price_unit": "ML"
      },
      {
        "state": "TAS",
        "price": "6995",
        "price_per_unit": "13990",
        "price_unit": "ML"
      },
      {
        "state": "NT",
        "price": "6995",
        "price_per_unit": "13990",
        "price_unit": "ML"
      }
    ]
  },
  {
    "source_url": "https://www.woolworths.com.au/shop/productdetails/1075480351/glow-hub-calm-and-soothe-cool-whip-moisturiser-50g",
    "name": "Glow Hub Calm and Soothe Cool Whip Moisturiser 50g",
    "image_url": "https://cdn1.woolworths.media/content/wowproductimages/large/1075480351.jpg",
    "source_id": "Woolworths - 1075480351",
    "barcode": null,
    "shop": "Woolworths",
    "weight": "100G",
    "prices": [
      {
        "state": "QLD",
        "price": "3200",
        "price_per_unit": "6400",
        "price_unit": "G"
      }
    ]
  },
  {
    "source_url": "https://www.woolworths.com.au/shop/productdetails/1075481409/glow-hub-nourish-and-hydrate-gel-moisturiser-50g",
    "name": "Glow Hub Nourish and Hydrate Gel Moisturiser 50g",
    "image_url": "https://cdn1.woolworths.media/content/wowproductimages/large/1075481409.jpg",
    "source_id": "Woolworths - 1075481409",
    "barcode": null,
    "shop": "Woolworths",
    "weight": "100G",
    "prices": [
      {
        "state": "QLD",
        "price": "3200",
        "price_per_unit": "6400",
        "price_unit": "G"
      }
    ]
  },
  {
    "source_url": "https://www.woolworths.com.au/shop/productdetails/1075478011/glow-hub-purify-and-brighten-moisture-lotion-95ml",
    "name": "Glow Hub Purify and Brighten Moisture Lotion 95ml",
    "image_url": "https://cdn1.woolworths.media/content/wowproductimages/large/1075478011.jpg",
    "source_id": "Woolworths - 1075478011",
    "barcode": null,
    "shop": "Woolworths",
    "weight": "100ML",
    "prices": [
      {
        "state": "QLD",
        "price": "3200",
        "price_per_unit": "3368",
        "price_unit": "ML"
      }
    ]
  },
  {
    "source_url": "https://www.woolworths.com.au/shop/productdetails/662677/glow-lab-moisturiser",
    "name": "Glow Lab Moisturiser 100ml",
    "image_url": "https://cdn1.woolworths.media/content/wowproductimages/large/662677.jpg",
    "source_id": "Woolworths - 662677",
    "barcode": "9421027311909",
    "shop": "Woolworths",
    "weight": "100ML",
    "prices": [
      {
        "state": "QLD",
        "price": "960",
        "price_per_unit": "960",
        "price_unit": "ML"
      }
    ]
  }
]