[
  {
    "source_url": "https://www.woolworths.com.au/shop/productdetails/1074924073/addiction-the-blush-016-fascinated-3-9g-0-13oz",
    "name": "ADDICTION The Blush - # 016 (Fascinated) 3.9g/0.13oz",
    "image_url": "https://cdn1.woolworths.media/content/wowproductimages/large/1074924073.jpg",
    "source_id": "Woolworths - 1074924073",
    "barcode": null,
    "shop": "Woolworths",
    "weight": "10G",
    "prices": [
      {
        "state": "NSW",
        "price": "5900",
        "price_per_unit": "15128",
        "price_unit": "G"
      },
      {
        "state": "VIC",
        "price": "5900",
        "price_per_unit": "15128",
        "price_unit": "G"
      },
      {
        "state": "QLD",
        "price": "5900",
        "price_per_unit": "15128",
        "price_unit": "G"
      },
      {
        "state": "WA",
        "price": "5900",
        "price_per_unit": "15128",
        "price_unit": "G"
      },
      {
        "state": "SA",
        "price": "5900",
        "price_per_unit": "15128",
        "price_unit": "G"
      },
      {
        "state": "TAS",
        "price": "5900",
        "price_per_unit": "15128",
        "price_unit": "G"
      },
      {
        "state": "ACT",
        "price": "5900",
        "price_per_unit": "15128",
        "price_unit": "G"
      },
      {
        "state": "NT",
        "price": "5900",
        "price_per_unit": "15128",
        "price_unit": "G"
      }
    ]
  },
  {
    "source_url": "https://www.woolworths.com.au/shop/productdetails/1074924075/addiction-the-foundation-spf-12-012-sand-30ml-1-1oz",
    "name": "ADDICTION The Foundation SPF 12 - # 012 (Sand) 30ml/1.1oz",
    "image_url": "https://cdn1.woolworths.media/content/wowproductimages/large/1074924075.jpg",
    "source_id": "Woolworths - 1074924075",
    "barcode": null,
    "shop": "Woolworths",
    "weight": "10ML",
    "prices": [
      {
        "state": "NSW",
        "price": "8000",
        "price_per_unit": "2667",
        "price_unit": "ML"
      },
      {
        "state": "VIC",
        "price": "8000",
        "price_per_unit": "2667",
        "price_unit": "ML"
      },
      {
        "state": "QLD",
        "price": "8000",
        "price_per_unit": "2667",
        "price_unit": "ML"
      },
      {
        "state": "WA",
        "price": "8000",
        "price_per_unit": "2667",
        "price_unit": "ML"
      },
      {
        "state": "SA",
        "price": "8000",
        "price_per_unit": "2667",
        "price_unit": "ML"
      },
      {
        "state": "TAS",
        "price": "8000",
        "price_per_unit": "2667",
        "price_unit": "ML"
      },
      {
        "state": "ACT",
        "price": "8000",
        "price_per_unit": "2667",
        "price_unit": "ML"
      },
      {
        "state": "NT",
        "price": "8000",
        "price_per_unit": "2667",
        "price_unit": "ML"
      }
    ]
  },
  {
    "source_url": "https://www.woolworths.com.au/shop/productdetails/1074924076/addiction-the-foundation-spf-12-013-golden-sand-30ml-1-1oz",
    "name": "ADDICTION The Foundation SPF 12 - # 013 (Golden Sand) 30ml/1.1oz",
    "image_url": "https://cdn1.woolworths.media/content/wowproductimages/large/1074924076.jpg",
    "source_id": "Woolworths - 1074924076",
    "barcode": null,
    "shop": "Woolworths",
    "weight": "10ML",
    "prices": [
      {
        "state": "NSW",
        "price": "8000",
        "price_per_unit": "2667",
        "price_unit": "ML"
      },
      {
        "state": "VIC",
        "price": "8000",
        "price_per_unit": "2667",
        "price_unit": "ML"
      },
      {
        "state": "QLD",
        "price": "8000",
        "price_per_unit": "2667",
        "price_unit": "ML"
      },
      {
        "state": "WA",
        "price": "8000",
        "price_per_unit": "2667",
        "price_unit": "ML"
      },
      {
        "state": "SA",
        "price": "8000",
        "price_per_unit": "2667",
        "price_unit": "ML"
      },
      {
        "state": "TAS",
        "price": "8000",
        "price_per_unit": "2667",
        "price_unit": "ML"
      },
      {
        "state": "ACT",
        "price": "8000",
        "price_per_unit": "2667",
        "price_unit": "ML"
      },
      {
        "state": "NT",
        "price": "8000",
        "price_per_unit": "2667",
        "price_unit": "ML"
      }
    ]
  },
  {
    "source_url": "https://www.woolworths.com.au/shop/productdetails/1074924077/addiction-the-glow-foundation-spf-20-012-sand-30ml-1oz",
    "name": "ADDICTION The Glow Foundation SPF 20 - # 012 (Sand) 30ml/1oz",
    "image_url": "https://cdn1.woolworths.media/content/wowproductimages/large/1074924077.jpg",
    "source_id": "Woolworths - 1074924077",
    "barcode": null,
    "shop": "Woolworths",
    "weight": "10ML",
    "prices": [
      {
        "state": "NSW",
        "price": "8700",
        "price_per_unit": "2900",
        "price_unit": "ML"
      },
      {
        "state": "VIC",
        "price": "8700",
        "price_per_unit": "2900",
        "price_unit": "ML"
      },
      {
        "state": "QLD",
        "price": "8700",
        "price_per_unit": "2900",
        "price_unit": "ML"
      },
      {
        "state": "WA",
        "price": "8700",
        "price_per_unit": "2900",
        "price_unit": "ML"
      },
      {
        "state": "SA",
        "price": "8700",
        "price_per_unit": "2900",
        "price_unit": "ML"
      },
      {
        "state": "TAS",
        "price": "8700",
        "price_per_unit": "2900",
        "price_unit": "ML"
      },
      {
        "state": "ACT",
        "price": "8700",
        "price_per_unit": "2900",
        "price_unit": "ML"
      },
      {
        "state": "NT",
        "price": "8700",
        "price_per_unit": "2900",
        "price_unit": "ML"
      }
    ]
  },
  {
    "source_url": "https://www.woolworths.com.au/shop/productdetails/1075566381/algenist-genius-ultimate-anti-aging-vitamin-c-serum-skincare-30ml",
    "name": "Algenist Genius Ultimate Anti-Aging Vitamin C Serum Skincare + 30ml",
    "image_url": "https://cdn1.woolworths.media/content/wowproductimages/large/1075566381.jpg",
    "source_id": "Woolworths - 1075566381",
    "barcode": null,
    "shop": "Woolworths",
    "weight": "1EA",
    "prices": [
      {
        "state": "NSW",
        "price": "7650",
        "price_per_unit": "7650",
        "price_unit": "EA"
      },
      {
        "state": "VIC",
        "price": "7650",
        "price_per_unit": "7650",
        "price_unit": "EA"
      },
      {
        "state": "QLD",
        "price": "7650",
        "price_per_unit": "7650",
        "price_unit": "EA"
      },
      {
        "state": "WA",
        "price": "7650",
        "price_per_unit": "7650",
        "price_unit": "EA"
      },
      {
        "state": "SA",
        "price": "7650",
        "price_per_unit": "7650",
        "price_unit": "EA"
      },
      {
        "state": "TAS",
        "price": "7650",
        "price_per_unit": "7650",
        "price_unit": "EA"
      },
      {
        "state": "ACT",
        "price": "7650",
        "price_per_unit": "7650",
        "price_unit": "EA"
      },
      {
        "state": "NT",
        "price": "7650",
        "price_per_unit": "7650",
        "price_unit": "EA"
      }
    ]
  },
  {
    "source_url": "https://www.woolworths.com.au/shop/productdetails/1075566384/algenist-regenerative-anti-aging-moisturizer-cream-skincare-60ml",
    "name": "Algenist Regenerative Anti-Aging Moisturizer Cream Skincare 60ml",
    "image_url": "https://cdn1.woolworths.media/content/wowproductimages/large/1075566384.jpg",
    "source_id": "Woolworths - 1075566384",
    "barcode": null,
    "shop": "Woolworths",
    "weight": "1EA",
    "prices": [
      {
        "state": "NSW",
        "price": "6210",
        "price_per_unit": "6210",
        "price_unit": "EA"
      },
      {
        "state": "VIC",
        "price": "6210",
        "price_per_unit": "6210",
        "price_unit": "EA"
      },
      {
        "state": "QLD",
        "price": "6210",
        "price_per_unit": "6210",
        "price_unit": "EA"
      },
      {
        "state": "WA",
        "price": "6210",
        "price_per_unit": "6210",
        "price_unit": "EA"
      },
      {
        "state": "SA",
        "price": "6210",
        "price_per_unit": "6210",
        "price_unit": "EA"
      },
      {
        "state": "TAS",
        "price": "6210",
        "price_per_unit": "6210",
        "price_unit": "EA"
      },
      {
        "state": "ACT",
        "price": "6210",
        "price_per_unit": "6210",
        "price_unit": "EA"
      },
      {
        "state": "NT",
        "price": "6210",
        "price_per_unit": "6210",
        "price_unit": "EA"
      }
    ]
  },
  {
    "source_url": "https://www.woolworths.com.au/shop/productdetails/1074924142/amazing-cosmetics-illuminate-concealer-highlighter-fair-6-8g-0-24oz",
    "name": "Amazing Cosmetics Illuminate Concealer + Highlighter - # Fair 6.8g/0.24oz",
    "image_url": "https://cdn1.woolworths.media/content/wowproductimages/large/1074924142.jpg",
    "source_id": "Woolworths - 1074924142",
    "barcode": null,
    "shop": "Woolworths",
    "weight": "10G",
    "prices": [
      {
        "state": "NSW",
        "price": "5900",
        "price_per_unit": "8676",
        "price_unit": "G"
      },
      {
        "state": "VIC",
        "price": "5900",
        "price_per_unit": "8676",
        "price_unit": "G"
      },
      {
        "state": "QLD",
        "price": "5900",
        "price_per_unit": "8676",
        "price_unit": "G"
      },
      {
        "state": "WA",
        "price": "5900",
        "price_per_unit": "8676",
        "price_unit": "G"
      },
      {
        "state": "SA",
        "price": "5900",
        "price_per_unit": "8676",
        "price_unit": "G"
      },
      {
        "state": "TAS",
        "price": "5900",
        "price_per_unit": "8676",
        "price_unit": "G"
      },
      {
        "state": "ACT",
        "price": "5900",
        "price_per_unit": "8676",
        "price_unit": "G"
      },
      {
        "state": "NT",
        "price": "5900",
        "price_per_unit": "8676",
        "price_unit": "G"
      }
    ]
  },
  {
    "source_url": "https://www.woolworths.com.au/shop/productdetails/1074924148/anastasia-beverly-hills-blush-trio-peachy-love-9g-0-33oz",
    "name": "Anastasia Beverly Hills Blush Trio - # Peachy Love 9g/0.33oz",
    "image_url": "https://cdn1.woolworths.media/content/wowproductimages/large/1074924148.jpg",
    "source_id": "Woolworths - 1074924148",
    "barcode": null,
    "shop": "Woolworths",
    "weight": "10G",
    "prices": [
      {
        "state": "NSW",
        "price": "5100",
        "price_per_unit": "5667",
        "price_unit": "G"
      },
      {
        "state": "VIC",
        "price": "5100",
        "price_per_unit": "5667",
        "price_unit": "G"
      },
      {
        "state": "QLD",
        "price": "5100",
        "price_per_unit": "5667",
        "price_unit": "G"
      },
      {
        "state": "WA",
        "price": "5100",
        "price_per_unit": "5667",
        "price_unit": "G"
      },
      {
        "state": "SA",
        "price": "5100",
        "price_per_unit": "5667",
        "price_unit": "G"
      },
      {
        "state": "TAS",
        "price": "5100",
        "price_per_unit": "5667",
        "price_unit": "G"
      },
      {
        "state": "ACT",
        "price": "5100",
        "price_per_unit": "5667",
        "price_unit": "G"
      },
      {
        "state": "NT",
        "price": "5100",
        "price_per_unit": "5667",
        "price_unit": "G"
      }
    ]
  },
  {
    "source_url": "https://www.woolworths.com.au/shop/productdetails/1075762032/anastasia-beverly-hills-brow-powder-duo-ash-brown-2x0-8g-0-03oz",
    "name": "Anastasia Beverly Hills Brow Powder Duo - # Ash Brown 2x0.8g/0.03oz",
    "image_url": "https://cdn1.woolworths.media/content/wowproductimages/large/1075762032.jpg",
    "source_id": "Woolworths - 1075762032",
    "barcode": null,
    "shop": "Woolworths",
    "weight": "10G",
    "prices": [
      {
        "state": "NSW",
        "price": "5600",
        "price_per_unit": "70000",
        "price_unit": "G"
      },
      {
        "state": "VIC",
        "price": "5600",
        "price_per_unit": "70000",
        "price_unit": "G"
      },
      {
        "state": "QLD",
        "price": "5600",
        "price_per_unit": "70000",
        "price_unit": "G"
      },
      {
        "state": "WA",
        "price": "5600",
        "price_per_unit": "70000",
        "price_unit": "G"
      },
      {
        "state": "SA",
        "price": "5600",
        "price_per_unit": "70000",
        "price_unit": "G"
      },
      {
        "state": "TAS",
        "price": "5600",
        "price_per_unit": "70000",
        "price_unit": "G"
      },
      {
        "state": "ACT",
        "price": "5600",
        "price_per_unit": "70000",
        "price_unit": "G"
      },
      {
        "state": "NT",
        "price": "5600",
        "price_per_unit": "70000",
        "price_unit": "G"
      }
    ]
  },
  {
    "source_url": "https://www.woolworths.com.au/shop/productdetails/1075762034/anastasia-beverly-hills-loose-setting-powder-translucent-25g-0-9oz",
    "name": "Anastasia Beverly Hills Loose Setting Powder - # Translucent 25g/0.9oz",
    "image_url": "https://cdn1.woolworths.media/content/wowproductimages/large/1075762034.jpg",
    "source_id": "Woolworths - 1075762034",
    "barcode": null,
    "shop": "Woolworths",
    "weight": "10G",
    "prices": [
      {
        "state": "NSW",
        "price": "6500",
        "price_per_unit": "2600",
        "price_unit": "G"
      },
      {
        "state": "VIC",
        "price": "6500",
        "price_per_unit": "2600",
        "price_unit": "G"
      },
      {
        "state": "QLD",
        "price": "6500",
        "price_per_unit": "2600",
        "price_unit": "G"
      },
      {
        "state": "WA",
        "price": "6500",
        "price_per_unit": "2600",
        "price_unit": "G"
      },
      {
        "state": "SA",
        "price": "6500",
        "price_per_unit": "2600",
        "price_unit": "G"
      },
      {
        "state": "TAS",
        "price": "6500",
        "price_per_unit": "2600",
        "price_unit": "G"
      },
      {
        "state": "ACT",
        "price": "6500",
        "price_per_unit": "2600",
        "price_unit": "G"
      },
      {
        "state": "NT",
        "price": "6500",
        "price_per_unit": "2600",
        "price_unit": "G"
      }
    ]
  },
  {
    "source_url": "https://www.woolworths.com.au/shop/productdetails/1074393757/anastasia-beverly-hills-loose-setting-powder-translucent-25g",
    "name": "Anastasia Beverly Hills Loose Setting Powder Translucent 25g",
    "image_url": "https://cdn1.woolworths.media/content/wowproductimages/large/1074393757.jpg",
    "source_id": "Woolworths - 1074393757",
    "barcode": null,
    "shop": "Woolworths",
    "weight": "10G",
    "prices": [
      {
        "state": "NSW",
        "price": "6500",
        "price_per_unit": "2600",
        "price_unit": "G"
      },
      {
        "state": "VIC",
        "price": "6500",
        "price_per_unit": "2600",
        "price_unit": "G"
      },
      {
        "state": "QLD",
        "price": "6500",
        "price_per_unit": "2600",
        "price_unit": "G"
      },
      {
        "state": "WA",
        "price": "6500",
        "price_per_unit": "2600",
        "price_unit": "G"
      },
      {
        "state": "SA",
        "price": "6500",
        "price_per_unit": "2600",
        "price_unit": "G"
      },
      {
        "state": "TAS",
        "price": "6500",
        "price_per_unit": "2600",
        "price_unit": "G"
      },
      {
        "state": "ACT",
        "price": "6500",
        "price_per_unit": "2600",
        "price_unit": "G"
      },
      {
        "state": "NT",
        "price": "6500",
        "price_per_unit": "2600",
        "price_unit": "G"
      }
    ]
  },
  {
    "source_url": "https://www.woolworths.com.au/shop/productdetails/1074924200/anastasia-beverly-hills-luminous-foundation-100n-30ml-1oz",
    "name": "Anastasia Beverly Hills Luminous Foundation - # 100N 30ml/1oz",
    "image_url": "https://cdn1.woolworths.media/content/wowproductimages/large/1074924200.jpg",
    "source_id": "Woolworths - 1074924200",
    "barcode": null,
    "shop": "Woolworths",
    "weight": "10ML",
    "prices": [
      {
        "state": "NSW",
        "price": "6600",
        "price_per_unit": "2200",
        "price_unit": "ML"
      },
      {
        "state": "VIC",
        "price": "6600",
        "price_per_unit": "2200",
        "price_unit": "ML"
      },
      {
        "state": "QLD",
        "price": "6600",
        "price_per_unit": "2200",
        "price_unit": "ML"
      },
      {
        "state": "WA",
        "price": "6600",
        "price_per_unit": "2200",
        "price_unit": "ML"
      },
      {
        "state": "SA",
        "price": "6600",
        "price_per_unit": "2200",
        "price_unit": "ML"
      },
      {
        "state": "TAS",
        "price": "6600",
        "price_per_unit": "2200",
        "price_unit": "ML"
      },
      {
        "state": "ACT",
        "price": "6600",
        "price_per_unit": "2200",
        "price_unit": "ML"
      },
      {
        "state": "NT",
        "price": "6600",
        "price_per_unit": "2200",
        "price_unit": "ML"
      }
    ]
  },
  {
    "source_url": "https://www.woolworths.com.au/shop/productdetails/1074924201/anastasia-beverly-hills-luminous-foundation-120w-30ml-1oz",
    "name": "Anastasia Beverly Hills Luminous Foundation - # 120W 30ml/1oz",
    "image_url": "https://cdn1.woolworths.media/content/wowproductimages/large/1074924201.jpg",
    "source_id": "Woolworths - 1074924201",
    "barcode": null,
    "shop": "Woolworths",
    "weight": "10ML",
    "prices": [
      {
        "state": "NSW",
        "price": "6700",
        "price_per_unit": "2233",
        "price_unit": "ML"
      },
      {
        "state": "VIC",
        "price": "6700",
        "price_per_unit": "2233",
        "price_unit": "ML"
      },
      {
        "state": "QLD",
        "price": "6700",
        "price_per_unit": "2233",
        "price_unit": "ML"
      },
      {
        "state": "WA",
        "price": "6700",
        "price_per_unit": "2233",
        "price_unit": "ML"
      },
      {
        "state": "SA",
        "price": "6700",
        "price_per_unit": "2233",
        "price_unit": "ML"
      },
      {
        "state": "TAS",
        "price": "6700",
        "price_per_unit": "2233",
        "price_unit": "ML"
      },
      {
        "state": "ACT",
        "price": "6700",
        "price_per_unit": "2233",
        "price_unit": "ML"
      },
      {
        "state": "NT",
        "price": "6700",
        "price_per_unit": "2233",
        "price_unit": "ML"
      }
    ]
  },
  {
    "source_url": "https://www.woolworths.com.au/shop/productdetails/1074924205/anastasia-beverly-hills-luminous-foundation-230n-30ml-1oz",
    "name": "Anastasia Beverly Hills Luminous Foundation - # 230N 30ml/1oz",
    "image_url": "https://cdn1.woolworths.media/content/wowproductimages/large/1074924205.jpg",
    "source_id": "Woolworths - 1074924205",
    "barcode": null,
    "shop": "Woolworths",
    "weight": "10ML",
    "prices": [
      {
        "state": "NSW",
        "price": "7400",
        "price_per_unit": "2467",
        "price_unit": "ML"
      },
      {
        "state": "VIC",
        "price": "7400",
        "price_per_unit": "2467",
        "price_unit": "ML"
      },
      {
        "state": "QLD",
        "price": "7400",
        "price_per_unit": "2467",
        "price_unit": "ML"
      },
      {
        "state": "WA",
        "price": "7400",
        "price_per_unit": "2467",
        "price_unit": "ML"
      },
      {
        "state": "SA",
        "price": "7400",
        "price_per_unit": "2467",
        "price_unit": "ML"
      },
      {
        "state": "TAS",
        "price": "7400",
        "price_per_unit": "2467",
        "price_unit": "ML"
      },
      {
        "state": "ACT",
        "price": "7400",
        "price_per_unit": "2467",
        "price_unit": "ML"
      },
      {
        "state": "NT",
        "price": "7400",
        "price_per_unit": "2467",
        "price_unit": "ML"
      }
    ]
  },
  {
    "source_url": "https://www.woolworths.com.au/shop/productdetails/1074924206/anastasia-beverly-hills-luminous-foundation-240n-30ml-1oz",
    "name": "Anastasia Beverly Hills Luminous Foundation - # 240N 30ml/1oz",
    "image_url": "https://cdn1.woolworths.media/content/wowproductimages/large/1074924206.jpg",
    "source_id": "Woolworths - 1074924206",
    "barcode": null,
    "shop": "Woolworths",
    "weight": "10ML",
    "prices": [
      {
        "state": "NSW",
        "price": "8300",
        "price_per_unit": "2767",
        "price_unit": "ML"
      },
      {
        "state": "VIC",
        "price": "8300",
        "price_per_unit": "2767",
        "price_unit": "ML"
      },
      {
        "state": "QLD",
        "price": "8300",
        "price_per_unit": "2767",
        "price_unit": "ML"
      },
      {
        "state": "WA",
        "price": "8300",
        "price_per_unit": "2767",
        "price_unit": "ML"
      },
      {
        "state": "SA",
        "price": "8300",
        "price_per_unit": "2767",
        "price_unit": "ML"
      },
      {
        "state": "TAS",
        "price": "8300",
        "price_per_unit": "2767",
        "price_unit": "ML"
      },
      {
        "state": "ACT",
        "price": "8300",
        "price_per_unit": "2767",
        "price_unit": "ML"
      },
      {
        "state": "NT",
        "price": "8300",
        "price_per_unit": "2767",
        "price_unit": "ML"
      }
    ]
  },
  {
    "source_url": "https://www.woolworths.com.au/shop/productdetails/1074924207/anastasia-beverly-hills-luminous-foundation-250c-30ml-1oz",
    "name": "Anastasia Beverly Hills Luminous Foundation - # 250C 30ml/1oz",
    "image_url": "https://cdn1.woolworths.media/content/wowproductimages/large/1074924207.jpg",
    "source_id": "Woolworths - 1074924207",
    "barcode": null,
    "shop": "Woolworths",
    "weight": "10ML",
    "prices": [
      {
        "state": "NSW",
        "price": "7000",
        "price_per_unit": "2333",
        "price_unit": "ML"
      },
      {
        "state": "VIC",
        "price": "7000",
        "price_per_unit": "2333",
        "price_unit": "ML"
      },
      {
        "state": "QLD",
        "price": "7000",
        "price_per_unit": "2333",
        "price_unit": "ML"
      },
      {
        "state": "WA",
        "price": "7000",
        "price_per_unit": "2333",
        "price_unit": "ML"
      },
      {
        "state": "SA",
        "price": "7000",
        "price_per_unit": "2333",
        "price_unit": "ML"
      },
      {
        "state": "TAS",
        "price": "7000",
        "price_per_unit": "2333",
        "price_unit": "ML"
      },
      {
        "state": "ACT",
        "price": "7000",
        "price_per_unit": "2333",
        "price_unit": "ML"
      },
      {
        "state": "NT",
        "price": "7000",
        "price_per_unit": "2333",
        "price_unit": "ML"
      }
    ]
  },
  {
    "source_url": "https://www.woolworths.com.au/shop/productdetails/1074924208/anastasia-beverly-hills-luminous-foundation-270c-30ml-1oz",
    "name": "Anastasia Beverly Hills Luminous Foundation - # 270C 30ml/1oz",
    "image_url": "https://cdn1.woolworths.media/content/wowproductimages/large/1074924208.jpg",
    "source_id": "Woolworths - 1074924208",
    "barcode": null,
    "shop": "Woolworths",
    "weight": "10ML",
    "prices": [
      {
        "state": "NSW",
        "price": "6000",
        "price_per_unit": "2000",
        "price_unit": "ML"
      },
      {
        "state": "VIC",
        "price": "6000",
        "price_per_unit": "2000",
        "price_unit": "ML"
      },
      {
        "state": "QLD",
        "price": "6000",
        "price_per_unit": "2000",
        "price_unit": "ML"
      },
      {
        "state": "WA",
        "price": "6000",
        "price_per_unit": "2000",
        "price_unit": "ML"
      },
      {
        "state": "SA",
        "price": "6000",
        "price_per_unit": "2000",
        "price_unit": "ML"
      },
      {
        "state": "TAS",
        "price": "6000",
        "price_per_unit": "2000",
        "price_unit": "ML"
      },
      {
        "state": "ACT",
        "price": "6000",
        "price_per_unit": "2000",
        "price_unit": "ML"
      },
      {
        "state": "NT",
        "price": "6000",
        "price_per_unit": "2000",
        "price_unit": "ML"
      }
    ]
  },
  {
    "source_url": "https://www.woolworths.com.au/shop/productdetails/1074924209/anastasia-beverly-hills-luminous-foundation-300c-30ml-1oz",
    "name": "Anastasia Beverly Hills Luminous Foundation - # 300C 30ml/1oz",
    "image_url": "https://cdn1.woolworths.media/content/wowproductimages/large/1074924209.jpg",
    "source_id": "Woolworths - 1074924209",
    "barcode": null,
    "shop": "Woolworths",
    "weight": "10ML",
    "prices": [
      {
        "state": "NSW",
        "price": "6600",
        "price_per_unit": "2200",
        "price_unit": "ML"
      },
      {
        "state": "VIC",
        "price": "6600",
        "price_per_unit": "2200",
        "price_unit": "ML"
      },
      {
        "state": "QLD",
        "price": "6600",
        "price_per_unit": "2200",
        "price_unit": "ML"
      },
      {
        "state": "WA",
        "price": "6600",
        "price_per_unit": "2200",
        "price_unit": "ML"
      },
      {
        "state": "SA",
        "price": "6600",
        "price_per_unit": "2200",
        "price_unit": "ML"
      },
      {
        "state": "TAS",
        "price": "6600",
        "price_per_unit": "2200",
        "price_unit": "ML"
      },
      {
        "state": "ACT",
        "price": "6600",
        "price_per_unit": "2200",
        "price_unit": "ML"
      },
      {
        "state": "NT",
        "price": "6600",
        "price_per_unit": "2200",
        "price_unit": "ML"
      }
    ]
  },
  {
    "source_url": "https://www.woolworths.com.au/shop/productdetails/1074924210/anastasia-beverly-hills-luminous-foundation-305n-30ml-1oz",
    "name": "Anastasia Beverly Hills Luminous Foundation - # 305N 30ml/1oz",
    "image_url": "https://cdn1.woolworths.media/content/wowproductimages/large/1074924210.jpg",
    "source_id": "Woolworths - 1074924210",
    "barcode": null,
    "shop": "Woolworths",
    "weight": "10ML",
    "prices": [
      {
        "state": "NSW",
        "price": "6600",
        "price_per_unit": "2200",
        "price_unit": "ML"
      },
      {
        "state": "VIC",
        "price": "6600",
        "price_per_unit": "2200",
        "price_unit": "ML"
      },
      {
        "state": "QLD",
        "price": "6600",
        "price_per_unit": "2200",
        "price_unit": "ML"
      },
      {
        "state": "WA",
        "price": "6600",
        "price_per_unit": "2200",
        "price_unit": "ML"
      },
      {
        "state": "SA",
        "price": "6600",
        "price_per_unit": "2200",
        "price_unit": "ML"
      },
      {
        "state": "TAS",
        "price": "6600",
        "price_per_unit": "2200",
        "price_unit": "ML"
      },
      {
        "state": "ACT",
        "price": "6600",
        "price_per_unit": "2200",
        "price_unit": "ML"
      },
      {
        "state": "NT",
        "price": "6600",
        "price_per_unit": "2200",
        "price_unit": "ML"
      }
    ]
  },
  {
    "source_url": "https://www.woolworths.com.au/shop/productdetails/1074924211/anastasia-beverly-hills-luminous-foundation-310c-30ml-1oz",
    "name": "Anastasia Beverly Hills Luminous Foundation - # 310C 30ml/1oz",
    "image_url": "https://cdn1.woolworths.media/content/wowproductimages/large/1074924211.jpg",
    "source_id": "Woolworths - 1074924211",
    "barcode": null,
    "shop": "Woolworths",
    "weight": "10ML",
    "prices": [
      {
        "state": "NSW",
        "price": "8300",
        "price_per_unit": "2767",
        "price_unit": "ML"
      },
      {
        "state": "VIC",
        "price": "8300",
        "price_per_unit": "2767",
        "price_unit": "ML"
      },
      {
        "state": "QLD",
        "price": "8300",
        "price_per_unit": "2767",
        "price_unit": "ML"
      },
      {
        "state": "WA",
        "price": "8300",
        "price_per_unit": "2767",
        "price_unit": "ML"
      },
      {
        "state": "SA",
        "price": "8300",
        "price_per_unit": "2767",
        "price_unit": "ML"
      },
      {
        "state": "TAS",
        "price": "8300",
        "price_per_unit": "2767",
        "price_unit": "ML"
      },
      {
        "state": "ACT",
        "price": "8300",
        "price_per_unit": "2767",
        "price_unit": "ML"
      },
      {
        "state": "NT",
        "price": "8300",
        "price_per_unit": "2767",
        "price_unit": "ML"
      }
    ]
  },
  {
    "source_url": "https://www.woolworths.com.au/shop/productdetails/1074924213/anastasia-beverly-hills-luminous-foundation-320n-30ml-1oz",
    "name": "Anastasia Beverly Hills Luminous Foundation - # 320N 30ml/1oz",
    "image_url": "https://cdn1.woolworths.media/content/wowproductimages/large/1074924213.jpg",
    "source_id": "Woolworths - 1074924213",
    "barcode": null,
    "shop": "Woolworths",
    "weight": "10ML",
    "prices": [
      {
        "state": "NSW",
        "price": "8300",
        "price_per_unit": "2767",
        "price_unit": "ML"
      },
      {
        "state": "VIC",
        "price": "8300",
        "price_per_unit": "2767",
        "price_unit": "ML"
      },
      {
        "state": "QLD",
        "price": "8300",
        "price_per_unit": "2767",
        "price_unit": "ML"
      },
      {
        "state": "WA",
        "price": "8300",
        "price_per_unit": "2767",
        "price_unit": "ML"
      },
      {
        "state": "SA",
        "price": "8300",
        "price_per_unit": "2767",
        "price_unit": "ML"
      },
      {
        "state": "TAS",
        "price": "8300",
        "price_per_unit": "2767",
        "price_unit": "ML"
      },
      {
        "state": "ACT",
        "price": "8300",
        "price_per_unit": "2767",
        "price_unit": "ML"
      },
      {
        "state": "NT",
        "price": "8300",
        "price_per_unit": "2767",
        "price_unit": "ML"
      }
    ]
  },
  {
    "source_url": "https://www.woolworths.com.au/shop/productdetails/1074924214/anastasia-beverly-hills-luminous-foundation-330w-30ml-1oz",
    "name": "Anastasia Beverly Hills Luminous Foundation - # 330W 30ml/1oz",
    "image_url": "https://cdn1.woolworths.media/content/wowproductimages/large/1074924214.jpg",
    "source_id": "Woolworths - 1074924214",
    "barcode": null,
    "shop": "Woolworths",
    "weight": "10ML",
    "prices": [
      {
        "state": "NSW",
        "price": "6600",
        "price_per_unit": "2200",
        "price_unit": "ML"
      },
      {
        "state": "VIC",
        "price": "6600",
        "price_per_unit": "2200",
        "price_unit": "ML"
      },
      {
        "state": "QLD",
        "price": "6600",
        "price_per_unit": "2200",
        "price_unit": "ML"
      },
      {
        "state": "WA",
        "price": "6600",
        "price_per_unit": "2200",
        "price_unit": "ML"
      },
      {
        "state": "SA",
        "price": "6600",
        "price_per_unit": "2200",
        "price_unit": "ML"
      },
      {
        "state": "TAS",
        "price": "6600",
        "price_per_unit": "2200",
        "price_unit": "ML"
      },
      {
        "state": "ACT",
        "price": "6600",
        "price_per_unit": "2200",
        "price_unit": "ML"
      },
      {
        "state": "NT",
        "price": "6600",
        "price_per_unit": "2200",
        "price_unit": "ML"
      }
    ]
  },
  {
    "source_url": "https://www.woolworths.com.au/shop/productdetails/1074924215/anastasia-beverly-hills-luminous-foundation-335w-30ml-1oz",
    "name": "Anastasia Beverly Hills Luminous Foundation - # 335W 30ml/1oz",
    "image_url": "https://cdn1.woolworths.media/content/wowproductimages/large/1074924215.jpg",
    "source_id": "Woolworths - 1074924215",
    "barcode": null,
    "shop": "Woolworths",
    "weight": "10ML",
    "prices": [
      {
        "state": "NSW",
        "price": "8300",
        "price_per_unit": "2767",
        "price_unit": "ML"
      },
      {
        "state": "VIC",
        "price": "8300",
        "price_per_unit": "2767",
        "price_unit": "ML"
      },
      {
        "state": "QLD",
        "price": "8300",
        "price_per_unit": "2767",
        "price_unit": "ML"
      },
      {
        "state": "WA",
        "price": "8300",
        "price_per_unit": "2767",
        "price_unit": "ML"
      },
      {
        "state": "SA",
        "price": "8300",
        "price_per_unit": "2767",
        "price_unit": "ML"
      },
      {
        "state": "TAS",
        "price": "8300",
        "price_per_unit": "2767",
        "price_unit": "ML"
      },
      {
        "state": "ACT",
        "price": "8300",
        "price_per_unit": "2767",
        "price_unit": "ML"
      },
      {
        "state": "NT",
        "price": "8300",
        "price_per_unit": "2767",
        "price_unit": "ML"
      }
    ]
  },
  {
    "source_url": "https://www.woolworths.com.au/shop/productdetails/1074924216/anastasia-beverly-hills-luminous-foundation-340c-30ml-1oz",
    "name": "Anastasia Beverly Hills Luminous Foundation - # 340C 30ml/1oz",
    "image_url": "https://cdn1.woolworths.media/content/wowproductimages/large/1074924216.jpg",
    "source_id": "Woolworths - 1074924216",
    "barcode": null,
    "shop": "Woolworths",
    "weight": "10ML",
    "prices": [
      {
        "state": "NSW",
        "price": "5900",
        "price_per_unit": "1967",
        "price_unit": "ML"
      },
      {
        "state": "VIC",
        "price": "5900",
        "price_per_unit": "1967",
        "price_unit": "ML"
      },
      {
        "state": "QLD",
        "price": "5900",
        "price_per_unit": "1967",
        "price_unit": "ML"
      },
      {
        "state": "WA",
        "price": "5900",
        "price_per_unit": "1967",
        "price_unit": "ML"
      },
      {
        "state": "SA",
        "price": "5900",
        "price_per_unit": "1967",
        "price_unit": "ML"
      },
      {
        "state": "TAS",
        "price": "5900",
        "price_per_unit": "1967",
        "price_unit": "ML"
      },
      {
        "state": "ACT",
        "price": "5900",
        "price_per_unit": "1967",
        "price_unit": "ML"
      },
      {
        "state": "NT",
        "price": "5900",
        "price_per_unit": "1967",
        "price_unit": "ML"
      }
    ]
  },
  {
    "source_url": "https://www.woolworths.com.au/shop/productdetails/1074924218/anastasia-beverly-hills-magic-touch-concealer-shade-12-12ml-0-4oz",
    "name": "Anastasia Beverly Hills Magic Touch Concealer - # Shade 12 12ml/0.4oz",
    "image_url": "https://cdn1.woolworths.media/content/wowproductimages/large/1074924218.jpg",
    "source_id": "Woolworths - 1074924218",
    "barcode": null,
    "shop": "Woolworths",
    "weight": "10ML",
    "prices": [
      {
        "state": "NSW",
        "price": "5000",
        "price_per_unit": "4167",
        "price_unit": "ML"
      },
      {
        "state": "VIC",
        "price": "5000",
        "price_per_unit": "4167",
        "price_unit": "ML"
      },
      {
        "state": "QLD",
        "price": "5000",
        "price_per_unit": "4167",
        "price_unit": "ML"
      },
      {
        "state": "WA",
        "price": "5000",
        "price_per_unit": "4167",
        "price_unit": "ML"
      },
      {
        "state": "SA",
        "price": "5000",
        "price_per_unit": "4167",
        "price_unit": "ML"
      },
      {
        "state": "TAS",
        "price": "5000",
        "price_per_unit": "4167",
        "price_unit": "ML"
      },
      {
        "state": "ACT",
        "price": "5000",
        "price_per_unit": "4167",
        "price_unit": "ML"
      },
      {
        "state": "NT",
        "price": "5000",
        "price_per_unit": "4167",
        "price_unit": "ML"
      }
    ]
  },
  {
    "source_url": "https://www.woolworths.com.au/shop/productdetails/1074924219/anastasia-beverly-hills-magic-touch-concealer-shade-14-12ml-0-4oz",
    "name": "Anastasia Beverly Hills Magic Touch Concealer - # Shade 14 12ml/0.4oz",
    "image_url": "https://cdn1.woolworths.media/content/wowproductimages/large/1074924219.jpg",
    "source_id": "Woolworths - 1074924219",
    "barcode": null,
    "shop": "Woolworths",
    "weight": "10ML",
    "prices": [
      {
        "state": "NSW",
        "price": "5100",
        "price_per_unit": "4250",
        "price_unit": "ML"
      },
      {
        "state": "VIC",
        "price": "5100",
        "price_per_unit": "4250",
        "price_unit": "ML"
      },
      {
        "state": "QLD",
        "price": "5100",
        "price_per_unit": "4250",
        "price_unit": "ML"
      },
      {
        "state": "WA",
        "price": "5100",
        "price_per_unit": "4250",
        "price_unit": "ML"
      },
      {
        "state": "SA",
        "price": "5100",
        "price_per_unit": "4250",
        "price_unit": "ML"
      },
      {
        "state": "TAS",
        "price": "5100",
        "price_per_unit": "4250",
        "price_unit": "ML"
      },
      {
        "state": "ACT",
        "price": "5100",
        "price_per_unit": "4250",
        "price_unit": "ML"
      },
      {
        "state": "NT",
        "price": "5100",
        "price_per_unit": "4250",
        "price_unit": "ML"
      }
    ]
  },
  {
    "source_url": "https://www.woolworths.com.au/shop/productdetails/1074924220/anastasia-beverly-hills-magic-touch-concealer-shade-17-12ml-0-4oz",
    "name": "Anastasia Beverly Hills Magic Touch Concealer - # Shade 17 12ml/0.4oz",
    "image_url": "https://cdn1.woolworths.media/content/wowproductimages/large/1074924220.jpg",
    "source_id": "Woolworths - 1074924220",
    "barcode": null,
    "shop": "Woolworths",
    "weight": "10ML",
    "prices": [
      {
        "state": "NSW",
        "price": "5100",
        "price_per_unit": "4250",
        "price_unit": "ML"
      },
      {
        "state": "VIC",
        "price": "5100",
        "price_per_unit": "4250",
        "price_unit": "ML"
      },
      {
        "state": "QLD",
        "price": "5100",
        "price_per_unit": "4250",
        "price_unit": "ML"
      },
      {
        "state": "WA",
        "price": "5100",
        "price_per_unit": "4250",
        "price_unit": "ML"
      },
      {
        "state": "SA",
        "price": "5100",
        "price_per_unit": "4250",
        "price_unit": "ML"
      },
      {
        "state": "TAS",
        "price": "5100",
        "price_per_unit": "4250",
        "price_unit": "ML"
      },
      {
        "state": "ACT",
        "price": "5100",
        "price_per_unit": "4250",
        "price_unit": "ML"
      },
      {
        "state": "NT",
        "price": "5100",
        "price_per_unit": "4250",
        "price_unit": "ML"
      }
    ]
  },
  {
    "source_url": "https://www.woolworths.com.au/shop/productdetails/1074924221/anastasia-beverly-hills-magic-touch-concealer-shade-19-12ml-0-4oz",
    "name": "Anastasia Beverly Hills Magic Touch Concealer - # Shade 19 12ml/0.4oz",
    "image_url": "https://cdn1.woolworths.media/content/wowproductimages/large/1074924221.jpg",
    "source_id": "Woolworths - 1074924221",
    "barcode": null,
    "shop": "Woolworths",
    "weight": "10ML",
    "prices": [
      {
        "state": "NSW",
        "price": "5000",
        "price_per_unit": "4167",
        "price_unit": "ML"
      },
      {
        "state": "VIC",
        "price": "5000",
        "price_per_unit": "4167",
        "price_unit": "ML"
      },
      {
        "state": "QLD",
        "price": "5000",
        "price_per_unit": "4167",
        "price_unit": "ML"
      },
      {
        "state": "WA",
        "price": "5000",
        "price_per_unit": "4167",
        "price_unit": "ML"
      },
      {
        "state": "SA",
        "price": "5000",
        "price_per_unit": "4167",
        "price_unit": "ML"
      },
      {
        "state": "TAS",
        "price": "5000",
        "price_per_unit": "4167",
        "price_unit": "ML"
      },
      {
        "state": "ACT",
        "price": "5000",
        "price_per_unit": "4167",
        "price_unit": "ML"
      },
      {
        "state": "NT",
        "price": "5000",
        "price_per_unit": "4167",
        "price_unit": "ML"
      }
    ]
  },
  {
    "source_url": "https://www.woolworths.com.au/shop/productdetails/1074924222/anastasia-beverly-hills-magic-touch-concealer-shade-21-12ml-0-4oz",
    "name": "Anastasia Beverly Hills Magic Touch Concealer - # Shade 21 12ml/0.4oz",
    "image_url": "https://cdn1.woolworths.media/content/wowproductimages/large/1074924222.jpg",
    "source_id": "Woolworths - 1074924222",
    "barcode": null,
    "shop": "Woolworths",
    "weight": "10ML",
    "prices": [
      {
        "state": "NSW",
        "price": "5000",
        "price_per_unit": "4167",
        "price_unit": "ML"
      },
      {
        "state": "VIC",
        "price": "5000",
        "price_per_unit": "4167",
        "price_unit": "ML"
      },
      {
        "state": "QLD",
        "price": "5000",
        "price_per_unit": "4167",
        "price_unit": "ML"
      },
      {
        "state": "WA",
        "price": "5000",
        "price_per_unit": "4167",
        "price_unit": "ML"
      },
      {
        "state": "SA",
        "price": "5000",
        "price_per_unit": "4167",
        "price_unit": "ML"
      },
      {
        "state": "TAS",
        "price": "5000",
        "price_per_unit": "4167",
        "price_unit": "ML"
      },
      {
        "state": "ACT",
        "price": "5000",
        "price_per_unit": "4167",
        "price_unit": "ML"
      },
      {
        "state": "NT",
        "price": "5000",
        "price_per_unit": "4167",
        "price_unit": "ML"
      }
    ]
  },
  {
    "source_url": "https://www.woolworths.com.au/shop/productdetails/1074924223/anastasia-beverly-hills-magic-touch-concealer-shade-23-12ml-0-4oz",
    "name": "Anastasia Beverly Hills Magic Touch Concealer - # Shade 23 12ml/0.4oz",
    "image_url": "https://cdn1.woolworths.media/content/wowproductimages/large/1074924223.jpg",
    "source_id": "Woolworths - 1074924223",
    "barcode": null,
    "shop": "Woolworths",
    "weight": "10ML",
    "prices": [
      {
        "state": "NSW",
        "price": "5000",
        "price_per_unit": "4167",
        "price_unit": "ML"
      },
      {
        "state": "VIC",
        "price": "5000",
        "price_per_unit": "4167",
        "price_unit": "ML"
      },
      {
        "state": "QLD",
        "price": "5000",
        "price_per_unit": "4167",
        "price_unit": "ML"
      },
      {
        "state": "WA",
        "price": "5000",
        "price_per_unit": "4167",
        "price_unit": "ML"
      },
      {
        "state": "SA",
        "price": "5000",
        "price_per_unit": "4167",
        "price_unit": "ML"
      },
      {
        "state": "TAS",
        "price": "5000",
        "price_per_unit": "4167",
        "price_unit": "ML"
      },
      {
        "state": "ACT",
        "price": "5000",
        "price_per_unit": "4167",
        "price_unit": "ML"
      },
      {
        "state": "NT",
        "price": "5000",
        "price_per_unit": "4167",
        "price_unit": "ML"
      }
    ]
  },
  {
    "source_url": "https://www.woolworths.com.au/shop/productdetails/1074924228/anastasia-beverly-hills-magic-touch-concealer-shade-8-12ml-0-4oz",
    "name": "Anastasia Beverly Hills Magic Touch Concealer - # Shade 8 12ml/0.4oz",
    "image_url": "https://cdn1.woolworths.media/content/wowproductimages/large/1074924228.jpg",
    "source_id": "Woolworths - 1074924228",
    "barcode": null,
    "shop": "Woolworths",
    "weight": "10ML",
    "prices": [
      {
        "state": "NSW",
        "price": "5100",
        "price_per_unit": "4250",
        "price_unit": "ML"
      },
      {
        "state": "VIC",
        "price": "5100",
        "price_per_unit": "4250",
        "price_unit": "ML"
      },
      {
        "state": "QLD",
        "price": "5100",
        "price_per_unit": "4250",
        "price_unit": "ML"
      },
      {
        "state": "WA",
        "price": "5100",
        "price_per_unit": "4250",
        "price_unit": "ML"
      },
      {
        "state": "SA",
        "price": "5100",
        "price_per_unit": "4250",
        "price_unit": "ML"
      },
      {
        "state": "TAS",
        "price": "5100",
        "price_per_unit": "4250",
        "price_unit": "ML"
      },
      {
        "state": "ACT",
        "price": "5100",
        "price_per_unit": "4250",
        "price_unit": "ML"
      },
      {
        "state": "NT",
        "price": "5100",
        "price_per_unit": "4250",
        "price_unit": "ML"
      }
    ]
  },
  {
    "source_url": "https://www.woolworths.com.au/shop/productdetails/1074924229/anastasia-beverly-hills-magic-touch-concealer-shade-9-12ml-0-4oz",
    "name": "Anastasia Beverly Hills Magic Touch Concealer - # Shade 9 12ml/0.4oz",
    "image_url": "https://cdn1.woolworths.media/content/wowproductimages/large/1074924229.jpg",
    "source_id": "Woolworths - 1074924229",
    "barcode": null,
    "shop": "Woolworths",
    "weight": "10ML",
    "prices": [
      {
        "state": "NSW",
        "price": "5000",
        "price_per_unit": "4167",
        "price_unit": "ML"
      },
      {
        "state": "VIC",
        "price": "5000",
        "price_per_unit": "4167",
        "price_unit": "ML"
      },
      {
        "state": "QLD",
        "price": "5000",
        "price_per_unit": "4167",
        "price_unit": "ML"
      },
      {
        "state": "WA",
        "price": "5000",
        "price_per_unit": "4167",
        "price_unit": "ML"
      },
      {
        "state": "SA",
        "price": "5000",
        "price_per_unit": "4167",
        "price_unit": "ML"
      },
      {
        "state": "TAS",
        "price": "5000",
        "price_per_unit": "4167",
        "price_unit": "ML"
      },
      {
        "state": "ACT",
        "price": "5000",
        "price_per_unit": "4167",
        "price_unit": "ML"
      },
      {
        "state": "NT",
        "price": "5000",
        "price_per_unit": "4167",
        "price_unit": "ML"
      }
    ]
  },
  {
    "source_url": "https://www.woolworths.com.au/shop/productdetails/1074443001/anastasia-beverly-hills-sugar-glow-kit",
    "name": "Anastasia Beverly Hills Sugar Glow Kit",
    "image_url": "https://cdn1.woolworths.media/content/wowproductimages/large/1074443001.jpg",
    "source_id": "Woolworths - 1074443001",
    "barcode": null,
    "shop": "Woolworths",
    "weight": "1EA",
    "prices": [
      {
        "state": "NSW",
        "price": "7400",
        "price_per_unit": "1850",
        "price_unit": "EA"
      },
      {
        "state": "VIC",
        "price": "7400",
        "price_per_unit": "1850",
        "price_unit": "EA"
      },
      {
        "state": "QLD",
        "price": "7400",
        "price_per_unit": "1850",
        "price_unit": "EA"
      },
      {
        "state": "WA",
        "price": "7400",
        "price_per_unit": "1850",
        "price_unit": "EA"
      },
      {
        "state": "SA",
        "price": "7400",
        "price_per_unit": "1850",
        "price_unit": "EA"
      },
      {
        "state": "TAS",
        "price": "7400",
        "price_per_unit": "1850",
        "price_unit": "EA"
      },
      {
        "state": "ACT",
        "price": "7400",
        "price_per_unit": "1850",
        "price_unit": "EA"
      },
      {
        "state": "NT",
        "price": "7400",
        "price_per_unit": "1850",
        "price_unit": "EA"
      }
    ]
  },
  {
    "source_url": "https://www.woolworths.com.au/shop/productdetails/1074443002/anastasia-beverly-hills-sun-dipped-glow-kit",
    "name": "Anastasia Beverly Hills Sun Dipped Glow Kit",
    "image_url": "https://cdn1.woolworths.media/content/wowproductimages/large/1074443002.jpg",
    "source_id": "Woolworths - 1074443002",
    "barcode": null,
    "shop": "Woolworths",
    "weight": "1EA",
    "prices": [
      {
        "state": "NSW",
        "price": "7400",
        "price_per_unit": "1850",
        "price_unit": "EA"
      },
      {
        "state": "VIC",
        "price": "7400",
        "price_per_unit": "1850",
        "price_unit": "EA"
      },
      {
        "state": "QLD",
        "price": "7400",
        "price_per_unit": "1850",
        "price_unit": "EA"
      },
      {
        "state": "WA",
        "price": "7400",
        "price_per_unit": "1850",
        "price_unit": "EA"
      },
      {
        "state": "SA",
        "price": "7400",
        "price_per_unit": "1850",
        "price_unit": "EA"
      },
      {
        "state": "TAS",
        "price": "7400",
        "price_per_unit": "1850",
        "price_unit": "EA"
      },
      {
        "state": "ACT",
        "price": "7400",
        "price_per_unit": "1850",
        "price_unit": "EA"
      },
      {
        "state": "NT",
        "price": "7400",
        "price_per_unit": "1850",
        "price_unit": "EA"
      }
    ]
  },
  {
    "source_url": "https://www.woolworths.com.au/shop/productdetails/1074975421/annemarie-borlind-concealer-beige-3-2ml",
    "name": "Annemarie Borlind Concealer - # Beige 3.2ml",
    "image_url": "https://cdn1.woolworths.media/content/wowproductimages/large/1074975421.jpg",
    "source_id": "Woolworths - 1074975421",
    "barcode": null,
    "shop": "Woolworths",
    "weight": "10ML",
    "prices": [
      {
        "state": "NSW",
        "price": "4500",
        "price_per_unit": "14063",
        "price_unit": "ML"
      },
      {
        "state": "VIC",
        "price": "4500",
        "price_per_unit": "14063",
        "price_unit": "ML"
      },
      {
        "state": "QLD",
        "price": "4500",
        "price_per_unit": "14063",
        "price_unit": "ML"
      },
      {
        "state": "WA",
        "price": "4500",
        "price_per_unit": "14063",
        "price_unit": "ML"
      },
      {
        "state": "SA",
        "price": "4500",
        "price_per_unit": "14063",
        "price_unit": "ML"
      },
      {
        "state": "TAS",
        "price": "4500",
        "price_per_unit": "14063",
        "price_unit": "ML"
      },
      {
        "state": "ACT",
        "price": "4500",
        "price_per_unit": "14063",
        "price_unit": "ML"
      },
      {
        "state": "NT",
        "price": "4500",
        "price_per_unit": "14063",
        "price_unit": "ML"
      }
    ]
  },
  {
    "source_url": "https://www.woolworths.com.au/shop/productdetails/1075060433/annemarie-borlind-concealer-light-3-2g",
    "name": "Annemarie Borlind Concealer - # Light 3.2g",
    "image_url": "https://cdn1.woolworths.media/content/wowproductimages/large/1075060433.jpg",
    "source_id": "Woolworths - 1075060433",
    "barcode": null,
    "shop": "Woolworths",
    "weight": "10G",
    "prices": [
      {
        "state": "NSW",
        "price": "4200",
        "price_per_unit": "13125",
        "price_unit": "G"
      },
      {
        "state": "VIC",
        "price": "4200",
        "price_per_unit": "13125",
        "price_unit": "G"
      },
      {
        "state": "QLD",
        "price": "4200",
        "price_per_unit": "13125",
        "price_unit": "G"
      },
      {
        "state": "WA",
        "price": "4200",
        "price_per_unit": "13125",
        "price_unit": "G"
      },
      {
        "state": "SA",
        "price": "4200",
        "price_per_unit": "13125",
        "price_unit": "G"
      },
      {
        "state": "TAS",
        "price": "4200",
        "price_per_unit": "13125",
        "price_unit": "G"
      },
      {
        "state": "ACT",
        "price": "4200",
        "price_per_unit": "13125",
        "price_unit": "G"
      },
      {
        "state": "NT",
        "price": "4200",
        "price_per_unit": "13125",
        "price_unit": "G"
      }
    ]
  },
  {
    "source_url": "https://www.woolworths.com.au/shop/productdetails/1075774781/annemarie-borlind-powder-blush-coral-glow-5g-0-18oz",
    "name": "Annemarie Borlind Powder Blush - # Coral Glow 5g/0.18oz",
    "image_url": "https://cdn1.woolworths.media/content/wowproductimages/large/1075774781.jpg",
    "source_id": "Woolworths - 1075774781",
    "barcode": null,
    "shop": "Woolworths",
    "weight": "10G",
    "prices": [
      {
        "state": "NSW",
        "price": "4200",
        "price_per_unit": "8400",
        "price_unit": "G"
      },
      {
        "state": "VIC",
        "price": "4200",
        "price_per_unit": "8400",
        "price_unit": "G"
      },
      {
        "state": "QLD",
        "price": "4200",
        "price_per_unit": "8400",
        "price_unit": "G"
      },
      {
        "state": "WA",
        "price": "4200",
        "price_per_unit": "8400",
        "price_unit": "G"
      },
      {
        "state": "SA",
        "price": "4200",
        "price_per_unit": "8400",
        "price_unit": "G"
      },
      {
        "state": "TAS",
        "price": "4200",
        "price_per_unit": "8400",
        "price_unit": "G"
      },
      {
        "state": "ACT",
        "price": "4200",
        "price_per_unit": "8400",
        "price_unit": "G"
      },
      {
        "state": "NT",
        "price": "4200",
        "price_per_unit": "8400",
        "price_unit": "G"
      }
    ]
  },
  {
    "source_url": "https://www.woolworths.com.au/shop/productdetails/1075060436/annemarie-borlind-powder-blush-rose-flush-5g-0-18oz",
    "name": "Annemarie Borlind Powder Blush - # Rose Flush 5g/0.18oz",
    "image_url": "https://cdn1.woolworths.media/content/wowproductimages/large/1075060436.jpg",
    "source_id": "Woolworths - 1075060436",
    "barcode": null,
    "shop": "Woolworths",
    "weight": "10G",
    "prices": [
      {
        "state": "NSW",
        "price": "4200",
        "price_per_unit": "8400",
        "price_unit": "G"
      },
      {
        "state": "VIC",
        "price": "4200",
        "price_per_unit": "8400",
        "price_unit": "G"
      },
      {
        "state": "QLD",
        "price": "4200",
        "price_per_unit": "8400",
        "price_unit": "G"
      },
      {
        "state": "WA",
        "price": "4200",
        "price_per_unit": "8400",
        "price_unit": "G"
      },
      {
        "state": "SA",
        "price": "4200",
        "price_per_unit": "8400",
        "price_unit": "G"
      },
      {
        "state": "TAS",
        "price": "4200",
        "price_per_unit": "8400",
        "price_unit": "G"
      },
      {
        "state": "ACT",
        "price": "4200",
        "price_per_unit": "8400",
        "price_unit": "G"
      },
      {
        "state": "NT",
        "price": "4200",
        "price_per_unit": "8400",
        "price_unit": "G"
      }
    ]
  },
  {
    "source_url": "https://www.woolworths.com.au/shop/productdetails/1074131605/antipodes-performance-plus-mineral-foundation-with-spf-15-porcelain-11g",
    "name": "Antipodes Performance Plus Mineral Foundation with SPF 15 Porcelain 11g",
    "image_url": "https://cdn1.woolworths.media/content/wowproductimages/large/1074131605.jpg",
    "source_id": "Woolworths - 1074131605",
    "barcode": null,
    "shop": "Woolworths",
    "weight": "10G",
    "prices": [
      {
        "state": "NSW",
        "price": "7590",
        "price_per_unit": "6900",
        "price_unit": "G"
      },
      {
        "state": "VIC",
        "price": "7590",
        "price_per_unit": "6900",
        "price_unit": "G"
      },
      {
        "state": "QLD",
        "price": "7590",
        "price_per_unit": "6900",
        "price_unit": "G"
      },
      {
        "state": "WA",
        "price": "7590",
        "price_per_unit": "6900",
        "price_unit": "G"
      },
      {
        "state": "SA",
        "price": "7590",
        "price_per_unit": "6900",
        "price_unit": "G"
      },
      {
        "state": "TAS",
        "price": "7590",
        "price_per_unit": "6900",
        "price_unit": "G"
      },
      {
        "state": "ACT",
        "price": "7590",
        "price_per_unit": "6900",
        "price_unit": "G"
      },
      {
        "state": "NT",
        "price": "7590",
        "price_per_unit": "6900",
        "price_unit": "G"
      }
    ]
  },
  {
    "source_url": "https://www.woolworths.com.au/shop/productdetails/1073817351/australis-banana-powder",
    "name": "Australis Banana Powder",
    "image_url": "https://cdn1.woolworths.media/content/wowproductimages/large/1073817351.jpg",
    "source_id": "Woolworths - 1073817351",
    "barcode": null,
    "shop": "Woolworths",
    "weight": "10G",
    "prices": [
      {
        "state": "NSW",
        "price": "1695",
        "price_per_unit": "1130",
        "price_unit": "G"
      },
      {
        "state": "VIC",
        "price": "1695",
        "price_per_unit": "1130",
        "price_unit": "G"
      },
      {
        "state": "QLD",
        "price": "1017",
        "price_per_unit": "678",
        "price_unit": "G"
      },
      {
        "state": "WA",
        "price": "1017",
        "price_per_unit": "678",
        "price_unit": "G"
      },
      {
        "state": "SA",
        "price": "1017",
        "price_per_unit": "678",
        "price_unit": "G"
      },
      {
        "state": "TAS",
        "price": "1017",
        "price_per_unit": "678",
        "price_unit": "G"
      },
      {
        "state": "ACT",
        "price": "1017",
        "price_per_unit": "678",
        "price_unit": "G"
      },
      {
        "state": "NT",
        "price": "1017",
        "price_per_unit": "678",
        "price_unit": "G"
      }
    ]
  },
  {
    "source_url": "https://www.woolworths.com.au/shop/productdetails/1074587780/australis-banana-powder-loose",
    "name": "Australis Banana Powder Loose",
    "image_url": "https://cdn1.woolworths.media/content/wowproductimages/large/1074587780.jpg",
    "source_id": "Woolworths - 1074587780",
    "barcode": null,
    "shop": "Woolworths",
    "weight": "10G",
    "prices": [
      {
        "state": "NSW",
        "price": "1695",
        "price_per_unit": "1130",
        "price_unit": "G"
      },
      {
        "state": "VIC",
        "price": "1695",
        "price_per_unit": "1130",
        "price_unit": "G"
      },
      {
        "state": "QLD",
        "price": "1017",
        "price_per_unit": "678",
        "price_unit": "G"
      },
      {
        "state": "WA",
        "price": "1017",
        "price_per_unit": "678",
        "price_unit": "G"
      },
      {
        "state": "SA",
        "price": "1017",
        "price_per_unit": "678",
        "price_unit": "G"
      },
      {
        "state": "TAS",
        "price": "1017",
        "price_per_unit": "678",
        "price_unit": "G"
      },
      {
        "state": "ACT",
        "price": "1017",
        "price_per_unit": "678",
        "price_unit": "G"
      },
      {
        "state": "NT",
        "price": "1017",
        "price_per_unit": "678",
        "price_unit": "G"
      }
    ]
  },
  {
    "source_url": "https://www.woolworths.com.au/shop/productdetails/1074971817/australis-fresh-flawless-blemish-buster-primer-30ml",
    "name": "Australis Fresh & Flawless Blemish Buster Primer 30ml",
    "image_url": "https://cdn1.woolworths.media/content/wowproductimages/large/1074971817.jpg",
    "source_id": "Woolworths - 1074971817",
    "barcode": null,
    "shop": "Woolworths",
    "weight": "10ML",
    "prices": [
      {
        "state": "NSW",
        "price": "2000",
        "price_per_unit": "667",
        "price_unit": "ML"
      },
      {
        "state": "VIC",
        "price": "2000",
        "price_per_unit": "667",
        "price_unit": "ML"
      },
      {
        "state": "QLD",
        "price": "1200",
        "price_per_unit": "400",
        "price_unit": "ML"
      },
      {
        "state": "WA",
        "price": "1200",
        "price_per_unit": "400",
        "price_unit": "ML"
      },
      {
        "state": "SA",
        "price": "1200",
        "price_per_unit": "400",
        "price_unit": "ML"
      },
      {
        "state": "TAS",
        "price": "1200",
        "price_per_unit": "400",
        "price_unit": "ML"
      },
      {
        "state": "ACT",
        "price": "1200",
        "price_per_unit": "400",
        "price_unit": "ML"
      },
      {
        "state": "NT",
        "price": "1200",
        "price_per_unit": "400",
        "price_unit": "ML"
      }
    ]
  },
  {
    "source_url": "https://www.woolworths.com.au/shop/productdetails/1075322641/australis-fresh-flawless-full-coverage-foundation-30ml-spf-15-caramel-3pk",
    "name": "Australis Fresh & Flawless Full Coverage Foundation 30ml SPF 15 Caramel 3pk",
    "image_url": "https://cdn1.woolworths.media/content/wowproductimages/large/1075322641.jpg",
    "source_id": "Woolworths - 1075322641",
    "barcode": null,
    "shop": "Woolworths",
    "weight": "1EA",
    "prices": [
      {
        "state": "NSW",
        "price": "3099",
        "price_per_unit": "1033",
        "price_unit": "EA"
      },
      {
        "state": "VIC",
        "price": "3099",
        "price_per_unit": "1033",
        "price_unit": "EA"
      },
      {
        "state": "QLD",
        "price": "3099",
        "price_per_unit": "1033",
        "price_unit": "EA"
      },
      {
        "state": "WA",
        "price": "3099",
        "price_per_unit": "1033",
        "price_unit": "EA"
      },
      {
        "state": "SA",
        "price": "3099",
        "price_per_unit": "1033",
        "price_unit": "EA"
      },
      {
        "state": "TAS",
        "price": "3099",
        "price_per_unit": "1033",
        "price_unit": "EA"
      },
      {
        "state": "ACT",
        "price": "3099",
        "price_per_unit": "1033",
        "price_unit": "EA"
      },
      {
        "state": "NT",
        "price": "3099",
        "price_per_unit": "1033",
        "price_unit": "EA"
      }
    ]
  },
  {
    "source_url": "https://www.woolworths.com.au/shop/productdetails/1075322642/australis-fresh-flawless-full-coverage-foundation-30ml-spf-15-deep-tan-3pk",
    "name": "Australis Fresh & Flawless Full Coverage Foundation 30ml SPF 15 Deep Tan 3pk",
    "image_url": "https://cdn1.woolworths.media/content/wowproductimages/large/1075322642.jpg",
    "source_id": "Woolworths - 1075322642",
    "barcode": null,
    "shop": "Woolworths",
    "weight": "1EA",
    "prices": [
      {
        "state": "NSW",
        "price": "3099",
        "price_per_unit": "1033",
        "price_unit": "EA"
      },
      {
        "state": "VIC",
        "price": "3099",
        "price_per_unit": "1033",
        "price_unit": "EA"
      },
      {
        "state": "QLD",
        "price": "3099",
        "price_per_unit": "1033",
        "price_unit": "EA"
      },
      {
        "state": "WA",
        "price": "3099",
        "price_per_unit": "1033",
        "price_unit": "EA"
      },
      {
        "state": "SA",
        "price": "3099",
        "price_per_unit": "1033",
        "price_unit": "EA"
      },
      {
        "state": "TAS",
        "price": "3099",
        "price_per_unit": "1033",
        "price_unit": "EA"
      },
      {
        "state": "ACT",
        "price": "3099",
        "price_per_unit": "1033",
        "price_unit": "EA"
      },
      {
        "state": "NT",
        "price": "3099",
        "price_per_unit": "1033",
        "price_unit": "EA"
      }
    ]
  },
  {
    "source_url": "https://www.woolworths.com.au/shop/productdetails/1075322645/australis-fresh-flawless-full-coverage-foundation-30ml-spf-15-golden-tan-3pk",
    "name": "Australis Fresh & Flawless Full Coverage Foundation 30ml SPF 15 Golden Tan 3pk",
    "image_url": "https://cdn1.woolworths.media/content/wowproductimages/large/1075322645.jpg",
    "source_id": "Woolworths - 1075322645",
    "barcode": null,
    "shop": "Woolworths",
    "weight": "1EA",
    "prices": [
      {
        "state": "NSW",
        "price": "3099",
        "price_per_unit": "1033",
        "price_unit": "EA"
      },
      {
        "state": "VIC",
        "price": "3099",
        "price_per_unit": "1033",
        "price_unit": "EA"
      },
      {
        "state": "QLD",
        "price": "3099",
        "price_per_unit": "1033",
        "price_unit": "EA"
      },
      {
        "state": "WA",
        "price": "3099",
        "price_per_unit": "1033",
        "price_unit": "EA"
      },
      {
        "state": "SA",
        "price": "3099",
        "price_per_unit": "1033",
        "price_unit": "EA"
      },
      {
        "state": "TAS",
        "price": "3099",
        "price_per_unit": "1033",
        "price_unit": "EA"
      },
      {
        "state": "ACT",
        "price": "3099",
        "price_per_unit": "1033",
        "price_unit": "EA"
      },
      {
        "state": "NT",
        "price": "3099",
        "price_per_unit": "1033",
        "price_unit": "EA"
      }
    ]
  },
  {
    "source_url": "https://www.woolworths.com.au/shop/productdetails/1075322647/australis-fresh-flawless-full-coverage-foundation-30ml-spf-15-sunkissed-3pk",
    "name": "Australis Fresh & Flawless Full Coverage Foundation 30ml SPF 15 Sunkissed 3pk",
    "image_url": "https://cdn1.woolworths.media/content/wowproductimages/large/1075322647.jpg",
    "source_id": "Woolworths - 1075322647",
    "barcode": null,
    "shop": "Woolworths",
    "weight": "1EA",
    "prices": [
      {
        "state": "NSW",
        "price": "3099",
        "price_per_unit": "1033",
        "price_unit": "EA"
      },
      {
        "state": "VIC",
        "price": "3099",
        "price_per_unit": "1033",
        "price_unit": "EA"
      },
      {
        "state": "QLD",
        "price": "3099",
        "price_per_unit": "1033",
        "price_unit": "EA"
      },
      {
        "state": "WA",
        "price": "3099",
        "price_per_unit": "1033",
        "price_unit": "EA"
      },
      {
        "state": "SA",
        "price": "3099",
        "price_per_unit": "1033",
        "price_unit": "EA"
      },
      {
        "state": "TAS",
        "price": "3099",
        "price_per_unit": "1033",
        "price_unit": "EA"
      },
      {
        "state": "ACT",
        "price": "3099",
        "price_per_unit": "1033",
        "price_unit": "EA"
      },
      {
        "state": "NT",
        "price": "3099",
        "price_per_unit": "1033",
        "price_unit": "EA"
      }
    ]
  },
  {
    "source_url": "https://www.woolworths.com.au/shop/productdetails/1075322648/australis-fresh-flawless-full-coverage-foundation-30ml-spf-15-tawny-3pk",
    "name": "Australis Fresh & Flawless Full Coverage Foundation 30ml SPF 15 Tawny 3pk",
    "image_url": "https://cdn1.woolworths.media/content/wowproductimages/large/1075322648.jpg",
    "source_id": "Woolworths - 1075322648",
    "barcode": null,
    "shop": "Woolworths",
    "weight": "1EA",
    "prices": [
      {
        "state": "NSW",
        "price": "3099",
        "price_per_unit": "1033",
        "price_unit": "EA"
      },
      {
        "state": "VIC",
        "price": "3099",
        "price_per_unit": "1033",
        "price_unit": "EA"
      },
      {
        "state": "QLD",
        "price": "3099",
        "price_per_unit": "1033",
        "price_unit": "EA"
      },
      {
        "state": "WA",
        "price": "3099",
        "price_per_unit": "1033",
        "price_unit": "EA"
      },
      {
        "state": "SA",
        "price": "3099",
        "price_per_unit": "1033",
        "price_unit": "EA"
      },
      {
        "state": "TAS",
        "price": "3099",
        "price_per_unit": "1033",
        "price_unit": "EA"
      },
      {
        "state": "ACT",
        "price": "3099",
        "price_per_unit": "1033",
        "price_unit": "EA"
      },
      {
        "state": "NT",
        "price": "3099",
        "price_per_unit": "1033",
        "price_unit": "EA"
      }
    ]
  },
  {
    "source_url": "https://www.woolworths.com.au/shop/productdetails/1075322649/australis-fresh-flawless-full-coverage-foundation-30ml-spf-15-toffee-3pk",
    "name": "Australis Fresh & Flawless Full Coverage Foundation 30ml SPF 15 Toffee 3pk",
    "image_url": "https://cdn1.woolworths.media/content/wowproductimages/large/1075322649.jpg",
    "source_id": "Woolworths - 1075322649",
    "barcode": null,
    "shop": "Woolworths",
    "weight": "1EA",
    "prices": [
      {
        "state": "NSW",
        "price": "3099",
        "price_per_unit": "1033",
        "price_unit": "EA"
      },
      {
        "state": "VIC",
        "price": "3099",
        "price_per_unit": "1033",
        "price_unit": "EA"
      },
      {
        "state": "QLD",
        "price": "3099",
        "price_per_unit": "1033",
        "price_unit": "EA"
      },
      {
        "state": "WA",
        "price": "3099",
        "price_per_unit": "1033",
        "price_unit": "EA"
      },
      {
        "state": "SA",
        "price": "3099",
        "price_per_unit": "1033",
        "price_unit": "EA"
      },
      {
        "state": "TAS",
        "price": "3099",
        "price_per_unit": "1033",
        "price_unit": "EA"
      },
      {
        "state": "ACT",
        "price": "3099",
        "price_per_unit": "1033",
        "price_unit": "EA"
      },
      {
        "state": "NT",
        "price": "3099",
        "price_per_unit": "1033",
        "price_unit": "EA"
      }
    ]
  },
  {
    "source_url": "https://www.woolworths.com.au/shop/productdetails/1074750394/australis-fresh-flawless-matte-finishing-spritz",
    "name": "Australis Fresh & Flawless Matte Finishing Spritz",
    "image_url": "https://cdn1.woolworths.media/content/wowproductimages/large/1074750394.jpg",
    "source_id": "Woolworths - 1074750394",
    "barcode": null,
    "shop": "Woolworths",
    "weight": "10ML",
    "prices": [
      {
        "state": "NSW",
        "price": "2000",
        "price_per_unit": "182",
        "price_unit": "ML"
      },
      {
        "state": "VIC",
        "price": "2000",
        "price_per_unit": "182",
        "price_unit": "ML"
      },
      {
        "state": "QLD",
        "price": "1200",
        "price_per_unit": "109",
        "price_unit": "ML"
      },
      {
        "state": "WA",
        "price": "1200",
        "price_per_unit": "109",
        "price_unit": "ML"
      },
      {
        "state": "SA",
        "price": "1200",
        "price_per_unit": "109",
        "price_unit": "ML"
      },
      {
        "state": "TAS",
        "price": "1200",
        "price_per_unit": "109",
        "price_unit": "ML"
      },
      {
        "state": "ACT",
        "price": "1200",
        "price_per_unit": "109",
        "price_unit": "ML"
      },
      {
        "state": "NT",
        "price": "1200",
        "price_per_unit": "109",
        "price_unit": "ML"
      }
    ]
  },
  {
    "source_url": "https://www.woolworths.com.au/shop/productdetails/1074587806/australis-fresh-flawless-pressed-powder",
    "name": "Australis Fresh & Flawless Pressed Powder",
    "image_url": "https://cdn1.woolworths.media/content/wowproductimages/large/1074587806.jpg",
    "source_id": "Woolworths - 1074587806",
    "barcode": null,
    "shop": "Woolworths",
    "weight": "10G",
    "prices": [
      {
        "state": "NSW",
        "price": "1950",
        "price_per_unit": "1625",
        "price_unit": "G"
      },
      {
        "state": "VIC",
        "price": "1950",
        "price_per_unit": "1625",
        "price_unit": "G"
      },
      {
        "state": "QLD",
        "price": "1170",
        "price_per_unit": "975",
        "price_unit": "G"
      },
      {
        "state": "WA",
        "price": "1170",
        "price_per_unit": "975",
        "price_unit": "G"
      },
      {
        "state": "SA",
        "price": "1170",
        "price_per_unit": "975",
        "price_unit": "G"
      },
      {
        "state": "TAS",
        "price": "1170",
        "price_per_unit": "975",
        "price_unit": "G"
      },
      {
        "state": "ACT",
        "price": "1170",
        "price_per_unit": "975",
        "price_unit": "G"
      },
      {
        "state": "NT",
        "price": "1170",
        "price_per_unit": "975",
        "price_unit": "G"
      }
    ]
  },
  {
    "source_url": "https://www.woolworths.com.au/shop/productdetails/1074971818/australis-fresh-flawless-the-original-primer-30ml",
    "name": "Australis Fresh & Flawless The Original Primer 30ml",
    "image_url": "https://cdn1.woolworths.media/content/wowproductimages/large/1074971818.jpg",
    "source_id": "Woolworths - 1074971818",
    "barcode": null,
    "shop": "Woolworths",
    "weight": "10ML",
    "prices": [
      {
        "state": "NSW",
        "price": "2000",
        "price_per_unit": "667",
        "price_unit": "ML"
      },
      {
        "state": "VIC",
        "price": "2000",
        "price_per_unit": "667",
        "price_unit": "ML"
      },
      {
        "state": "QLD",
        "price": "1200",
        "price_per_unit": "400",
        "price_unit": "ML"
      },
      {
        "state": "WA",
        "price": "1200",
        "price_per_unit": "400",
        "price_unit": "ML"
      },
      {
        "state": "SA",
        "price": "1200",
        "price_per_unit": "400",
        "price_unit": "ML"
      },
      {
        "state": "TAS",
        "price": "1200",
        "price_per_unit": "400",
        "price_unit": "ML"
      },
      {
        "state": "ACT",
        "price": "1200",
        "price_per_unit": "400",
        "price_unit": "ML"
      },
      {
        "state": "NT",
        "price": "1200",
        "price_per_unit": "400",
        "price_unit": "ML"
      }
    ]
  },
  {
    "source_url": "https://www.woolworths.com.au/shop/productdetails/1074971594/australis-strawberries-dreams-scented-blush-peaches-cream",
    "name": "Australis Strawberries & Dreams Scented Blush - Peaches & Cream",
    "image_url": "https://cdn1.woolworths.media/content/wowproductimages/large/1074971594.jpg",
    "source_id": "Woolworths - 1074971594",
    "barcode": null,
    "shop": "Woolworths",
    "weight": "10G",
    "prices": [
      {
        "state": "NSW",
        "price": "1595",
        "price_per_unit": "1772",
        "price_unit": "G"
      },
      {
        "state": "VIC",
        "price": "1595",
        "price_per_unit": "1772",
        "price_unit": "G"
      },
      {
        "state": "QLD",
        "price": "957",
        "price_per_unit": "1063",
        "price_unit": "G"
      },
      {
        "state": "WA",
        "price": "957",
        "price_per_unit": "1063",
        "price_unit": "G"
      },
      {
        "state": "SA",
        "price": "957",
        "price_per_unit": "1063",
        "price_unit": "G"
      },
      {
        "state": "TAS",
        "price": "957",
        "price_per_unit": "1063",
        "price_unit": "G"
      },
      {
        "state": "ACT",
        "price": "957",
        "price_per_unit": "1063",
        "price_unit": "G"
      },
      {
        "state": "NT",
        "price": "957",
        "price_per_unit": "1063",
        "price_unit": "G"
      }
    ]
  },
  {
    "source_url": "https://www.woolworths.com.au/shop/productdetails/1074452270/banila-co-prime-primer-classic-30ml-new-version-",
    "name": "Banila Co Prime Primer Classic 30ml (New Version)",
    "image_url": "https://cdn1.woolworths.media/content/wowproductimages/large/1074452270.jpg",
    "source_id": "Woolworths - 1074452270",
    "barcode": null,
    "shop": "Woolworths",
    "weight": "10ML",
    "prices": [
      {
        "state": "NSW",
        "price": "4300",
        "price_per_unit": "1433",
        "price_unit": "ML"
      },
      {
        "state": "VIC",
        "price": "4300",
        "price_per_unit": "1433",
        "price_unit": "ML"
      },
      {
        "state": "QLD",
        "price": "4300",
        "price_per_unit": "1433",
        "price_unit": "ML"
      },
      {
        "state": "WA",
        "price": "4300",
        "price_per_unit": "1433",
        "price_unit": "ML"
      },
      {
        "state": "SA",
        "price": "4300",
        "price_per_unit": "1433",
        "price_unit": "ML"
      },
      {
        "state": "TAS",
        "price": "4300",
        "price_per_unit": "1433",
        "price_unit": "ML"
      },
      {
        "state": "ACT",
        "price": "4300",
        "price_per_unit": "1433",
        "price_unit": "ML"
      },
      {
        "state": "NT",
        "price": "4300",
        "price_per_unit": "1433",
        "price_unit": "ML"
      }
    ]
  },
  {
    "source_url": "https://www.woolworths.com.au/shop/productdetails/1074452275/banila-co-prime-primer-finish-pact-6-5g",
    "name": "Banila Co Prime Primer Finish Pact 6.5g",
    "image_url": "https://cdn1.woolworths.media/content/wowproductimages/large/1074452275.jpg",
    "source_id": "Woolworths - 1074452275",
    "barcode": null,
    "shop": "Woolworths",
    "weight": "10G",
    "prices": [
      {
        "state": "NSW",
        "price": "4600",
        "price_per_unit": "7077",
        "price_unit": "G"
      },
      {
        "state": "VIC",
        "price": "4600",
        "price_per_unit": "7077",
        "price_unit": "G"
      },
      {
        "state": "QLD",
        "price": "4600",
        "price_per_unit": "7077",
        "price_unit": "G"
      },
      {
        "state": "WA",
        "price": "4600",
        "price_per_unit": "7077",
        "price_unit": "G"
      },
      {
        "state": "SA",
        "price": "4600",
        "price_per_unit": "7077",
        "price_unit": "G"
      },
      {
        "state": "TAS",
        "price": "4600",
        "price_per_unit": "7077",
        "price_unit": "G"
      },
      {
        "state": "ACT",
        "price": "4600",
        "price_per_unit": "7077",
        "price_unit": "G"
      },
      {
        "state": "NT",
        "price": "4600",
        "price_per_unit": "7077",
        "price_unit": "G"
      }
    ]
  },
  {
    "source_url": "https://www.woolworths.com.au/shop/productdetails/1074452273/banila-co-prime-primer-finish-powder-12g-new-version-",
    "name": "Banila Co Prime Primer Finish Powder 12g (New Version)",
    "image_url": "https://cdn1.woolworths.media/content/wowproductimages/large/1074452273.jpg",
    "source_id": "Woolworths - 1074452273",
    "barcode": null,
    "shop": "Woolworths",
    "weight": "10G",
    "prices": [
      {
        "state": "NSW",
        "price": "4300",
        "price_per_unit": "3583",
        "price_unit": "G"
      },
      {
        "state": "VIC",
        "price": "4300",
        "price_per_unit": "3583",
        "price_unit": "G"
      },
      {
        "state": "QLD",
        "price": "4300",
        "price_per_unit": "3583",
        "price_unit": "G"
      },
      {
        "state": "WA",
        "price": "4300",
        "price_per_unit": "3583",
        "price_unit": "G"
      },
      {
        "state": "SA",
        "price": "4300",
        "price_per_unit": "3583",
        "price_unit": "G"
      },
      {
        "state": "TAS",
        "price": "4300",
        "price_per_unit": "3583",
        "price_unit": "G"
      },
      {
        "state": "ACT",
        "price": "4300",
        "price_per_unit": "3583",
        "price_unit": "G"
      },
      {
        "state": "NT",
        "price": "4300",
        "price_per_unit": "3583",
        "price_unit": "G"
      }
    ]
  },
  {
    "source_url": "https://www.woolworths.com.au/shop/productdetails/1074452274/banila-co-prime-primer-finish-powder-mini-5g-new-version-",
    "name": "Banila Co Prime Primer Finish Powder Mini 5g (New Version)",
    "image_url": "https://cdn1.woolworths.media/content/wowproductimages/large/1074452274.jpg",
    "source_id": "Woolworths - 1074452274",
    "barcode": null,
    "shop": "Woolworths",
    "weight": "10G",
    "prices": [
      {
        "state": "NSW",
        "price": "3000",
        "price_per_unit": "6000",
        "price_unit": "G"
      },
      {
        "state": "VIC",
        "price": "3000",
        "price_per_unit": "6000",
        "price_unit": "G"
      },
      {
        "state": "QLD",
        "price": "3000",
        "price_per_unit": "6000",
        "price_unit": "G"
      },
      {
        "state": "WA",
        "price": "3000",
        "price_per_unit": "6000",
        "price_unit": "G"
      },
      {
        "state": "SA",
        "price": "3000",
        "price_per_unit": "6000",
        "price_unit": "G"
      },
      {
        "state": "TAS",
        "price": "3000",
        "price_per_unit": "6000",
        "price_unit": "G"
      },
      {
        "state": "ACT",
        "price": "3000",
        "price_per_unit": "6000",
        "price_unit": "G"
      },
      {
        "state": "NT",
        "price": "3000",
        "price_per_unit": "6000",
        "price_unit": "G"
      }
    ]
  },
  {
    "source_url": "https://www.woolworths.com.au/shop/productdetails/1074452272/banila-co-prime-primer-tone-up-30ml-new-version-",
    "name": "Banila Co Prime Primer Tone-up 30ml (New Version)",
    "image_url": "https://cdn1.woolworths.media/content/wowproductimages/large/1074452272.jpg",
    "source_id": "Woolworths - 1074452272",
    "barcode": null,
    "shop": "Woolworths",
    "weight": "10ML",
    "prices": [
      {
        "state": "NSW",
        "price": "3655",
        "price_per_unit": "1218",
        "price_unit": "ML"
      },
      {
        "state": "VIC",
        "price": "3655",
        "price_per_unit": "1218",
        "price_unit": "ML"
      },
      {
        "state": "QLD",
        "price": "3655",
        "price_per_unit": "1218",
        "price_unit": "ML"
      },
      {
        "state": "WA",
        "price": "3655",
        "price_per_unit": "1218",
        "price_unit": "ML"
      },
      {
        "state": "SA",
        "price": "3655",
        "price_per_unit": "1218",
        "price_unit": "ML"
      },
      {
        "state": "TAS",
        "price": "3655",
        "price_per_unit": "1218",
        "price_unit": "ML"
      },
      {
        "state": "ACT",
        "price": "3655",
        "price_per_unit": "1218",
        "price_unit": "ML"
      },
      {
        "state": "NT",
        "price": "3655",
        "price_per_unit": "1218",
        "price_unit": "ML"
      }
    ]
  },
  {
    "source_url": "https://www.woolworths.com.au/shop/productdetails/1075586227/bareminerals-bareminerals-matte-foundation-broad-spectrum-spf15-fair-6g-0-21oz",
    "name": "BareMinerals BareMinerals Matte Foundation Broad Spectrum SPF15 - Fair 6g/0.21oz",
    "image_url": "https://cdn1.woolworths.media/content/wowproductimages/large/1075586227.jpg",
    "source_id": "Woolworths - 1075586227",
    "barcode": null,
    "shop": "Woolworths",
    "weight": "10G",
    "prices": [
      {
        "state": "NSW",
        "price": "6900",
        "price_per_unit": "11500",
        "price_unit": "G"
      },
      {
        "state": "VIC",
        "price": "6900",
        "price_per_unit": "11500",
        "price_unit": "G"
      },
      {
        "state": "QLD",
        "price": "6900",
        "price_per_unit": "11500",
        "price_unit": "G"
      },
      {
        "state": "WA",
        "price": "6900",
        "price_per_unit": "11500",
        "price_unit": "G"
      },
      {
        "state": "SA",
        "price": "6900",
        "price_per_unit": "11500",
        "price_unit": "G"
      },
      {
        "state": "TAS",
        "price": "6900",
        "price_per_unit": "11500",
        "price_unit": "G"
      },
      {
        "state": "ACT",
        "price": "6900",
        "price_per_unit": "11500",
        "price_unit": "G"
      },
      {
        "state": "NT",
        "price": "6900",
        "price_per_unit": "11500",
        "price_unit": "G"
      }
    ]
  },
  {
    "source_url": "https://www.woolworths.com.au/shop/productdetails/1075586228/bareminerals-bareminerals-matte-foundation-broad-spectrum-spf15-fairly-light-6g-0-21oz",
    "name": "BareMinerals BareMinerals Matte Foundation Broad Spectrum SPF15 - Fairly Light 6g/0.21oz",
    "image_url": "https://cdn1.woolworths.media/content/wowproductimages/large/1075586228.jpg",
    "source_id": "Woolworths - 1075586228",
    "barcode": null,
    "shop": "Woolworths",
    "weight": "10G",
    "prices": [
      {
        "state": "NSW",
        "price": "6900",
        "price_per_unit": "11500",
        "price_unit": "G"
      },
      {
        "state": "VIC",
        "price": "6900",
        "price_per_unit": "11500",
        "price_unit": "G"
      },
      {
        "state": "QLD",
        "price": "6900",
        "price_per_unit": "11500",
        "price_unit": "G"
      },
      {
        "state": "WA",
        "price": "6900",
        "price_per_unit": "11500",
        "price_unit": "G"
      },
      {
        "state": "SA",
        "price": "6900",
        "price_per_unit": "11500",
        "price_unit": "G"
      },
      {
        "state": "TAS",
        "price": "6900",
        "price_per_unit": "11500",
        "price_unit": "G"
      },
      {
        "state": "ACT",
        "price": "6900",
        "price_per_unit": "11500",
        "price_unit": "G"
      },
      {
        "state": "NT",
        "price": "6900",
        "price_per_unit": "11500",
        "price_unit": "G"
      }
    ]
  },
  {
    "source_url": "https://www.woolworths.com.au/shop/productdetails/1075996748/bareminerals-bareminerals-matte-foundation-broad-spectrum-spf15-fairly-medium-6g-0-21oz",
    "name": "BareMinerals BareMinerals Matte Foundation Broad Spectrum SPF15 - Fairly Medium 6g/0.21oz",
    "image_url": "https://cdn1.woolworths.media/content/wowproductimages/large/default.png",
    "source_id": "Woolworths - 1075996748",
    "barcode": null,
    "shop": "Woolworths",
    "weight": "10G",
    "prices": [
      {
        "state": "NSW",
        "price": "6900",
        "price_per_unit": "11500",
        "price_unit": "G"
      },
      {
        "state": "VIC",
        "price": "6900",
        "price_per_unit": "11500",
        "price_unit": "G"
      }
    ]
  },
  {
    "source_url": "https://www.woolworths.com.au/shop/productdetails/1075586230/bareminerals-bareminerals-matte-foundation-broad-spectrum-spf15-golden-beige-6g-0-21oz",
    "name": "BareMinerals BareMinerals Matte Foundation Broad Spectrum SPF15 - Golden Beige 6g/0.21oz",
    "image_url": "https://cdn1.woolworths.media/content/wowproductimages/large/1075586230.jpg",
    "source_id": "Woolworths - 1075586230",
    "barcode": null,
    "shop": "Woolworths",
    "weight": "10G",
    "prices": [
      {
        "state": "NSW",
        "price": "6900",
        "price_per_unit": "11500",
        "price_unit": "G"
      },
      {
        "state": "VIC",
        "price": "6900",
        "price_per_unit": "11500",
        "price_unit": "G"
      },
      {
        "state": "QLD",
        "price": "6900",
        "price_per_unit": "11500",
        "price_unit": "G"
      },
      {
        "state": "WA",
        "price": "6900",
        "price_per_unit": "11500",
        "price_unit": "G"
      },
      {
        "state": "SA",
        "price": "6900",
        "price_per_unit": "11500",
        "price_unit": "G"
      },
      {
        "state": "TAS",
        "price": "6900",
        "price_per_unit": "11500",
        "price_unit": "G"
      },
      {
        "state": "ACT",
        "price": "6900",
        "price_per_unit": "11500",
        "price_unit": "G"
      },
      {
        "state": "NT",
        "price": "6900",
        "price_per_unit": "11500",
        "price_unit": "G"
      }
    ]
  },
  {
    "source_url": "https://www.woolworths.com.au/shop/productdetails/1075993452/bareminerals-bareminerals-matte-foundation-broad-spectrum-spf15-light-6g-0-21oz",
    "name": "BareMinerals BareMinerals Matte Foundation Broad Spectrum SPF15 - Light 6g/0.21oz",
    "image_url": "https://cdn1.woolworths.media/content/wowproductimages/large/default.png",
    "source_id": "Woolworths - 1075993452",
    "barcode": null,
    "shop": "Woolworths",
    "weight": "10G",
    "prices": [
      {
        "state": "NSW",
        "price": "6900",
        "price_per_unit": "11500",
        "price_unit": "G"
      },
      {
        "state": "VIC",
        "price": "6900",
        "price_per_unit": "11500",
        "price_unit": "G"
      },
      {
        "state": "QLD",
        "price": "6900",
        "price_per_unit": "11500",
        "price_unit": "G"
      },
      {
        "state": "WA",
        "price": "6900",
        "price_per_unit": "11500",
        "price_unit": "G"
      },
      {
        "state": "SA",
        "price": "6900",
        "price_per_unit": "11500",
        "price_unit": "G"
      },
      {
        "state": "TAS",
        "price": "6900",
        "price_per_unit": "11500",
        "price_unit": "G"
      },
      {
        "state": "ACT",
        "price": "6900",
        "price_per_unit": "11500",
        "price_unit": "G"
      },
      {
        "state": "NT",
        "price": "6900",
        "price_per_unit": "11500",
        "price_unit": "G"
      }
    ]
  },
  {
    "source_url": "https://www.woolworths.com.au/shop/productdetails/1075993453/bareminerals-bareminerals-matte-foundation-broad-spectrum-spf15-light-beige-6g-0-21oz",
    "name": "BareMinerals BareMinerals Matte Foundation Broad Spectrum SPF15 - Light Beige 6g/0.21oz",
    "image_url": "https://cdn1.woolworths.media/content/wowproductimages/large/default.png",
    "source_id": "Woolworths - 1075993453",
    "barcode": null,
    "shop": "Woolworths",
    "weight": "10G",
    "prices": [
      {
        "state": "NSW",
        "price": "6900",
        "price_per_unit": "11500",
        "price_unit": "G"
      },
      {
        "state": "VIC",
        "price": "6900",
        "price_per_unit": "11500",
        "price_unit": "G"
      },
      {
        "state": "QLD",
        "price": "6900",
        "price_per_unit": "11500",
        "price_unit": "G"
      },
      {
        "state": "WA",
        "price": "6900",
        "price_per_unit": "11500",
        "price_unit": "G"
      },
      {
        "state": "SA",
        "price": "6900",
        "price_per_unit": "11500",
        "price_unit": "G"
      },
      {
        "state": "TAS",
        "price": "6900",
        "price_per_unit": "11500",
        "price_unit": "G"
      },
      {
        "state": "ACT",
        "price": "6900",
        "price_per_unit": "11500",
        "price_unit": "G"
      },
      {
        "state": "NT",
        "price": "6900",
        "price_per_unit": "11500",
        "price_unit": "G"
      }
    ]
  },
  {
    "source_url": "https://www.woolworths.com.au/shop/productdetails/1075586232/bareminerals-bareminerals-matte-foundation-broad-spectrum-spf15-medium-beige-6g-0-21oz",
    "name": "BareMinerals BareMinerals Matte Foundation Broad Spectrum SPF15 - Medium Beige 6g/0.21oz",
    "image_url": "https://cdn1.woolworths.media/content/wowproductimages/large/1075586232.jpg",
    "source_id": "Woolworths - 1075586232",
    "barcode": null,
    "shop": "Woolworths",
    "weight": "10G",
    "prices": [
      {
        "state": "NSW",
        "price": "6900",
        "price_per_unit": "11500",
        "price_unit": "G"
      },
      {
        "state": "VIC",
        "price": "6900",
        "price_per_unit": "11500",
        "price_unit": "G"
      },
      {
        "state": "QLD",
        "price": "6900",
        "price_per_unit": "11500",
        "price_unit": "G"
      },
      {
        "state": "WA",
        "price": "6900",
        "price_per_unit": "11500",
        "price_unit": "G"
      },
      {
        "state": "SA",
        "price": "6900",
        "price_per_unit": "11500",
        "price_unit": "G"
      },
      {
        "state": "TAS",
        "price": "6900",
        "price_per_unit": "11500",
        "price_unit": "G"
      },
      {
        "state": "ACT",
        "price": "6900",
        "price_per_unit": "11500",
        "price_unit": "G"
      },
      {
        "state": "NT",
        "price": "6900",
        "price_per_unit": "11500",
        "price_unit": "G"
      }
    ]
  },
  {
    "source_url": "https://www.woolworths.com.au/shop/productdetails/1075993454/bareminerals-bareminerals-matte-foundation-broad-spectrum-spf15-neutral-ivory-6g-0-21oz",
    "name": "BareMinerals BareMinerals Matte Foundation Broad Spectrum SPF15 - Neutral Ivory 6g/0.21oz",
    "image_url": "https://cdn1.woolworths.media/content/wowproductimages/large/default.png",
    "source_id": "Woolworths - 1075993454",
    "barcode": null,
    "shop": "Woolworths",
    "weight": "10G",
    "prices": [
      {
        "state": "NSW",
        "price": "6900",
        "price_per_unit": "11500",
        "price_unit": "G"
      },
      {
        "state": "VIC",
        "price": "6900",
        "price_per_unit": "11500",
        "price_unit": "G"
      },
      {
        "state": "QLD",
        "price": "6900",
        "price_per_unit": "11500",
        "price_unit": "G"
      },
      {
        "state": "WA",
        "price": "6900",
        "price_per_unit": "11500",
        "price_unit": "G"
      },
      {
        "state": "SA",
        "price": "6900",
        "price_per_unit": "11500",
        "price_unit": "G"
      },
      {
        "state": "TAS",
        "price": "6900",
        "price_per_unit": "11500",
        "price_unit": "G"
      },
      {
        "state": "ACT",
        "price": "6900",
        "price_per_unit": "11500",
        "price_unit": "G"
      },
      {
        "state": "NT",
        "price": "6900",
        "price_per_unit": "11500",
        "price_unit": "G"
      }
    ]
  },
  {
    "source_url": "https://www.woolworths.com.au/shop/productdetails/1075884769/bareminerals-bareminerals-original-spf-15-foundation-fair-8g-0-28oz",
    "name": "BareMinerals BareMinerals Original SPF 15 Foundation - # Fair 8g/0.28oz",
    "image_url": "https://cdn1.woolworths.media/content/wowproductimages/large/1075884769.jpg",
    "source_id": "Woolworths - 1075884769",
    "barcode": null,
    "shop": "Woolworths",
    "weight": "10G",
    "prices": [
      {
        "state": "NSW",
        "price": "6400",
        "price_per_unit": "8000",
        "price_unit": "G"
      },
      {
        "state": "VIC",
        "price": "6400",
        "price_per_unit": "8000",
        "price_unit": "G"
      },
      {
        "state": "QLD",
        "price": "6400",
        "price_per_unit": "8000",
        "price_unit": "G"
      },
      {
        "state": "WA",
        "price": "6400",
        "price_per_unit": "8000",
        "price_unit": "G"
      },
      {
        "state": "SA",
        "price": "6400",
        "price_per_unit": "8000",
        "price_unit": "G"
      },
      {
        "state": "TAS",
        "price": "6400",
        "price_per_unit": "8000",
        "price_unit": "G"
      },
      {
        "state": "ACT",
        "price": "6400",
        "price_per_unit": "8000",
        "price_unit": "G"
      },
      {
        "state": "NT",
        "price": "6400",
        "price_per_unit": "8000",
        "price_unit": "G"
      }
    ]
  },
  {
    "source_url": "https://www.woolworths.com.au/shop/productdetails/1075586233/bareminerals-bareminerals-original-spf-15-foundation-fairly-light-8g-0-28oz",
    "name": "BareMinerals BareMinerals Original SPF 15 Foundation - # Fairly Light 8g/0.28oz",
    "image_url": "https://cdn1.woolworths.media/content/wowproductimages/large/1075586233.jpg",
    "source_id": "Woolworths - 1075586233",
    "barcode": null,
    "shop": "Woolworths",
    "weight": "10G",
    "prices": [
      {
        "state": "NSW",
        "price": "6900",
        "price_per_unit": "8625",
        "price_unit": "G"
      },
      {
        "state": "VIC",
        "price": "6900",
        "price_per_unit": "8625",
        "price_unit": "G"
      },
      {
        "state": "QLD",
        "price": "6900",
        "price_per_unit": "8625",
        "price_unit": "G"
      },
      {
        "state": "WA",
        "price": "6900",
        "price_per_unit": "8625",
        "price_unit": "G"
      },
      {
        "state": "SA",
        "price": "6900",
        "price_per_unit": "8625",
        "price_unit": "G"
      },
      {
        "state": "TAS",
        "price": "6900",
        "price_per_unit": "8625",
        "price_unit": "G"
      },
      {
        "state": "ACT",
        "price": "6900",
        "price_per_unit": "8625",
        "price_unit": "G"
      },
      {
        "state": "NT",
        "price": "6900",
        "price_per_unit": "8625",
        "price_unit": "G"
      }
    ]
  },
  {
    "source_url": "https://www.woolworths.com.au/shop/productdetails/1075586519/bareminerals-barepro-16hr-skin-perfecting-powder-foundation-10-fair-warm-8g-0-28oz",
    "name": "BareMinerals Barepro 16hr Skin Perfecting Powder Foundation - # 10 Fair Warm 8g/0.28oz",
    "image_url": "https://cdn1.woolworths.media/content/wowproductimages/large/1075586519.jpg",
    "source_id": "Woolworths - 1075586519",
    "barcode": null,
    "shop": "Woolworths",
    "weight": "10G",
    "prices": [
      {
        "state": "NSW",
        "price": "6400",
        "price_per_unit": "8000",
        "price_unit": "G"
      },
      {
        "state": "VIC",
        "price": "6400",
        "price_per_unit": "8000",
        "price_unit": "G"
      },
      {
        "state": "QLD",
        "price": "6400",
        "price_per_unit": "8000",
        "price_unit": "G"
      },
      {
        "state": "WA",
        "price": "6400",
        "price_per_unit": "8000",
        "price_unit": "G"
      },
      {
        "state": "SA",
        "price": "6400",
        "price_per_unit": "8000",
        "price_unit": "G"
      },
      {
        "state": "TAS",
        "price": "6400",
        "price_per_unit": "8000",
        "price_unit": "G"
      },
      {
        "state": "ACT",
        "price": "6400",
        "price_per_unit": "8000",
        "price_unit": "G"
      },
      {
        "state": "NT",
        "price": "6400",
        "price_per_unit": "8000",
        "price_unit": "G"
      }
    ]
  },
  {
    "source_url": "https://www.woolworths.com.au/shop/productdetails/1075884770/bareminerals-barepro-16hr-skin-perfecting-powder-foundation-15-fair-cool-8g-0-28-oz",
    "name": "BareMinerals Barepro 16HR Skin Perfecting Powder Foundation - # 15 Fair Cool 8g/ 0.28 oz",
    "image_url": "https://cdn1.woolworths.media/content/wowproductimages/large/1075884770.jpg",
    "source_id": "Woolworths - 1075884770",
    "barcode": null,
    "shop": "Woolworths",
    "weight": "10G",
    "prices": [
      {
        "state": "NSW",
        "price": "6900",
        "price_per_unit": "8625",
        "price_unit": "G"
      },
      {
        "state": "VIC",
        "price": "6900",
        "price_per_unit": "8625",
        "price_unit": "G"
      },
      {
        "state": "QLD",
        "price": "6900",
        "price_per_unit": "8625",
        "price_unit": "G"
      },
      {
        "state": "WA",
        "price": "6900",
        "price_per_unit": "8625",
        "price_unit": "G"
      },
      {
        "state": "SA",
        "price": "6900",
        "price_per_unit": "8625",
        "price_unit": "G"
      },
      {
        "state": "TAS",
        "price": "6900",
        "price_per_unit": "8625",
        "price_unit": "G"
      },
      {
        "state": "ACT",
        "price": "6900",
        "price_per_unit": "8625",
        "price_unit": "G"
      },
      {
        "state": "NT",
        "price": "6900",
        "price_per_unit": "8625",
        "price_unit": "G"
      }
    ]
  },
  {
    "source_url": "https://www.woolworths.com.au/shop/productdetails/1075884771/bareminerals-barepro-16hr-skin-perfecting-powder-foundation-15-fair-neutral-8g-0-28oz",
    "name": "BareMinerals Barepro 16hr Skin Perfecting Powder Foundation - # 15 Fair Neutral 8g/0.28oz",
    "image_url": "https://cdn1.woolworths.media/content/wowproductimages/large/1075884771.jpg",
    "source_id": "Woolworths - 1075884771",
    "barcode": null,
    "shop": "Woolworths",
    "weight": "10G",
    "prices": [
      {
        "state": "NSW",
        "price": "6400",
        "price_per_unit": "8000",
        "price_unit": "G"
      },
      {
        "state": "VIC",
        "price": "6400",
        "price_per_unit": "8000",
        "price_unit": "G"
      },
      {
        "state": "QLD",
        "price": "6400",
        "price_per_unit": "8000",
        "price_unit": "G"
      },
      {
        "state": "WA",
        "price": "6400",
        "price_per_unit": "8000",
        "price_unit": "G"
      },
      {
        "state": "SA",
        "price": "6400",
        "price_per_unit": "8000",
        "price_unit": "G"
      },
      {
        "state": "TAS",
        "price": "6400",
        "price_per_unit": "8000",
        "price_unit": "G"
      },
      {
        "state": "ACT",
        "price": "6400",
        "price_per_unit": "8000",
        "price_unit": "G"
      },
      {
        "state": "NT",
        "price": "6400",
        "price_per_unit": "8000",
        "price_unit": "G"
      }
    ]
  },
  {
    "source_url": "https://www.woolworths.com.au/shop/productdetails/1074924485/bareminerals-barepro-16hr-skin-perfecting-powder-foundation-15-fair-warm-8g-0-28oz",
    "name": "BareMinerals Barepro 16hr Skin Perfecting Powder Foundation - # 15 Fair Warm 8g/0.28oz",
    "image_url": "https://cdn1.woolworths.media/content/wowproductimages/large/1074924485.jpg",
    "source_id": "Woolworths - 1074924485",
    "barcode": null,
    "shop": "Woolworths",
    "weight": "10G",
    "prices": [
      {
        "state": "NSW",
        "price": "6900",
        "price_per_unit": "8625",
        "price_unit": "G"
      },
      {
        "state": "VIC",
        "price": "6900",
        "price_per_unit": "8625",
        "price_unit": "G"
      },
      {
        "state": "QLD",
        "price": "6900",
        "price_per_unit": "8625",
        "price_unit": "G"
      },
      {
        "state": "WA",
        "price": "6900",
        "price_per_unit": "8625",
        "price_unit": "G"
      },
      {
        "state": "SA",
        "price": "6900",
        "price_per_unit": "8625",
        "price_unit": "G"
      },
      {
        "state": "TAS",
        "price": "6900",
        "price_per_unit": "8625",
        "price_unit": "G"
      },
      {
        "state": "ACT",
        "price": "6900",
        "price_per_unit": "8625",
        "price_unit": "G"
      },
      {
        "state": "NT",
        "price": "6900",
        "price_per_unit": "8625",
        "price_unit": "G"
      }
    ]
  },
  {
    "source_url": "https://www.woolworths.com.au/shop/productdetails/1075884772/bareminerals-barepro-16hr-skin-perfecting-powder-foundation-17-fair-neutral-8g-0-28oz",
    "name": "BareMinerals Barepro 16hr Skin Perfecting Powder Foundation - # 17 Fair Neutral 8g/0.28oz",
    "image_url": "https://cdn1.woolworths.media/content/wowproductimages/large/1075884772.jpg",
    "source_id": "Woolworths - 1075884772",
    "barcode": null,
    "shop": "Woolworths",
    "weight": "10G",
    "prices": [
      {
        "state": "NSW",
        "price": "6400",
        "price_per_unit": "8000",
        "price_unit": "G"
      },
      {
        "state": "VIC",
        "price": "6400",
        "price_per_unit": "8000",
        "price_unit": "G"
      },
      {
        "state": "QLD",
        "price": "6400",
        "price_per_unit": "8000",
        "price_unit": "G"
      },
      {
        "state": "WA",
        "price": "6400",
        "price_per_unit": "8000",
        "price_unit": "G"
      },
      {
        "state": "SA",
        "price": "6400",
        "price_per_unit": "8000",
        "price_unit": "G"
      },
      {
        "state": "TAS",
        "price": "6400",
        "price_per_unit": "8000",
        "price_unit": "G"
      },
      {
        "state": "ACT",
        "price": "6400",
        "price_per_unit": "8000",
        "price_unit": "G"
      },
      {
        "state": "NT",
        "price": "6400",
        "price_per_unit": "8000",
        "price_unit": "G"
      }
    ]
  },
  {
    "source_url": "https://www.woolworths.com.au/shop/productdetails/1075884773/bareminerals-barepro-16hr-skin-perfecting-powder-foundation-20-light-neutral-8g-0-28oz",
    "name": "BareMinerals Barepro 16hr Skin Perfecting Powder Foundation - # 20 Light Neutral 8g/0.28oz",
    "image_url": "https://cdn1.woolworths.media/content/wowproductimages/large/1075884773.jpg",
    "source_id": "Woolworths - 1075884773",
    "barcode": null,
    "shop": "Woolworths",
    "weight": "10G",
    "prices": [
      {
        "state": "NSW",
        "price": "6400",
        "price_per_unit": "8000",
        "price_unit": "G"
      },
      {
        "state": "VIC",
        "price": "6400",
        "price_per_unit": "8000",
        "price_unit": "G"
      },
      {
        "state": "QLD",
        "price": "6400",
        "price_per_unit": "8000",
        "price_unit": "G"
      },
      {
        "state": "WA",
        "price": "6400",
        "price_per_unit": "8000",
        "price_unit": "G"
      },
      {
        "state": "SA",
        "price": "6400",
        "price_per_unit": "8000",
        "price_unit": "G"
      },
      {
        "state": "TAS",
        "price": "6400",
        "price_per_unit": "8000",
        "price_unit": "G"
      },
      {
        "state": "ACT",
        "price": "6400",
        "price_per_unit": "8000",
        "price_unit": "G"
      },
      {
        "state": "NT",
        "price": "6400",
        "price_per_unit": "8000",
        "price_unit": "G"
      }
    ]
  },
  {
    "source_url": "https://www.woolworths.com.au/shop/productdetails/1075884775/bareminerals-barepro-16hr-skin-perfecting-powder-foundation-25-light-neutral-8g-0-28oz",
    "name": "BareMinerals Barepro 16hr Skin Perfecting Powder Foundation - # 25 Light Neutral 8g/0.28oz",
    "image_url": "https://cdn1.woolworths.media/content/wowproductimages/large/1075884775.jpg",
    "source_id": "Woolworths - 1075884775",
    "barcode": null,
    "shop": "Woolworths",
    "weight": "10G",
    "prices": [
      {
        "state": "NSW",
        "price": "6900",
        "price_per_unit": "8625",
        "price_unit": "G"
      },
      {
        "state": "VIC",
        "price": "6900",
        "price_per_unit": "8625",
        "price_unit": "G"
      },
      {
        "state": "QLD",
        "price": "6900",
        "price_per_unit": "8625",
        "price_unit": "G"
      },
      {
        "state": "WA",
        "price": "6900",
        "price_per_unit": "8625",
        "price_unit": "G"
      },
      {
        "state": "SA",
        "price": "6900",
        "price_per_unit": "8625",
        "price_unit": "G"
      },
      {
        "state": "TAS",
        "price": "6900",
        "price_per_unit": "8625",
        "price_unit": "G"
      },
      {
        "state": "ACT",
        "price": "6900",
        "price_per_unit": "8625",
        "price_unit": "G"
      },
      {
        "state": "NT",
        "price": "6900",
        "price_per_unit": "8625",
        "price_unit": "G"
      }
    ]
  },
  {
    "source_url": "https://www.woolworths.com.au/shop/productdetails/1075884776/bareminerals-barepro-16hr-skin-perfecting-powder-foundation-25-light-warm-8g-0-28oz",
    "name": "BareMinerals Barepro 16hr Skin Perfecting Powder Foundation - # 25 Light Warm 8g/0.28oz",
    "image_url": "https://cdn1.woolworths.media/content/wowproductimages/large/1075884776.jpg",
    "source_id": "Woolworths - 1075884776",
    "barcode": null,
    "shop": "Woolworths",
    "weight": "10G",
    "prices": [
      {
        "state": "NSW",
        "price": "6900",
        "price_per_unit": "8625",
        "price_unit": "G"
      },
      {
        "state": "VIC",
        "price": "6900",
        "price_per_unit": "8625",
        "price_unit": "G"
      },
      {
        "state": "QLD",
        "price": "6900",
        "price_per_unit": "8625",
        "price_unit": "G"
      },
      {
        "state": "WA",
        "price": "6900",
        "price_per_unit": "8625",
        "price_unit": "G"
      },
      {
        "state": "SA",
        "price": "6900",
        "price_per_unit": "8625",
        "price_unit": "G"
      },
      {
        "state": "TAS",
        "price": "6900",
        "price_per_unit": "8625",
        "price_unit": "G"
      },
      {
        "state": "ACT",
        "price": "6900",
        "price_per_unit": "8625",
        "price_unit": "G"
      },
      {
        "state": "NT",
        "price": "6900",
        "price_per_unit": "8625",
        "price_unit": "G"
      }
    ]
  },
  {
    "source_url": "https://www.woolworths.com.au/shop/productdetails/1075563607/bareminerals-barepro-16hr-skin-perfecting-powder-foundation-27-light-neutral-8g-0-28oz",
    "name": "BareMinerals Barepro 16hr Skin Perfecting Powder Foundation - # 27 Light Neutral 8g/0.28oz",
    "image_url": "https://cdn1.woolworths.media/content/wowproductimages/large/1075563607.jpg",
    "source_id": "Woolworths - 1075563607",
    "barcode": null,
    "shop": "Woolworths",
    "weight": "10G",
    "prices": [
      {
        "state": "NSW",
        "price": "10230",
        "price_per_unit": "12788",
        "price_unit": "G"
      },
      {
        "state": "VIC",
        "price": "10230",
        "price_per_unit": "12788",
        "price_unit": "G"
      },
      {
        "state": "QLD",
        "price": "10230",
        "price_per_unit": "12788",
        "price_unit": "G"
      },
      {
        "state": "WA",
        "price": "10230",
        "price_per_unit": "12788",
        "price_unit": "G"
      },
      {
        "state": "SA",
        "price": "10230",
        "price_per_unit": "12788",
        "price_unit": "G"
      },
      {
        "state": "TAS",
        "price": "10230",
        "price_per_unit": "12788",
        "price_unit": "G"
      },
      {
        "state": "ACT",
        "price": "10230",
        "price_per_unit": "12788",
        "price_unit": "G"
      },
      {
        "state": "NT",
        "price": "10230",
        "price_per_unit": "12788",
        "price_unit": "G"
      }
    ]
  },
  {
    "source_url": "https://www.woolworths.com.au/shop/productdetails/1075884777/bareminerals-barepro-16hr-skin-perfecting-powder-foundation-30-medium-neutral-8g-0-28oz",
    "name": "BareMinerals Barepro 16hr Skin Perfecting Powder Foundation - # 30 Medium Neutral 8g/0.28oz",
    "image_url": "https://cdn1.woolworths.media/content/wowproductimages/large/1075884777.jpg",
    "source_id": "Woolworths - 1075884777",
    "barcode": null,
    "shop": "Woolworths",
    "weight": "10G",
    "prices": [
      {
        "state": "NSW",
        "price": "6900",
        "price_per_unit": "8625",
        "price_unit": "G"
      },
      {
        "state": "VIC",
        "price": "6900",
        "price_per_unit": "8625",
        "price_unit": "G"
      },
      {
        "state": "QLD",
        "price": "6900",
        "price_per_unit": "8625",
        "price_unit": "G"
      },
      {
        "state": "WA",
        "price": "6900",
        "price_per_unit": "8625",
        "price_unit": "G"
      },
      {
        "state": "SA",
        "price": "6900",
        "price_per_unit": "8625",
        "price_unit": "G"
      },
      {
        "state": "TAS",
        "price": "6900",
        "price_per_unit": "8625",
        "price_unit": "G"
      },
      {
        "state": "ACT",
        "price": "6900",
        "price_per_unit": "8625",
        "price_unit": "G"
      },
      {
        "state": "NT",
        "price": "6900",
        "price_per_unit": "8625",
        "price_unit": "G"
      }
    ]
  },
  {
    "source_url": "https://www.woolworths.com.au/shop/productdetails/1075884778/bareminerals-barepro-16hr-skin-perfecting-powder-foundation-30-medium-warm-8g-0-28oz",
    "name": "BareMinerals Barepro 16hr Skin Perfecting Powder Foundation - # 30 Medium Warm 8g/0.28oz",
    "image_url": "https://cdn1.woolworths.media/content/wowproductimages/large/1075884778.jpg",
    "source_id": "Woolworths - 1075884778",
    "barcode": null,
    "shop": "Woolworths",
    "weight": "10G",
    "prices": [
      {
        "state": "NSW",
        "price": "6400",
        "price_per_unit": "8000",
        "price_unit": "G"
      },
      {
        "state": "VIC",
        "price": "6400",
        "price_per_unit": "8000",
        "price_unit": "G"
      },
      {
        "state": "QLD",
        "price": "6400",
        "price_per_unit": "8000",
        "price_unit": "G"
      },
      {
        "state": "WA",
        "price": "6400",
        "price_per_unit": "8000",
        "price_unit": "G"
      },
      {
        "state": "SA",
        "price": "6400",
        "price_per_unit": "8000",
        "price_unit": "G"
      },
      {
        "state": "TAS",
        "price": "6400",
        "price_per_unit": "8000",
        "price_unit": "G"
      },
      {
        "state": "ACT",
        "price": "6400",
        "price_per_unit": "8000",
        "price_unit": "G"
      },
      {
        "state": "NT",
        "price": "6400",
        "price_per_unit": "8000",
        "price_unit": "G"
      }
    ]
  },
  {
    "source_url": "https://www.woolworths.com.au/shop/productdetails/1075884779/bareminerals-barepro-16hr-skin-perfecting-powder-foundation-35-medium-warm-8g-0-28oz",
    "name": "BareMinerals Barepro 16hr Skin Perfecting Powder Foundation - # 35 Medium Warm 8g/0.28oz",
    "image_url": "https://cdn1.woolworths.media/content/wowproductimages/large/1075884779.jpg",
    "source_id": "Woolworths - 1075884779",
    "barcode": null,
    "shop": "Woolworths",
    "weight": "10G",
    "prices": [
      {
        "state": "NSW",
        "price": "6900",
        "price_per_unit": "8625",
        "price_unit": "G"
      },
      {
        "state": "VIC",
        "price": "6900",
        "price_per_unit": "8625",
        "price_unit": "G"
      },
      {
        "state": "QLD",
        "price": "6900",
        "price_per_unit": "8625",
        "price_unit": "G"
      },
      {
        "state": "WA",
        "price": "6900",
        "price_per_unit": "8625",
        "price_unit": "G"
      },
      {
        "state": "SA",
        "price": "6900",
        "price_per_unit": "8625",
        "price_unit": "G"
      },
      {
        "state": "TAS",
        "price": "6900",
        "price_per_unit": "8625",
        "price_unit": "G"
      },
      {
        "state": "ACT",
        "price": "6900",
        "price_per_unit": "8625",
        "price_unit": "G"
      },
      {
        "state": "NT",
        "price": "6900",
        "price_per_unit": "8625",
        "price_unit": "G"
      }
    ]
  },
  {
    "source_url": "https://www.woolworths.com.au/shop/productdetails/1074924491/bareminerals-barepro-16hr-skin-perfecting-powder-foundation-45-medium-deep-warm-8g-0-28-oz",
    "name": "BareMinerals Barepro 16HR Skin Perfecting Powder Foundation - # 45 Medium Deep Warm 8g/ 0.28 oz",
    "image_url": "https://cdn1.woolworths.media/content/wowproductimages/large/1074924491.jpg",
    "source_id": "Woolworths - 1074924491",
    "barcode": null,
    "shop": "Woolworths",
    "weight": "10G",
    "prices": [
      {
        "state": "NSW",
        "price": "5900",
        "price_per_unit": "7375",
        "price_unit": "G"
      },
      {
        "state": "VIC",
        "price": "5900",
        "price_per_unit": "7375",
        "price_unit": "G"
      },
      {
        "state": "QLD",
        "price": "5900",
        "price_per_unit": "7375",
        "price_unit": "G"
      },
      {
        "state": "WA",
        "price": "5900",
        "price_per_unit": "7375",
        "price_unit": "G"
      },
      {
        "state": "SA",
        "price": "5900",
        "price_per_unit": "7375",
        "price_unit": "G"
      },
      {
        "state": "TAS",
        "price": "5900",
        "price_per_unit": "7375",
        "price_unit": "G"
      },
      {
        "state": "ACT",
        "price": "5900",
        "price_per_unit": "7375",
        "price_unit": "G"
      },
      {
        "state": "NT",
        "price": "5900",
        "price_per_unit": "7375",
        "price_unit": "G"
      }
    ]
  },
  {
    "source_url": "https://www.woolworths.com.au/shop/productdetails/1074924492/bareminerals-barepro-16hr-skin-perfecting-powder-foundation-20-light-cool-8g-0-28-oz",
    "name": "BareMinerals BarePro 16HR Skin-Perfecting Powder Foundation - # 20 Light Cool 8g/ 0.28 oz",
    "image_url": "https://cdn1.woolworths.media/content/wowproductimages/large/1074924492.jpg",
    "source_id": "Woolworths - 1074924492",
    "barcode": null,
    "shop": "Woolworths",
    "weight": "10G",
    "prices": [
      {
        "state": "NSW",
        "price": "6400",
        "price_per_unit": "8000",
        "price_unit": "G"
      },
      {
        "state": "VIC",
        "price": "6400",
        "price_per_unit": "8000",
        "price_unit": "G"
      },
      {
        "state": "QLD",
        "price": "6400",
        "price_per_unit": "8000",
        "price_unit": "G"
      },
      {
        "state": "WA",
        "price": "6400",
        "price_per_unit": "8000",
        "price_unit": "G"
      },
      {
        "state": "SA",
        "price": "6400",
        "price_per_unit": "8000",
        "price_unit": "G"
      },
      {
        "state": "TAS",
        "price": "6400",
        "price_per_unit": "8000",
        "price_unit": "G"
      },
      {
        "state": "ACT",
        "price": "6400",
        "price_per_unit": "8000",
        "price_unit": "G"
      },
      {
        "state": "NT",
        "price": "6400",
        "price_per_unit": "8000",
        "price_unit": "G"
      }
    ]
  },
  {
    "source_url": "https://www.woolworths.com.au/shop/productdetails/1075575729/bareminerals-gen-nude-blonzer-blush-bronzer-kiss-of-copper-3-8g-0-13oz",
    "name": "BareMinerals Gen Nude Blonzer (Blush + Bronzer) - # Kiss of Copper 3.8g/0.13oz",
    "image_url": "https://cdn1.woolworths.media/content/wowproductimages/large/1075575729.jpg",
    "source_id": "Woolworths - 1075575729",
    "barcode": null,
    "shop": "Woolworths",
    "weight": "10G",
    "prices": [
      {
        "state": "NSW",
        "price": "5100",
        "price_per_unit": "13421",
        "price_unit": "G"
      },
      {
        "state": "VIC",
        "price": "5100",
        "price_per_unit": "13421",
        "price_unit": "G"
      },
      {
        "state": "QLD",
        "price": "5100",
        "price_per_unit": "13421",
        "price_unit": "G"
      },
      {
        "state": "WA",
        "price": "5100",
        "price_per_unit": "13421",
        "price_unit": "G"
      },
      {
        "state": "SA",
        "price": "5100",
        "price_per_unit": "13421",
        "price_unit": "G"
      },
      {
        "state": "TAS",
        "price": "5100",
        "price_per_unit": "13421",
        "price_unit": "G"
      },
      {
        "state": "ACT",
        "price": "5100",
        "price_per_unit": "13421",
        "price_unit": "G"
      },
      {
        "state": "NT",
        "price": "5100",
        "price_per_unit": "13421",
        "price_unit": "G"
      }
    ]
  },
  {
    "source_url": "https://www.woolworths.com.au/shop/productdetails/1075884783/bareminerals-gen-nude-powder-blush-that-peach-tho-6g-0-21oz",
    "name": "BareMinerals Gen Nude Powder Blush - # That Peach Tho 6g/0.21oz",
    "image_url": "https://cdn1.woolworths.media/content/wowproductimages/large/1075884783.jpg",
    "source_id": "Woolworths - 1075884783",
    "barcode": null,
    "shop": "Woolworths",
    "weight": "10G",
    "prices": [
      {
        "state": "NSW",
        "price": "5300",
        "price_per_unit": "8833",
        "price_unit": "G"
      },
      {
        "state": "VIC",
        "price": "5300",
        "price_per_unit": "8833",
        "price_unit": "G"
      },
      {
        "state": "QLD",
        "price": "5300",
        "price_per_unit": "8833",
        "price_unit": "G"
      },
      {
        "state": "WA",
        "price": "5300",
        "price_per_unit": "8833",
        "price_unit": "G"
      },
      {
        "state": "SA",
        "price": "5300",
        "price_per_unit": "8833",
        "price_unit": "G"
      },
      {
        "state": "TAS",
        "price": "5300",
        "price_per_unit": "8833",
        "price_unit": "G"
      },
      {
        "state": "ACT",
        "price": "5300",
        "price_per_unit": "8833",
        "price_unit": "G"
      },
      {
        "state": "NT",
        "price": "5300",
        "price_per_unit": "8833",
        "price_unit": "G"
      }
    ]
  },
  {
    "source_url": "https://www.woolworths.com.au/shop/productdetails/1075993456/bareminerals-i-d-bareminerals-multi-tasking-minerals-spf20-concealer-or-eyeshadow-base-bisque-2g-0-07oz",
    "name": "BareMinerals i.d. BareMinerals Multi Tasking Minerals SPF20 (Concealer or Eyeshadow Base) - Bisque 2g/0.07oz",
    "image_url": "https://cdn1.woolworths.media/content/wowproductimages/large/default.png",
    "source_id": "Woolworths - 1075993456",
    "barcode": null,
    "shop": "Woolworths",
    "weight": "10G",
    "prices": [
      {
        "state": "NSW",
        "price": "5100",
        "price_per_unit": "25500",
        "price_unit": "G"
      },
      {
        "state": "VIC",
        "price": "5100",
        "price_per_unit": "25500",
        "price_unit": "G"
      },
      {
        "state": "QLD",
        "price": "5100",
        "price_per_unit": "25500",
        "price_unit": "G"
      },
      {
        "state": "WA",
        "price": "5100",
        "price_per_unit": "25500",
        "price_unit": "G"
      },
      {
        "state": "SA",
        "price": "5100",
        "price_per_unit": "25500",
        "price_unit": "G"
      },
      {
        "state": "TAS",
        "price": "5100",
        "price_per_unit": "25500",
        "price_unit": "G"
      },
      {
        "state": "ACT",
        "price": "5100",
        "price_per_unit": "25500",
        "price_unit": "G"
      },
      {
        "state": "NT",
        "price": "5100",
        "price_per_unit": "25500",
        "price_unit": "G"
      }
    ]
  },
  {
    "source_url": "https://www.woolworths.com.au/shop/productdetails/1075993457/bareminerals-i-d-bareminerals-multi-tasking-minerals-spf20-concealer-or-eyeshadow-base-summer-bisque-2g-0-07oz",
    "name": "BareMinerals i.d. BareMinerals Multi Tasking Minerals SPF20 (Concealer or Eyeshadow Base) - Summer Bisque 2g/0.07oz",
    "image_url": "https://cdn1.woolworths.media/content/wowproductimages/large/default.png",
    "source_id": "Woolworths - 1075993457",
    "barcode": null,
    "shop": "Woolworths",
    "weight": "10G",
    "prices": [
      {
        "state": "NSW",
        "price": "5100",
        "price_per_unit": "25500",
        "price_unit": "G"
      },
      {
        "state": "VIC",
        "price": "5100",
        "price_per_unit": "25500",
        "price_unit": "G"
      },
      {
        "state": "QLD",
        "price": "5100",
        "price_per_unit": "25500",
        "price_unit": "G"
      },
      {
        "state": "WA",
        "price": "5100",
        "price_per_unit": "25500",
        "price_unit": "G"
      },
      {
        "state": "SA",
        "price": "5100",
        "price_per_unit": "25500",
        "price_unit": "G"
      },
      {
        "state": "TAS",
        "price": "5100",
        "price_per_unit": "25500",
        "price_unit": "G"
      },
      {
        "state": "ACT",
        "price": "5100",
        "price_per_unit": "25500",
        "price_unit": "G"
      },
      {
        "state": "NT",
        "price": "5100",
        "price_per_unit": "25500",
        "price_unit": "G"
      }
    ]
  },
  {
    "source_url": "https://www.woolworths.com.au/shop/productdetails/1075561346/bareminerals-original-liquid-mineral-foundation-spf-20-03-fairly-light-for-very-fair-warm-skin-with-a-subtle-peach-hue-30ml-1oz",
    "name": "BareMinerals Original Liquid Mineral Foundation SPF 20 - # 03 Fairly Light (For Very Fair Warm Skin With A Subtle Peach Hue) 30ml/1oz",
    "image_url": "https://cdn1.woolworths.media/content/wowproductimages/large/1075561346.jpg",
    "source_id": "Woolworths - 1075561346",
    "barcode": null,
    "shop": "Woolworths",
    "weight": "10ML",
    "prices": [
      {
        "state": "NSW",
        "price": "10230",
        "price_per_unit": "3410",
        "price_unit": "ML"
      },
      {
        "state": "VIC",
        "price": "10230",
        "price_per_unit": "3410",
        "price_unit": "ML"
      },
      {
        "state": "QLD",
        "price": "10230",
        "price_per_unit": "3410",
        "price_unit": "ML"
      },
      {
        "state": "WA",
        "price": "10230",
        "price_per_unit": "3410",
        "price_unit": "ML"
      },
      {
        "state": "SA",
        "price": "10230",
        "price_per_unit": "3410",
        "price_unit": "ML"
      },
      {
        "state": "TAS",
        "price": "10230",
        "price_per_unit": "3410",
        "price_unit": "ML"
      },
      {
        "state": "ACT",
        "price": "10230",
        "price_per_unit": "3410",
        "price_unit": "ML"
      },
      {
        "state": "NT",
        "price": "10230",
        "price_per_unit": "3410",
        "price_unit": "ML"
      }
    ]
  },
  {
    "source_url": "https://www.woolworths.com.au/shop/productdetails/1075561348/bareminerals-original-liquid-mineral-foundation-spf-20-17-tan-nude-for-medium-tan-warm-skin-with-a-golden-hue-30ml-1oz",
    "name": "BareMinerals Original Liquid Mineral Foundation SPF 20 - # 17 Tan Nude (For Medium-Tan Warm Skin With A Golden Hue) 30ml/1oz",
    "image_url": "https://cdn1.woolworths.media/content/wowproductimages/large/1075561348.jpg",
    "source_id": "Woolworths - 1075561348",
    "barcode": null,
    "shop": "Woolworths",
    "weight": "10ML",
    "prices": [
      {
        "state": "NSW",
        "price": "10230",
        "price_per_unit": "3410",
        "price_unit": "ML"
      },
      {
        "state": "VIC",
        "price": "10230",
        "price_per_unit": "3410",
        "price_unit": "ML"
      },
      {
        "state": "QLD",
        "price": "10230",
        "price_per_unit": "3410",
        "price_unit": "ML"
      },
      {
        "state": "WA",
        "price": "10230",
        "price_per_unit": "3410",
        "price_unit": "ML"
      },
      {
        "state": "SA",
        "price": "10230",
        "price_per_unit": "3410",
        "price_unit": "ML"
      },
      {
        "state": "TAS",
        "price": "10230",
        "price_per_unit": "3410",
        "price_unit": "ML"
      },
      {
        "state": "ACT",
        "price": "10230",
        "price_per_unit": "3410",
        "price_unit": "ML"
      },
      {
        "state": "NT",
        "price": "10230",
        "price_per_unit": "3410",
        "price_unit": "ML"
      }
    ]
  },
  {
    "source_url": "https://www.woolworths.com.au/shop/productdetails/1075498991/bareminerals-original-mineral-veil-illuminating-loose-setting-powder-translucent-9g-0-3oz",
    "name": "BareMinerals Original Mineral Veil Illuminating Loose Setting Powder - Translucent 9g/0.3oz",
    "image_url": "https://cdn1.woolworths.media/content/wowproductimages/large/1075498991.jpg",
    "source_id": "Woolworths - 1075498991",
    "barcode": null,
    "shop": "Woolworths",
    "weight": "10G",
    "prices": [
      {
        "state": "NSW",
        "price": "6000",
        "price_per_unit": "6667",
        "price_unit": "G"
      },
      {
        "state": "VIC",
        "price": "6000",
        "price_per_unit": "6667",
        "price_unit": "G"
      },
      {
        "state": "QLD",
        "price": "6000",
        "price_per_unit": "6667",
        "price_unit": "G"
      },
      {
        "state": "WA",
        "price": "6000",
        "price_per_unit": "6667",
        "price_unit": "G"
      },
      {
        "state": "SA",
        "price": "6000",
        "price_per_unit": "6667",
        "price_unit": "G"
      },
      {
        "state": "TAS",
        "price": "6000",
        "price_per_unit": "6667",
        "price_unit": "G"
      },
      {
        "state": "ACT",
        "price": "6000",
        "price_per_unit": "6667",
        "price_unit": "G"
      },
      {
        "state": "NT",
        "price": "6000",
        "price_per_unit": "6667",
        "price_unit": "G"
      }
    ]
  },
  {
    "source_url": "https://www.woolworths.com.au/shop/productdetails/1075916074/bareminerals-original-mineral-veil-pressed-setting-powder-sheer-fair-9g-0-3oz",
    "name": "BareMinerals Original Mineral Veil Pressed Setting Powder - # Sheer Fair 9g/0.3oz",
    "image_url": "https://cdn1.woolworths.media/content/wowproductimages/large/1075916074.jpg",
    "source_id": "Woolworths - 1075916074",
    "barcode": null,
    "shop": "Woolworths",
    "weight": "10G",
    "prices": [
      {
        "state": "NSW",
        "price": "6000",
        "price_per_unit": "6667",
        "price_unit": "G"
      },
      {
        "state": "VIC",
        "price": "6000",
        "price_per_unit": "6667",
        "price_unit": "G"
      },
      {
        "state": "QLD",
        "price": "6000",
        "price_per_unit": "6667",
        "price_unit": "G"
      },
      {
        "state": "WA",
        "price": "6000",
        "price_per_unit": "6667",
        "price_unit": "G"
      },
      {
        "state": "SA",
        "price": "6000",
        "price_per_unit": "6667",
        "price_unit": "G"
      },
      {
        "state": "TAS",
        "price": "6000",
        "price_per_unit": "6667",
        "price_unit": "G"
      },
      {
        "state": "ACT",
        "price": "6000",
        "price_per_unit": "6667",
        "price_unit": "G"
      },
      {
        "state": "NT",
        "price": "6000",
        "price_per_unit": "6667",
        "price_unit": "G"
      }
    ]
  },
  {
    "source_url": "https://www.woolworths.com.au/shop/productdetails/1075996750/bareminerals-original-mineral-veil-pressed-setting-powder-sheer-light-9g-0-3oz",
    "name": "BareMinerals Original Mineral Veil Pressed Setting Powder - # Sheer Light 9g/0.3oz",
    "image_url": "https://cdn1.woolworths.media/content/wowproductimages/large/default.png",
    "source_id": "Woolworths - 1075996750",
    "barcode": null,
    "shop": "Woolworths",
    "weight": "10G",
    "prices": [
      {
        "state": "NSW",
        "price": "6000",
        "price_per_unit": "6667",
        "price_unit": "G"
      },
      {
        "state": "VIC",
        "price": "6000",
        "price_per_unit": "6667",
        "price_unit": "G"
      },
      {
        "state": "QLD",
        "price": "6000",
        "price_per_unit": "6667",
        "price_unit": "G"
      },
      {
        "state": "WA",
        "price": "6000",
        "price_per_unit": "6667",
        "price_unit": "G"
      },
      {
        "state": "SA",
        "price": "6000",
        "price_per_unit": "6667",
        "price_unit": "G"
      },
      {
        "state": "TAS",
        "price": "6000",
        "price_per_unit": "6667",
        "price_unit": "G"
      },
      {
        "state": "ACT",
        "price": "6000",
        "price_per_unit": "6667",
        "price_unit": "G"
      },
      {
        "state": "NT",
        "price": "6000",
        "price_per_unit": "6667",
        "price_unit": "G"
      }
    ]
  },
  {
    "source_url": "https://www.woolworths.com.au/shop/productdetails/1075884789/bareminerals-original-mineral-veil-pressed-setting-powder-translucent-9g-0-3oz",
    "name": "BareMinerals Original Mineral Veil Pressed Setting Powder - # Translucent 9g/0.3oz",
    "image_url": "https://cdn1.woolworths.media/content/wowproductimages/large/1075884789.jpg",
    "source_id": "Woolworths - 1075884789",
    "barcode": null,
    "shop": "Woolworths",
    "weight": "10G",
    "prices": [
      {
        "state": "NSW",
        "price": "6000",
        "price_per_unit": "6667",
        "price_unit": "G"
      },
      {
        "state": "VIC",
        "price": "6000",
        "price_per_unit": "6667",
        "price_unit": "G"
      },
      {
        "state": "QLD",
        "price": "6000",
        "price_per_unit": "6667",
        "price_unit": "G"
      },
      {
        "state": "WA",
        "price": "6000",
        "price_per_unit": "6667",
        "price_unit": "G"
      },
      {
        "state": "SA",
        "price": "6000",
        "price_per_unit": "6667",
        "price_unit": "G"
      },
      {
        "state": "TAS",
        "price": "6000",
        "price_per_unit": "6667",
        "price_unit": "G"
      },
      {
        "state": "ACT",
        "price": "6000",
        "price_per_unit": "6667",
        "price_unit": "G"
      },
      {
        "state": "NT",
        "price": "6000",
        "price_per_unit": "6667",
        "price_unit": "G"
      }
    ]
  },
  {
    "source_url": "https://www.woolworths.com.au/shop/productdetails/1075993458/bareminerals-original-mineral-veil-protecting-loose-setting-powder-spf-25-translucent-6g-0-21oz",
    "name": "BareMinerals Original Mineral Veil Protecting Loose Setting Powder SPF 25 - # Translucent 6g/0.21oz",
    "image_url": "https://cdn1.woolworths.media/content/wowproductimages/large/default.png",
    "source_id": "Woolworths - 1075993458",
    "barcode": null,
    "shop": "Woolworths",
    "weight": "10G",
    "prices": [
      {
        "state": "NSW",
        "price": "6000",
        "price_per_unit": "10000",
        "price_unit": "G"
      },
      {
        "state": "VIC",
        "price": "6000",
        "price_per_unit": "10000",
        "price_unit": "G"
      },
      {
        "state": "QLD",
        "price": "6000",
        "price_per_unit": "10000",
        "price_unit": "G"
      },
      {
        "state": "WA",
        "price": "6000",
        "price_per_unit": "10000",
        "price_unit": "G"
      },
      {
        "state": "SA",
        "price": "6000",
        "price_per_unit": "10000",
        "price_unit": "G"
      },
      {
        "state": "TAS",
        "price": "6000",
        "price_per_unit": "10000",
        "price_unit": "G"
      },
      {
        "state": "ACT",
        "price": "6000",
        "price_per_unit": "10000",
        "price_unit": "G"
      },
      {
        "state": "NT",
        "price": "6000",
        "price_per_unit": "10000",
        "price_unit": "G"
      }
    ]
  },
  {
    "source_url": "https://www.woolworths.com.au/shop/productdetails/1075984463/bareminerals-original-pure-serum-radiant-natural-liquid-foundation-mineral-spf-20-fair-cool-1-30ml-1oz",
    "name": "BareMinerals Original Pure Serum Radiant Natural Liquid Foundation Mineral SPF 20 - # Fair Cool 1 30ml/1oz",
    "image_url": "https://cdn1.woolworths.media/content/wowproductimages/large/default.png",
    "source_id": "Woolworths - 1075984463",
    "barcode": null,
    "shop": "Woolworths",
    "weight": "10ML",
    "prices": [
      {
        "state": "NSW",
        "price": "7400",
        "price_per_unit": "2467",
        "price_unit": "ML"
      },
      {
        "state": "VIC",
        "price": "7400",
        "price_per_unit": "2467",
        "price_unit": "ML"
      },
      {
        "state": "QLD",
        "price": "7400",
        "price_per_unit": "2467",
        "price_unit": "ML"
      },
      {
        "state": "WA",
        "price": "7400",
        "price_per_unit": "2467",
        "price_unit": "ML"
      },
      {
        "state": "SA",
        "price": "7400",
        "price_per_unit": "2467",
        "price_unit": "ML"
      },
      {
        "state": "TAS",
        "price": "7400",
        "price_per_unit": "2467",
        "price_unit": "ML"
      },
      {
        "state": "ACT",
        "price": "7400",
        "price_per_unit": "2467",
        "price_unit": "ML"
      },
      {
        "state": "NT",
        "price": "7400",
        "price_per_unit": "2467",
        "price_unit": "ML"
      }
    ]
  },
  {
    "source_url": "https://www.woolworths.com.au/shop/productdetails/1075984464/bareminerals-original-pure-serum-radiant-natural-liquid-foundation-mineral-spf-20-fair-neutral-1-5-30ml-1oz",
    "name": "BareMinerals Original Pure Serum Radiant Natural Liquid Foundation Mineral SPF 20 - # Fair Neutral 1.5 30ml/1oz",
    "image_url": "https://cdn1.woolworths.media/content/wowproductimages/large/1075984464.jpg",
    "source_id": "Woolworths - 1075984464",
    "barcode": null,
    "shop": "Woolworths",
    "weight": "10ML",
    "prices": [
      {
        "state": "NSW",
        "price": "7400",
        "price_per_unit": "2467",
        "price_unit": "ML"
      },
      {
        "state": "VIC",
        "price": "7400",
        "price_per_unit": "2467",
        "price_unit": "ML"
      },
      {
        "state": "QLD",
        "price": "7400",
        "price_per_unit": "2467",
        "price_unit": "ML"
      },
      {
        "state": "WA",
        "price": "7400",
        "price_per_unit": "2467",
        "price_unit": "ML"
      },
      {
        "state": "SA",
        "price": "7400",
        "price_per_unit": "2467",
        "price_unit": "ML"
      },
      {
        "state": "TAS",
        "price": "7400",
        "price_per_unit": "2467",
        "price_unit": "ML"
      },
      {
        "state": "ACT",
        "price": "7400",
        "price_per_unit": "2467",
        "price_unit": "ML"
      },
      {
        "state": "NT",
        "price": "7400",
        "price_per_unit": "2467",
        "price_unit": "ML"
      }
    ]
  },
  {
    "source_url": "https://www.woolworths.com.au/shop/productdetails/1075984465/bareminerals-original-pure-serum-radiant-natural-liquid-foundation-mineral-spf-20-fair-warm-1-30ml-1oz",
    "name": "BareMinerals Original Pure Serum Radiant Natural Liquid Foundation Mineral SPF 20 - # Fair Warm 1 30ml/1oz",
    "image_url": "https://cdn1.woolworths.media/content/wowproductimages/large/default.png",
    "source_id": "Woolworths - 1075984465",
    "barcode": null,
    "shop": "Woolworths",
    "weight": "10ML",
    "prices": [
      {
        "state": "NSW",
        "price": "7400",
        "price_per_unit": "2467",
        "price_unit": "ML"
      },
      {
        "state": "VIC",
        "price": "7400",
        "price_per_unit": "2467",
        "price_unit": "ML"
      },
      {
        "state": "QLD",
        "price": "7400",
        "price_per_unit": "2467",
        "price_unit": "ML"
      },
      {
        "state": "WA",
        "price": "7400",
        "price_per_unit": "2467",
        "price_unit": "ML"
      },
      {
        "state": "SA",
        "price": "7400",
        "price_per_unit": "2467",
        "price_unit": "ML"
      },
      {
        "state": "TAS",
        "price": "7400",
        "price_per_unit": "2467",
        "price_unit": "ML"
      },
      {
        "state": "ACT",
        "price": "7400",
        "price_per_unit": "2467",
        "price_unit": "ML"
      },
      {
        "state": "NT",
        "price": "7400",
        "price_per_unit": "2467",
        "price_unit": "ML"
      }
    ]
  },
  {
    "source_url": "https://www.woolworths.com.au/shop/productdetails/1075984466/bareminerals-original-pure-serum-radiant-natural-liquid-foundation-mineral-spf-20-light-cool-2-30ml-1oz",
    "name": "BareMinerals Original Pure Serum Radiant Natural Liquid Foundation Mineral SPF 20 - # Light Cool 2 30ml/1oz",
    "image_url": "https://cdn1.woolworths.media/content/wowproductimages/large/default.png",
    "source_id": "Woolworths - 1075984466",
    "barcode": null,
    "shop": "Woolworths",
    "weight": "10ML",
    "prices": [
      {
        "state": "NSW",
        "price": "7400",
        "price_per_unit": "2467",
        "price_unit": "ML"
      },
      {
        "state": "VIC",
        "price": "7400",
        "price_per_unit": "2467",
        "price_unit": "ML"
      },
      {
        "state": "QLD",
        "price": "7400",
        "price_per_unit": "2467",
        "price_unit": "ML"
      },
      {
        "state": "WA",
        "price": "7400",
        "price_per_unit": "2467",
        "price_unit": "ML"
      },
      {
        "state": "SA",
        "price": "7400",
        "price_per_unit": "2467",
        "price_unit": "ML"
      },
      {
        "state": "TAS",
        "price": "7400",
        "price_per_unit": "2467",
        "price_unit": "ML"
      },
      {
        "state": "ACT",
        "price": "7400",
        "price_per_unit": "2467",
        "price_unit": "ML"
      },
      {
        "state": "NT",
        "price": "7400",
        "price_per_unit": "2467",
        "price_unit": "ML"
      }
    ]
  },
  {
    "source_url": "https://www.woolworths.com.au/shop/productdetails/1075984467/bareminerals-original-pure-serum-radiant-natural-liquid-foundation-mineral-spf-20-light-neutral-2-5-30ml-1oz",
    "name": "BareMinerals Original Pure Serum Radiant Natural Liquid Foundation Mineral SPF 20 - # Light Neutral 2.5 30ml/1oz",
    "image_url": "https://cdn1.woolworths.media/content/wowproductimages/large/default.png",
    "source_id": "Woolworths - 1075984467",
    "barcode": null,
    "shop": "Woolworths",
    "weight": "10ML",
    "prices": [
      {
        "state": "NSW",
        "price": "7400",
        "price_per_unit": "2467",
        "price_unit": "ML"
      },
      {
        "state": "VIC",
        "price": "7400",
        "price_per_unit": "2467",
        "price_unit": "ML"
      },
      {
        "state": "QLD",
        "price": "7400",
        "price_per_unit": "2467",
        "price_unit": "ML"
      },
      {
        "state": "WA",
        "price": "7400",
        "price_per_unit": "2467",
        "price_unit": "ML"
      },
      {
        "state": "SA",
        "price": "7400",
        "price_per_unit": "2467",
        "price_unit": "ML"
      },
      {
        "state": "TAS",
        "price": "7400",
        "price_per_unit": "2467",
        "price_unit": "ML"
      },
      {
        "state": "ACT",
        "price": "7400",
        "price_per_unit": "2467",
        "price_unit": "ML"
      },
      {
        "state": "NT",
        "price": "7400",
        "price_per_unit": "2467",
        "price_unit": "ML"
      }
    ]
  },
  {
    "source_url": "https://www.woolworths.com.au/shop/productdetails/1075984468/bareminerals-original-pure-serum-radiant-natural-liquid-foundation-mineral-spf-20-medium-cool-3-5-30ml-1oz",
    "name": "BareMinerals Original Pure Serum Radiant Natural Liquid Foundation Mineral SPF 20 - # Medium Cool 3.5 30ml/1oz",
    "image_url": "https://cdn1.woolworths.media/content/wowproductimages/large/default.png",
    "source_id": "Woolworths - 1075984468",
    "barcode": null,
    "shop": "Woolworths",
    "weight": "10ML",
    "prices": [
      {
        "state": "NSW",
        "price": "7400",
        "price_per_unit": "2467",
        "price_unit": "ML"
      },
      {
        "state": "VIC",
        "price": "7400",
        "price_per_unit": "2467",
        "price_unit": "ML"
      },
      {
        "state": "QLD",
        "price": "7400",
        "price_per_unit": "2467",
        "price_unit": "ML"
      },
      {
        "state": "WA",
        "price": "7400",
        "price_per_unit": "2467",
        "price_unit": "ML"
      },
      {
        "state": "SA",
        "price": "7400",
        "price_per_unit": "2467",
        "price_unit": "ML"
      },
      {
        "state": "TAS",
        "price": "7400",
        "price_per_unit": "2467",
        "price_unit": "ML"
      },
      {
        "state": "ACT",
        "price": "7400",
        "price_per_unit": "2467",
        "price_unit": "ML"
      },
      {
        "state": "NT",
        "price": "7400",
        "price_per_unit": "2467",
        "price_unit": "ML"
      }
    ]
  },
  {
    "source_url": "https://www.woolworths.com.au/shop/productdetails/1075984469/bareminerals-original-pure-serum-radiant-natural-liquid-foundation-mineral-spf-20-medium-neutral-3-5-30ml-1oz",
    "name": "BareMinerals Original Pure Serum Radiant Natural Liquid Foundation Mineral SPF 20 - # Medium Neutral 3.5 30ml/1oz",
    "image_url": "https://cdn1.woolworths.media/content/wowproductimages/large/default.png",
    "source_id": "Woolworths - 1075984469",
    "barcode": null,
    "shop": "Woolworths",
    "weight": "10ML",
    "prices": [
      {
        "state": "NSW",
        "price": "7400",
        "price_per_unit": "2467",
        "price_unit": "ML"
      },
      {
        "state": "VIC",
        "price": "7400",
        "price_per_unit": "2467",
        "price_unit": "ML"
      },
      {
        "state": "QLD",
        "price": "7400",
        "price_per_unit": "2467",
        "price_unit": "ML"
      },
      {
        "state": "WA",
        "price": "7400",
        "price_per_unit": "2467",
        "price_unit": "ML"
      },
      {
        "state": "SA",
        "price": "7400",
        "price_per_unit": "2467",
        "price_unit": "ML"
      },
      {
        "state": "TAS",
        "price": "7400",
        "price_per_unit": "2467",
        "price_unit": "ML"
      },
      {
        "state": "ACT",
        "price": "7400",
        "price_per_unit": "2467",
        "price_unit": "ML"
      },
      {
        "state": "NT",
        "price": "7400",
        "price_per_unit": "2467",
        "price_unit": "ML"
      }
    ]
  },
  {
    "source_url": "https://www.woolworths.com.au/shop/productdetails/1075984470/bareminerals-original-pure-serum-radiant-natural-liquid-foundation-mineral-spf-20-medium-deep-neutral-4-5-30ml-1oz",
    "name": "BareMinerals Original Pure Serum Radiant Natural Liquid Foundation Mineral SPF 20 - #Medium Deep Neutral 4.5 30ml/1oz",
    "image_url": "https://cdn1.woolworths.media/content/wowproductimages/large/1075984470.jpg",
    "source_id": "Woolworths - 1075984470",
    "barcode": null,
    "shop": "Woolworths",
    "weight": "10ML",
    "prices": [
      {
        "state": "NSW",
        "price": "7400",
        "price_per_unit": "2467",
        "price_unit": "ML"
      },
      {
        "state": "VIC",
        "price": "7400",
        "price_per_unit": "2467",
        "price_unit": "ML"
      },
      {
        "state": "QLD",
        "price": "7400",
        "price_per_unit": "2467",
        "price_unit": "ML"
      },
      {
        "state": "WA",
        "price": "7400",
        "price_per_unit": "2467",
        "price_unit": "ML"
      },
      {
        "state": "SA",
        "price": "7400",
        "price_per_unit": "2467",
        "price_unit": "ML"
      },
      {
        "state": "TAS",
        "price": "7400",
        "price_per_unit": "2467",
        "price_unit": "ML"
      },
      {
        "state": "ACT",
        "price": "7400",
        "price_per_unit": "2467",
        "price_unit": "ML"
      },
      {
        "state": "NT",
        "price": "7400",
        "price_per_unit": "2467",
        "price_unit": "ML"
      }
    ]
  },
  {
    "source_url": "https://www.woolworths.com.au/shop/productdetails/1075837485/bareminerals-original-spf-15-foundation-golden-medium-8g-0-28oz",
    "name": "BareMinerals Original SPF 15 Foundation - # Golden Medium 8g/0.28oz",
    "image_url": "https://cdn1.woolworths.media/content/wowproductimages/large/1075837485.jpg",
    "source_id": "Woolworths - 1075837485",
    "barcode": null,
    "shop": "Woolworths",
    "weight": "10G",
    "prices": [
      {
        "state": "NSW",
        "price": "11550",
        "price_per_unit": "14438",
        "price_unit": "G"
      },
      {
        "state": "VIC",
        "price": "11550",
        "price_per_unit": "14438",
        "price_unit": "G"
      },
      {
        "state": "QLD",
        "price": "11550",
        "price_per_unit": "14438",
        "price_unit": "G"
      },
      {
        "state": "WA",
        "price": "11550",
        "price_per_unit": "14438",
        "price_unit": "G"
      },
      {
        "state": "SA",
        "price": "11550",
        "price_per_unit": "14438",
        "price_unit": "G"
      },
      {
        "state": "TAS",
        "price": "11550",
        "price_per_unit": "14438",
        "price_unit": "G"
      },
      {
        "state": "ACT",
        "price": "11550",
        "price_per_unit": "14438",
        "price_unit": "G"
      },
      {
        "state": "NT",
        "price": "11550",
        "price_per_unit": "14438",
        "price_unit": "G"
      }
    ]
  },
  {
    "source_url": "https://www.woolworths.com.au/shop/productdetails/1075984471/bareminerals-prime-time-daily-protecting-primer-spf-30-30ml-1oz",
    "name": "BareMinerals Prime Time Daily Protecting Primer SPF 30 30ml/1oz",
    "image_url": "https://cdn1.woolworths.media/content/wowproductimages/large/default.png",
    "source_id": "Woolworths - 1075984471",
    "barcode": null,
    "shop": "Woolworths",
    "weight": "10ML",
    "prices": [
      {
        "state": "NSW",
        "price": "5100",
        "price_per_unit": "1700",
        "price_unit": "ML"
      },
      {
        "state": "VIC",
        "price": "5100",
        "price_per_unit": "1700",
        "price_unit": "ML"
      },
      {
        "state": "QLD",
        "price": "5100",
        "price_per_unit": "1700",
        "price_unit": "ML"
      },
      {
        "state": "WA",
        "price": "5100",
        "price_per_unit": "1700",
        "price_unit": "ML"
      },
      {
        "state": "SA",
        "price": "5100",
        "price_per_unit": "1700",
        "price_unit": "ML"
      },
      {
        "state": "TAS",
        "price": "5100",
        "price_per_unit": "1700",
        "price_unit": "ML"
      },
      {
        "state": "ACT",
        "price": "5100",
        "price_per_unit": "1700",
        "price_unit": "ML"
      },
      {
        "state": "NT",
        "price": "5100",
        "price_per_unit": "1700",
        "price_unit": "ML"
      }
    ]
  },
  {
    "source_url": "https://www.woolworths.com.au/shop/productdetails/1075984472/bareminerals-prime-time-hydrate-and-glow-primer-30ml-1oz",
    "name": "BareMinerals Prime Time Hydrate and Glow Primer 30ml/1oz",
    "image_url": "https://cdn1.woolworths.media/content/wowproductimages/large/default.png",
    "source_id": "Woolworths - 1075984472",
    "barcode": null,
    "shop": "Woolworths",
    "weight": "10ML",
    "prices": [
      {
        "state": "NSW",
        "price": "5100",
        "price_per_unit": "1700",
        "price_unit": "ML"
      },
      {
        "state": "VIC",
        "price": "5100",
        "price_per_unit": "1700",
        "price_unit": "ML"
      },
      {
        "state": "QLD",
        "price": "5100",
        "price_per_unit": "1700",
        "price_unit": "ML"
      },
      {
        "state": "WA",
        "price": "5100",
        "price_per_unit": "1700",
        "price_unit": "ML"
      },
      {
        "state": "SA",
        "price": "5100",
        "price_per_unit": "1700",
        "price_unit": "ML"
      },
      {
        "state": "TAS",
        "price": "5100",
        "price_per_unit": "1700",
        "price_unit": "ML"
      },
      {
        "state": "ACT",
        "price": "5100",
        "price_per_unit": "1700",
        "price_unit": "ML"
      },
      {
        "state": "NT",
        "price": "5100",
        "price_per_unit": "1700",
        "price_unit": "ML"
      }
    ]
  },
  {
    "source_url": "https://www.woolworths.com.au/shop/productdetails/1075984473/bareminerals-prime-time-original-pore-minimizing-primer-30ml-1oz",
    "name": "BareMinerals Prime Time Original Pore Minimizing Primer 30ml/1oz",
    "image_url": "https://cdn1.woolworths.media/content/wowproductimages/large/default.png",
    "source_id": "Woolworths - 1075984473",
    "barcode": null,
    "shop": "Woolworths",
    "weight": "10ML",
    "prices": [
      {
        "state": "NSW",
        "price": "5100",
        "price_per_unit": "1700",
        "price_unit": "ML"
      },
      {
        "state": "VIC",
        "price": "5100",
        "price_per_unit": "1700",
        "price_unit": "ML"
      },
      {
        "state": "QLD",
        "price": "5100",
        "price_per_unit": "1700",
        "price_unit": "ML"
      },
      {
        "state": "WA",
        "price": "5100",
        "price_per_unit": "1700",
        "price_unit": "ML"
      },
      {
        "state": "SA",
        "price": "5100",
        "price_per_unit": "1700",
        "price_unit": "ML"
      },
      {
        "state": "TAS",
        "price": "5100",
        "price_per_unit": "1700",
        "price_unit": "ML"
      },
      {
        "state": "ACT",
        "price": "5100",
        "price_per_unit": "1700",
        "price_unit": "ML"
      },
      {
        "state": "NT",
        "price": "5100",
        "price_per_unit": "1700",
        "price_unit": "ML"
      }
    ]
  },
  {
    "source_url": "https://www.woolworths.com.au/shop/productdetails/1075984474/bareminerals-prime-time-redness-reducing-primer-30ml-1oz",
    "name": "BareMinerals Prime Time Redness Reducing Primer 30ml/1oz",
    "image_url": "https://cdn1.woolworths.media/content/wowproductimages/large/default.png",
    "source_id": "Woolworths - 1075984474",
    "barcode": null,
    "shop": "Woolworths",
    "weight": "10ML",
    "prices": [
      {
        "state": "NSW",
        "price": "5100",
        "price_per_unit": "1700",
        "price_unit": "ML"
      },
      {
        "state": "VIC",
        "price": "5100",
        "price_per_unit": "1700",
        "price_unit": "ML"
      },
      {
        "state": "QLD",
        "price": "5100",
        "price_per_unit": "1700",
        "price_unit": "ML"
      },
      {
        "state": "WA",
        "price": "5100",
        "price_per_unit": "1700",
        "price_unit": "ML"
      },
      {
        "state": "SA",
        "price": "5100",
        "price_per_unit": "1700",
        "price_unit": "ML"
      },
      {
        "state": "TAS",
        "price": "5100",
        "price_per_unit": "1700",
        "price_unit": "ML"
      },
      {
        "state": "ACT",
        "price": "5100",
        "price_per_unit": "1700",
        "price_unit": "ML"
      },
      {
        "state": "NT",
        "price": "5100",
        "price_per_unit": "1700",
        "price_unit": "ML"
      }
    ]
  },
  {
    "source_url": "https://www.woolworths.com.au/shop/productdetails/1074713204/becca-aqua-luminous-perfecting-foundation-deep-bronze-30ml-1oz",
    "name": "Becca Aqua Luminous Perfecting Foundation - Deep Bronze 30ml/1oz",
    "image_url": "https://cdn1.woolworths.media/content/wowproductimages/large/1074713204.jpg",
    "source_id": "Woolworths - 1074713204",
    "barcode": null,
    "shop": "Woolworths",
    "weight": "10ML",
    "prices": [
      {
        "state": "NSW",
        "price": "6595",
        "price_per_unit": "2198",
        "price_unit": "ML"
      },
      {
        "state": "VIC",
        "price": "6595",
        "price_per_unit": "2198",
        "price_unit": "ML"
      },
      {
        "state": "QLD",
        "price": "6595",
        "price_per_unit": "2198",
        "price_unit": "ML"
      },
      {
        "state": "WA",
        "price": "6595",
        "price_per_unit": "2198",
        "price_unit": "ML"
      },
      {
        "state": "SA",
        "price": "6595",
        "price_per_unit": "2198",
        "price_unit": "ML"
      },
      {
        "state": "TAS",
        "price": "6595",
        "price_per_unit": "2198",
        "price_unit": "ML"
      },
      {
        "state": "ACT",
        "price": "6595",
        "price_per_unit": "2198",
        "price_unit": "ML"
      },
      {
        "state": "NT",
        "price": "6595",
        "price_per_unit": "2198",
        "price_unit": "ML"
      }
    ]
  },
  {
    "source_url": "https://www.woolworths.com.au/shop/productdetails/1074131746/becca-shimmering-skin-perfector-pressed-powder-moonstone-7g-0-25oz",
    "name": "Becca Shimmering Skin Perfector Pressed Powder - # Moonstone 7g/0.25oz",
    "image_url": "https://cdn1.woolworths.media/content/wowproductimages/large/1074131746.jpg",
    "source_id": "Woolworths - 1074131746",
    "barcode": null,
    "shop": "Woolworths",
    "weight": "10G",
    "prices": [
      {
        "state": "NSW",
        "price": "8690",
        "price_per_unit": "12414",
        "price_unit": "G"
      },
      {
        "state": "VIC",
        "price": "8690",
        "price_per_unit": "12414",
        "price_unit": "G"
      },
      {
        "state": "QLD",
        "price": "8690",
        "price_per_unit": "12414",
        "price_unit": "G"
      },
      {
        "state": "WA",
        "price": "8690",
        "price_per_unit": "12414",
        "price_unit": "G"
      },
      {
        "state": "SA",
        "price": "8690",
        "price_per_unit": "12414",
        "price_unit": "G"
      },
      {
        "state": "TAS",
        "price": "8690",
        "price_per_unit": "12414",
        "price_unit": "G"
      },
      {
        "state": "ACT",
        "price": "8690",
        "price_per_unit": "12414",
        "price_unit": "G"
      },
      {
        "state": "NT",
        "price": "8690",
        "price_per_unit": "12414",
        "price_unit": "G"
      }
    ]
  },
  {
    "source_url": "https://www.woolworths.com.au/shop/productdetails/1074713445/becca-shimmering-skin-perfector-pressed-powder-moonstone-8g-0-28oz",
    "name": "Becca Shimmering Skin Perfector Pressed Powder - # Moonstone 8g/0.28oz",
    "image_url": "https://cdn1.woolworths.media/content/wowproductimages/large/1074713445.jpg",
    "source_id": "Woolworths - 1074713445",
    "barcode": null,
    "shop": "Woolworths",
    "weight": "10G",
    "prices": [
      {
        "state": "NSW",
        "price": "4895",
        "price_per_unit": "6119",
        "price_unit": "G"
      },
      {
        "state": "VIC",
        "price": "4895",
        "price_per_unit": "6119",
        "price_unit": "G"
      },
      {
        "state": "QLD",
        "price": "4895",
        "price_per_unit": "6119",
        "price_unit": "G"
      },
      {
        "state": "WA",
        "price": "4895",
        "price_per_unit": "6119",
        "price_unit": "G"
      },
      {
        "state": "SA",
        "price": "4895",
        "price_per_unit": "6119",
        "price_unit": "G"
      },
      {
        "state": "TAS",
        "price": "4895",
        "price_per_unit": "6119",
        "price_unit": "G"
      },
      {
        "state": "ACT",
        "price": "4895",
        "price_per_unit": "6119",
        "price_unit": "G"
      },
      {
        "state": "NT",
        "price": "4895",
        "price_per_unit": "6119",
        "price_unit": "G"
      }
    ]
  },
  {
    "source_url": "https://www.woolworths.com.au/shop/productdetails/1074131747/becca-shimmering-skin-perfector-pressed-powder-opal-8g-0-28oz",
    "name": "Becca Shimmering Skin Perfector Pressed Powder - # Opal 8g/0.28oz",
    "image_url": "https://cdn1.woolworths.media/content/wowproductimages/large/1074131747.jpg",
    "source_id": "Woolworths - 1074131747",
    "barcode": null,
    "shop": "Woolworths",
    "weight": "10G",
    "prices": [
      {
        "state": "NSW",
        "price": "8140",
        "price_per_unit": "10175",
        "price_unit": "G"
      },
      {
        "state": "VIC",
        "price": "8140",
        "price_per_unit": "10175",
        "price_unit": "G"
      },
      {
        "state": "QLD",
        "price": "8140",
        "price_per_unit": "10175",
        "price_unit": "G"
      },
      {
        "state": "WA",
        "price": "8140",
        "price_per_unit": "10175",
        "price_unit": "G"
      },
      {
        "state": "SA",
        "price": "8140",
        "price_per_unit": "10175",
        "price_unit": "G"
      },
      {
        "state": "TAS",
        "price": "8140",
        "price_per_unit": "10175",
        "price_unit": "G"
      },
      {
        "state": "ACT",
        "price": "8140",
        "price_per_unit": "10175",
        "price_unit": "G"
      },
      {
        "state": "NT",
        "price": "8140",
        "price_per_unit": "10175",
        "price_unit": "G"
      }
    ]
  },
  {
    "source_url": "https://www.woolworths.com.au/shop/productdetails/1074713437/becca-shimmering-skin-perfector-pressed-powder-opal-8g-0-28oz",
    "name": "Becca Shimmering Skin Perfector Pressed Powder - # Opal 8g/0.28oz",
    "image_url": "https://cdn1.woolworths.media/content/wowproductimages/large/1074713437.jpg",
    "source_id": "Woolworths - 1074713437",
    "barcode": null,
    "shop": "Woolworths",
    "weight": "10G",
    "prices": [
      {
        "state": "NSW",
        "price": "4395",
        "price_per_unit": "5494",
        "price_unit": "G"
      },
      {
        "state": "VIC",
        "price": "4395",
        "price_per_unit": "5494",
        "price_unit": "G"
      },
      {
        "state": "QLD",
        "price": "4395",
        "price_per_unit": "5494",
        "price_unit": "G"
      },
      {
        "state": "WA",
        "price": "4395",
        "price_per_unit": "5494",
        "price_unit": "G"
      },
      {
        "state": "SA",
        "price": "4395",
        "price_per_unit": "5494",
        "price_unit": "G"
      },
      {
        "state": "TAS",
        "price": "4395",
        "price_per_unit": "5494",
        "price_unit": "G"
      },
      {
        "state": "ACT",
        "price": "4395",
        "price_per_unit": "5494",
        "price_unit": "G"
      },
      {
        "state": "NT",
        "price": "4395",
        "price_per_unit": "5494",
        "price_unit": "G"
      }
    ]
  },
  {
    "source_url": "https://www.woolworths.com.au/shop/productdetails/1074636787/becca-skin-love-weightless-blur-foundation-chestnut-35ml-1-23oz",
    "name": "Becca Skin Love Weightless Blur Foundation - # Chestnut 35ml/1.23oz",
    "image_url": "https://cdn1.woolworths.media/content/wowproductimages/large/1074636787.jpg",
    "source_id": "Woolworths - 1074636787",
    "barcode": null,
    "shop": "Woolworths",
    "weight": "10ML",
    "prices": [
      {
        "state": "NSW",
        "price": "11110",
        "price_per_unit": "3174",
        "price_unit": "ML"
      },
      {
        "state": "VIC",
        "price": "11110",
        "price_per_unit": "3174",
        "price_unit": "ML"
      },
      {
        "state": "QLD",
        "price": "11110",
        "price_per_unit": "3174",
        "price_unit": "ML"
      },
      {
        "state": "WA",
        "price": "11110",
        "price_per_unit": "3174",
        "price_unit": "ML"
      },
      {
        "state": "SA",
        "price": "11110",
        "price_per_unit": "3174",
        "price_unit": "ML"
      },
      {
        "state": "TAS",
        "price": "11110",
        "price_per_unit": "3174",
        "price_unit": "ML"
      },
      {
        "state": "ACT",
        "price": "11110",
        "price_per_unit": "3174",
        "price_unit": "ML"
      },
      {
        "state": "NT",
        "price": "11110",
        "price_per_unit": "3174",
        "price_unit": "ML"
      }
    ]
  },
  {
    "source_url": "https://www.woolworths.com.au/shop/productdetails/1074924557/bellapierre-cosmetics-compact-mineral-blush-suede-10g-0-35oz",
    "name": "Bellapierre Cosmetics Compact Mineral Blush - # Suede 10g/0.35oz",
    "image_url": "https://cdn1.woolworths.media/content/wowproductimages/large/1074924557.jpg",
    "source_id": "Woolworths - 1074924557",
    "barcode": null,
    "shop": "Woolworths",
    "weight": "10G",
    "prices": [
      {
        "state": "NSW",
        "price": "5100",
        "price_per_unit": "5100",
        "price_unit": "G"
      },
      {
        "state": "VIC",
        "price": "5100",
        "price_per_unit": "5100",
        "price_unit": "G"
      },
      {
        "state": "QLD",
        "price": "5100",
        "price_per_unit": "5100",
        "price_unit": "G"
      },
      {
        "state": "WA",
        "price": "5100",
        "price_per_unit": "5100",
        "price_unit": "G"
      },
      {
        "state": "SA",
        "price": "5100",
        "price_per_unit": "5100",
        "price_unit": "G"
      },
      {
        "state": "TAS",
        "price": "5100",
        "price_per_unit": "5100",
        "price_unit": "G"
      },
      {
        "state": "ACT",
        "price": "5100",
        "price_per_unit": "5100",
        "price_unit": "G"
      },
      {
        "state": "NT",
        "price": "5100",
        "price_per_unit": "5100",
        "price_unit": "G"
      }
    ]
  },
  {
    "source_url": "https://www.woolworths.com.au/shop/productdetails/1074499511/bellapierre-cosmetics-compact-mineral-blush-amaretto-10g-0-35oz",
    "name": "Bellapierre Cosmetics Compact Mineral Blush Amaretto 10g/0.35oz",
    "image_url": "https://cdn1.woolworths.media/content/wowproductimages/large/1074499511.jpg",
    "source_id": "Woolworths - 1074499511",
    "barcode": null,
    "shop": "Woolworths",
    "weight": "1EA",
    "prices": [
      {
        "state": "NSW",
        "price": "3995",
        "price_per_unit": "3995",
        "price_unit": "EA"
      },
      {
        "state": "VIC",
        "price": "3995",
        "price_per_unit": "3995",
        "price_unit": "EA"
      },
      {
        "state": "QLD",
        "price": "3995",
        "price_per_unit": "3995",
        "price_unit": "EA"
      },
      {
        "state": "WA",
        "price": "3995",
        "price_per_unit": "3995",
        "price_unit": "EA"
      },
      {
        "state": "SA",
        "price": "3995",
        "price_per_unit": "3995",
        "price_unit": "EA"
      },
      {
        "state": "TAS",
        "price": "3995",
        "price_per_unit": "3995",
        "price_unit": "EA"
      },
      {
        "state": "ACT",
        "price": "3995",
        "price_per_unit": "3995",
        "price_unit": "EA"
      },
      {
        "state": "NT",
        "price": "3995",
        "price_per_unit": "3995",
        "price_unit": "EA"
      }
    ]
  },
  {
    "source_url": "https://www.woolworths.com.au/shop/productdetails/1074499512/bellapierre-cosmetics-compact-mineral-blush-autumn-glow-10g-0-35oz",
    "name": "Bellapierre Cosmetics Compact Mineral Blush Autumn Glow 10g/0.35oz",
    "image_url": "https://cdn1.woolworths.media/content/wowproductimages/large/1074499512.jpg",
    "source_id": "Woolworths - 1074499512",
    "barcode": null,
    "shop": "Woolworths",
    "weight": "1EA",
    "prices": [
      {
        "state": "NSW",
        "price": "3995",
        "price_per_unit": "3995",
        "price_unit": "EA"
      },
      {
        "state": "VIC",
        "price": "3995",
        "price_per_unit": "3995",
        "price_unit": "EA"
      },
      {
        "state": "QLD",
        "price": "3995",
        "price_per_unit": "3995",
        "price_unit": "EA"
      },
      {
        "state": "WA",
        "price": "3995",
        "price_per_unit": "3995",
        "price_unit": "EA"
      },
      {
        "state": "SA",
        "price": "3995",
        "price_per_unit": "3995",
        "price_unit": "EA"
      },
      {
        "state": "TAS",
        "price": "3995",
        "price_per_unit": "3995",
        "price_unit": "EA"
      },
      {
        "state": "ACT",
        "price": "3995",
        "price_per_unit": "3995",
        "price_unit": "EA"
      },
      {
        "state": "NT",
        "price": "3995",
        "price_per_unit": "3995",
        "price_unit": "EA"
      }
    ]
  },
  {
    "source_url": "https://www.woolworths.com.au/shop/productdetails/1074499513/bellapierre-cosmetics-compact-mineral-blush-suede-10g-0-35oz",
    "name": "Bellapierre Cosmetics Compact Mineral Blush Suede 10g/0.35oz",
    "image_url": "https://cdn1.woolworths.media/content/wowproductimages/large/1074499513.jpg",
    "source_id": "Woolworths - 1074499513",
    "barcode": null,
    "shop": "Woolworths",
    "weight": "1EA",
    "prices": [
      {
        "state": "NSW",
        "price": "3995",
        "price_per_unit": "3995",
        "price_unit": "EA"
      },
      {
        "state": "VIC",
        "price": "3995",
        "price_per_unit": "3995",
        "price_unit": "EA"
      },
      {
        "state": "QLD",
        "price": "3995",
        "price_per_unit": "3995",
        "price_unit": "EA"
      },
      {
        "state": "WA",
        "price": "3995",
        "price_per_unit": "3995",
        "price_unit": "EA"
      },
      {
        "state": "SA",
        "price": "3995",
        "price_per_unit": "3995",
        "price_unit": "EA"
      },
      {
        "state": "TAS",
        "price": "3995",
        "price_per_unit": "3995",
        "price_unit": "EA"
      },
      {
        "state": "ACT",
        "price": "3995",
        "price_per_unit": "3995",
        "price_unit": "EA"
      },
      {
        "state": "NT",
        "price": "3995",
        "price_per_unit": "3995",
        "price_unit": "EA"
      }
    ]
  },
  {
    "source_url": "https://www.woolworths.com.au/shop/productdetails/1074499514/bellapierre-cosmetics-compact-mineral-bronzer-pure-element",
    "name": "Bellapierre Cosmetics Compact Mineral Bronzer - Pure Element",
    "image_url": "https://cdn1.woolworths.media/content/wowproductimages/large/1074499514.jpg",
    "source_id": "Woolworths - 1074499514",
    "barcode": null,
    "shop": "Woolworths",
    "weight": "1EA",
    "prices": [
      {
        "state": "NSW",
        "price": "3995",
        "price_per_unit": "3995",
        "price_unit": "EA"
      },
      {
        "state": "VIC",
        "price": "3995",
        "price_per_unit": "3995",
        "price_unit": "EA"
      },
      {
        "state": "QLD",
        "price": "3995",
        "price_per_unit": "3995",
        "price_unit": "EA"
      },
      {
        "state": "WA",
        "price": "3995",
        "price_per_unit": "3995",
        "price_unit": "EA"
      },
      {
        "state": "SA",
        "price": "3995",
        "price_per_unit": "3995",
        "price_unit": "EA"
      },
      {
        "state": "TAS",
        "price": "3995",
        "price_per_unit": "3995",
        "price_unit": "EA"
      },
      {
        "state": "ACT",
        "price": "3995",
        "price_per_unit": "3995",
        "price_unit": "EA"
      },
      {
        "state": "NT",
        "price": "3995",
        "price_per_unit": "3995",
        "price_unit": "EA"
      }
    ]
  },
  {
    "source_url": "https://www.woolworths.com.au/shop/productdetails/1074499515/bellapierre-cosmetics-compact-mineral-bronzer-starshine",
    "name": "Bellapierre Cosmetics Compact Mineral Bronzer - Starshine",
    "image_url": "https://cdn1.woolworths.media/content/wowproductimages/large/1074499515.jpg",
    "source_id": "Woolworths - 1074499515",
    "barcode": null,
    "shop": "Woolworths",
    "weight": "1EA",
    "prices": [
      {
        "state": "NSW",
        "price": "3995",
        "price_per_unit": "3995",
        "price_unit": "EA"
      },
      {
        "state": "VIC",
        "price": "3995",
        "price_per_unit": "3995",
        "price_unit": "EA"
      },
      {
        "state": "QLD",
        "price": "3995",
        "price_per_unit": "3995",
        "price_unit": "EA"
      },
      {
        "state": "WA",
        "price": "3995",
        "price_per_unit": "3995",
        "price_unit": "EA"
      },
      {
        "state": "SA",
        "price": "3995",
        "price_per_unit": "3995",
        "price_unit": "EA"
      },
      {
        "state": "TAS",
        "price": "3995",
        "price_per_unit": "3995",
        "price_unit": "EA"
      },
      {
        "state": "ACT",
        "price": "3995",
        "price_per_unit": "3995",
        "price_unit": "EA"
      },
      {
        "state": "NT",
        "price": "3995",
        "price_per_unit": "3995",
        "price_unit": "EA"
      }
    ]
  },
  {
    "source_url": "https://www.woolworths.com.au/shop/productdetails/1074499516/bellapierre-cosmetics-compact-mineral-face-body-bronzer-kisses-10g-0-35oz",
    "name": "Bellapierre Cosmetics Compact Mineral Face & Body Bronzer Kisses 10g/0.35oz",
    "image_url": "https://cdn1.woolworths.media/content/wowproductimages/large/1074499516.jpg",
    "source_id": "Woolworths - 1074499516",
    "barcode": null,
    "shop": "Woolworths",
    "weight": "1EA",
    "prices": [
      {
        "state": "NSW",
        "price": "3995",
        "price_per_unit": "3995",
        "price_unit": "EA"
      },
      {
        "state": "VIC",
        "price": "3995",
        "price_per_unit": "3995",
        "price_unit": "EA"
      },
      {
        "state": "QLD",
        "price": "3995",
        "price_per_unit": "3995",
        "price_unit": "EA"
      },
      {
        "state": "WA",
        "price": "3995",
        "price_per_unit": "3995",
        "price_unit": "EA"
      },
      {
        "state": "SA",
        "price": "3995",
        "price_per_unit": "3995",
        "price_unit": "EA"
      },
      {
        "state": "TAS",
        "price": "3995",
        "price_per_unit": "3995",
        "price_unit": "EA"
      },
      {
        "state": "ACT",
        "price": "3995",
        "price_per_unit": "3995",
        "price_unit": "EA"
      },
      {
        "state": "NT",
        "price": "3995",
        "price_per_unit": "3995",
        "price_unit": "EA"
      }
    ]
  },
  {
    "source_url": "https://www.woolworths.com.au/shop/productdetails/1074499517/bellapierre-cosmetics-compact-mineral-face-body-bronzer-peony-10g-0-35oz",
    "name": "Bellapierre Cosmetics Compact Mineral Face & Body Bronzer Peony 10g/0.35oz",
    "image_url": "https://cdn1.woolworths.media/content/wowproductimages/large/1074499517.jpg",
    "source_id": "Woolworths - 1074499517",
    "barcode": null,
    "shop": "Woolworths",
    "weight": "1EA",
    "prices": [
      {
        "state": "NSW",
        "price": "3995",
        "price_per_unit": "3995",
        "price_unit": "EA"
      },
      {
        "state": "VIC",
        "price": "3995",
        "price_per_unit": "3995",
        "price_unit": "EA"
      },
      {
        "state": "QLD",
        "price": "3995",
        "price_per_unit": "3995",
        "price_unit": "EA"
      },
      {
        "state": "WA",
        "price": "3995",
        "price_per_unit": "3995",
        "price_unit": "EA"
      },
      {
        "state": "SA",
        "price": "3995",
        "price_per_unit": "3995",
        "price_unit": "EA"
      },
      {
        "state": "TAS",
        "price": "3995",
        "price_per_unit": "3995",
        "price_unit": "EA"
      },
      {
        "state": "ACT",
        "price": "3995",
        "price_per_unit": "3995",
        "price_unit": "EA"
      },
      {
        "state": "NT",
        "price": "3995",
        "price_per_unit": "3995",
        "price_unit": "EA"
      }
    ]
  },
  {
    "source_url": "https://www.woolworths.com.au/shop/productdetails/1074499518/bellapierre-cosmetics-derma-renew-bb-cream-light-40ml-1-5oz",
    "name": "Bellapierre Cosmetics Derma Renew BB Cream Light 40ml/1.5oz",
    "image_url": "https://cdn1.woolworths.media/content/wowproductimages/large/1074499518.jpg",
    "source_id": "Woolworths - 1074499518",
    "barcode": null,
    "shop": "Woolworths",
    "weight": "1EA",
    "prices": [
      {
        "state": "NSW",
        "price": "3695",
        "price_per_unit": "3695",
        "price_unit": "EA"
      },
      {
        "state": "VIC",
        "price": "3695",
        "price_per_unit": "3695",
        "price_unit": "EA"
      },
      {
        "state": "QLD",
        "price": "3695",
        "price_per_unit": "3695",
        "price_unit": "EA"
      },
      {
        "state": "WA",
        "price": "3695",
        "price_per_unit": "3695",
        "price_unit": "EA"
      },
      {
        "state": "SA",
        "price": "3695",
        "price_per_unit": "3695",
        "price_unit": "EA"
      },
      {
        "state": "TAS",
        "price": "3695",
        "price_per_unit": "3695",
        "price_unit": "EA"
      },
      {
        "state": "ACT",
        "price": "3695",
        "price_per_unit": "3695",
        "price_unit": "EA"
      },
      {
        "state": "NT",
        "price": "3695",
        "price_per_unit": "3695",
        "price_unit": "EA"
      }
    ]
  },
  {
    "source_url": "https://www.woolworths.com.au/shop/productdetails/1074499520/bellapierre-cosmetics-derma-renew-bb-cream-spf-15-medium-40ml-1-5oz",
    "name": "Bellapierre Cosmetics Derma Renew BB Cream SPF 15 Medium 40ml/1.5oz",
    "image_url": "https://cdn1.woolworths.media/content/wowproductimages/large/1074499520.jpg",
    "source_id": "Woolworths - 1074499520",
    "barcode": null,
    "shop": "Woolworths",
    "weight": "1EA",
    "prices": [
      {
        "state": "NSW",
        "price": "3695",
        "price_per_unit": "3695",
        "price_unit": "EA"
      },
      {
        "state": "VIC",
        "price": "3695",
        "price_per_unit": "3695",
        "price_unit": "EA"
      },
      {
        "state": "QLD",
        "price": "3695",
        "price_per_unit": "3695",
        "price_unit": "EA"
      },
      {
        "state": "WA",
        "price": "3695",
        "price_per_unit": "3695",
        "price_unit": "EA"
      },
      {
        "state": "SA",
        "price": "3695",
        "price_per_unit": "3695",
        "price_unit": "EA"
      },
      {
        "state": "TAS",
        "price": "3695",
        "price_per_unit": "3695",
        "price_unit": "EA"
      },
      {
        "state": "ACT",
        "price": "3695",
        "price_per_unit": "3695",
        "price_unit": "EA"
      },
      {
        "state": "NT",
        "price": "3695",
        "price_per_unit": "3695",
        "price_unit": "EA"
      }
    ]
  },
  {
    "source_url": "https://www.woolworths.com.au/shop/productdetails/1074499521/bellapierre-cosmetics-hd-makeup-primer-30ml-1-01oz",
    "name": "Bellapierre Cosmetics HD Makeup Primer 30ml/1.01oz",
    "image_url": "https://cdn1.woolworths.media/content/wowproductimages/large/1074499521.jpg",
    "source_id": "Woolworths - 1074499521",
    "barcode": null,
    "shop": "Woolworths",
    "weight": "10ML",
    "prices": [
      {
        "state": "NSW",
        "price": "6000",
        "price_per_unit": "2000",
        "price_unit": "ML"
      },
      {
        "state": "VIC",
        "price": "6000",
        "price_per_unit": "2000",
        "price_unit": "ML"
      },
      {
        "state": "QLD",
        "price": "6000",
        "price_per_unit": "2000",
        "price_unit": "ML"
      },
      {
        "state": "WA",
        "price": "6000",
        "price_per_unit": "2000",
        "price_unit": "ML"
      },
      {
        "state": "SA",
        "price": "6000",
        "price_per_unit": "2000",
        "price_unit": "ML"
      },
      {
        "state": "TAS",
        "price": "6000",
        "price_per_unit": "2000",
        "price_unit": "ML"
      },
      {
        "state": "ACT",
        "price": "6000",
        "price_per_unit": "2000",
        "price_unit": "ML"
      },
      {
        "state": "NT",
        "price": "6000",
        "price_per_unit": "2000",
        "price_unit": "ML"
      }
    ]
  },
  {
    "source_url": "https://www.woolworths.com.au/shop/productdetails/1074499522/bellapierre-cosmetics-mineral-blush-amaretto",
    "name": "Bellapierre Cosmetics Mineral Blush - Amaretto",
    "image_url": "https://cdn1.woolworths.media/content/wowproductimages/large/1074499522.jpg",
    "source_id": "Woolworths - 1074499522",
    "barcode": null,
    "shop": "Woolworths",
    "weight": "1EA",
    "prices": [
      {
        "state": "NSW",
        "price": "3995",
        "price_per_unit": "3995",
        "price_unit": "EA"
      },
      {
        "state": "VIC",
        "price": "3995",
        "price_per_unit": "3995",
        "price_unit": "EA"
      },
      {
        "state": "QLD",
        "price": "3995",
        "price_per_unit": "3995",
        "price_unit": "EA"
      },
      {
        "state": "WA",
        "price": "3995",
        "price_per_unit": "3995",
        "price_unit": "EA"
      },
      {
        "state": "SA",
        "price": "3995",
        "price_per_unit": "3995",
        "price_unit": "EA"
      },
      {
        "state": "TAS",
        "price": "3995",
        "price_per_unit": "3995",
        "price_unit": "EA"
      },
      {
        "state": "ACT",
        "price": "3995",
        "price_per_unit": "3995",
        "price_unit": "EA"
      },
      {
        "state": "NT",
        "price": "3995",
        "price_per_unit": "3995",
        "price_unit": "EA"
      }
    ]
  },
  {
    "source_url": "https://www.woolworths.com.au/shop/productdetails/1074499523/bellapierre-cosmetics-mineral-blush-autumn-glow",
    "name": "Bellapierre Cosmetics Mineral Blush - Autumn Glow",
    "image_url": "https://cdn1.woolworths.media/content/wowproductimages/large/1074499523.jpg",
    "source_id": "Woolworths - 1074499523",
    "barcode": null,
    "shop": "Woolworths",
    "weight": "1EA",
    "prices": [
      {
        "state": "NSW",
        "price": "3995",
        "price_per_unit": "3995",
        "price_unit": "EA"
      },
      {
        "state": "VIC",
        "price": "3995",
        "price_per_unit": "3995",
        "price_unit": "EA"
      },
      {
        "state": "QLD",
        "price": "3995",
        "price_per_unit": "3995",
        "price_unit": "EA"
      },
      {
        "state": "WA",
        "price": "3995",
        "price_per_unit": "3995",
        "price_unit": "EA"
      },
      {
        "state": "SA",
        "price": "3995",
        "price_per_unit": "3995",
        "price_unit": "EA"
      },
      {
        "state": "TAS",
        "price": "3995",
        "price_per_unit": "3995",
        "price_unit": "EA"
      },
      {
        "state": "ACT",
        "price": "3995",
        "price_per_unit": "3995",
        "price_unit": "EA"
      },
      {
        "state": "NT",
        "price": "3995",
        "price_per_unit": "3995",
        "price_unit": "EA"
      }
    ]
  },
  {
    "source_url": "https://www.woolworths.com.au/shop/productdetails/1074499524/bellapierre-cosmetics-mineral-blush-desert-rose",
    "name": "Bellapierre Cosmetics Mineral Blush - Desert Rose",
    "image_url": "https://cdn1.woolworths.media/content/wowproductimages/large/1074499524.jpg",
    "source_id": "Woolworths - 1074499524",
    "barcode": null,
    "shop": "Woolworths",
    "weight": "1EA",
    "prices": [
      {
        "state": "NSW",
        "price": "3995",
        "price_per_unit": "3995",
        "price_unit": "EA"
      },
      {
        "state": "VIC",
        "price": "3995",
        "price_per_unit": "3995",
        "price_unit": "EA"
      },
      {
        "state": "QLD",
        "price": "3995",
        "price_per_unit": "3995",
        "price_unit": "EA"
      },
      {
        "state": "WA",
        "price": "3995",
        "price_per_unit": "3995",
        "price_unit": "EA"
      },
      {
        "state": "SA",
        "price": "3995",
        "price_per_unit": "3995",
        "price_unit": "EA"
      },
      {
        "state": "TAS",
        "price": "3995",
        "price_per_unit": "3995",
        "price_unit": "EA"
      },
      {
        "state": "ACT",
        "price": "3995",
        "price_per_unit": "3995",
        "price_unit": "EA"
      },
      {
        "state": "NT",
        "price": "3995",
        "price_per_unit": "3995",
        "price_unit": "EA"
      }
    ]
  },
  {
    "source_url": "https://www.woolworths.com.au/shop/productdetails/1074499525/bellapierre-cosmetics-mineral-blush-suede",
    "name": "Bellapierre Cosmetics Mineral Blush - Suede",
    "image_url": "https://cdn1.woolworths.media/content/wowproductimages/large/1074499525.jpg",
    "source_id": "Woolworths - 1074499525",
    "barcode": null,
    "shop": "Woolworths",
    "weight": "1EA",
    "prices": [
      {
        "state": "NSW",
        "price": "3995",
        "price_per_unit": "3995",
        "price_unit": "EA"
      },
      {
        "state": "VIC",
        "price": "3995",
        "price_per_unit": "3995",
        "price_unit": "EA"
      },
      {
        "state": "QLD",
        "price": "3995",
        "price_per_unit": "3995",
        "price_unit": "EA"
      },
      {
        "state": "WA",
        "price": "3995",
        "price_per_unit": "3995",
        "price_unit": "EA"
      },
      {
        "state": "SA",
        "price": "3995",
        "price_per_unit": "3995",
        "price_unit": "EA"
      },
      {
        "state": "TAS",
        "price": "3995",
        "price_per_unit": "3995",
        "price_unit": "EA"
      },
      {
        "state": "ACT",
        "price": "3995",
        "price_per_unit": "3995",
        "price_unit": "EA"
      },
      {
        "state": "NT",
        "price": "3995",
        "price_per_unit": "3995",
        "price_unit": "EA"
      }
    ]
  },
  {
    "source_url": "https://www.woolworths.com.au/shop/productdetails/1074499526/bellapierre-cosmetics-mineral-bronzer-peony",
    "name": "Bellapierre Cosmetics Mineral Bronzer - Peony",
    "image_url": "https://cdn1.woolworths.media/content/wowproductimages/large/1074499526.jpg",
    "source_id": "Woolworths - 1074499526",
    "barcode": null,
    "shop": "Woolworths",
    "weight": "1EA",
    "prices": [
      {
        "state": "NSW",
        "price": "3995",
        "price_per_unit": "3995",
        "price_unit": "EA"
      },
      {
        "state": "VIC",
        "price": "3995",
        "price_per_unit": "3995",
        "price_unit": "EA"
      },
      {
        "state": "QLD",
        "price": "3995",
        "price_per_unit": "3995",
        "price_unit": "EA"
      },
      {
        "state": "WA",
        "price": "3995",
        "price_per_unit": "3995",
        "price_unit": "EA"
      },
      {
        "state": "SA",
        "price": "3995",
        "price_per_unit": "3995",
        "price_unit": "EA"
      },
      {
        "state": "TAS",
        "price": "3995",
        "price_per_unit": "3995",
        "price_unit": "EA"
      },
      {
        "state": "ACT",
        "price": "3995",
        "price_per_unit": "3995",
        "price_unit": "EA"
      },
      {
        "state": "NT",
        "price": "3995",
        "price_per_unit": "3995",
        "price_unit": "EA"
      }
    ]
  },
  {
    "source_url": "https://www.woolworths.com.au/shop/productdetails/1074499527/bellapierre-cosmetics-mineral-bronzer-pure-element",
    "name": "Bellapierre Cosmetics Mineral Bronzer - Pure Element",
    "image_url": "https://cdn1.woolworths.media/content/wowproductimages/large/1074499527.jpg",
    "source_id": "Woolworths - 1074499527",
    "barcode": null,
    "shop": "Woolworths",
    "weight": "1EA",
    "prices": [
      {
        "state": "NSW",
        "price": "3995",
        "price_per_unit": "3995",
        "price_unit": "EA"
      },
      {
        "state": "VIC",
        "price": "3995",
        "price_per_unit": "3995",
        "price_unit": "EA"
      },
      {
        "state": "QLD",
        "price": "3995",
        "price_per_unit": "3995",
        "price_unit": "EA"
      },
      {
        "state": "WA",
        "price": "3995",
        "price_per_unit": "3995",
        "price_unit": "EA"
      },
      {
        "state": "SA",
        "price": "3995",
        "price_per_unit": "3995",
        "price_unit": "EA"
      },
      {
        "state": "TAS",
        "price": "3995",
        "price_per_unit": "3995",
        "price_unit": "EA"
      },
      {
        "state": "ACT",
        "price": "3995",
        "price_per_unit": "3995",
        "price_unit": "EA"
      },
      {
        "state": "NT",
        "price": "3995",
        "price_per_unit": "3995",
        "price_unit": "EA"
      }
    ]
  },
  {
    "source_url": "https://www.woolworths.com.au/shop/productdetails/1074499528/bellapierre-cosmetics-mineral-bronzer-starshine",
    "name": "Bellapierre Cosmetics Mineral Bronzer - Starshine",
    "image_url": "https://cdn1.woolworths.media/content/wowproductimages/large/1074499528.jpg",
    "source_id": "Woolworths - 1074499528",
    "barcode": null,
    "shop": "Woolworths",
    "weight": "1EA",
    "prices": [
      {
        "state": "NSW",
        "price": "3995",
        "price_per_unit": "3995",
        "price_unit": "EA"
      },
      {
        "state": "VIC",
        "price": "3995",
        "price_per_unit": "3995",
        "price_unit": "EA"
      },
      {
        "state": "QLD",
        "price": "3995",
        "price_per_unit": "3995",
        "price_unit": "EA"
      },
      {
        "state": "WA",
        "price": "3995",
        "price_per_unit": "3995",
        "price_unit": "EA"
      },
      {
        "state": "SA",
        "price": "3995",
        "price_per_unit": "3995",
        "price_unit": "EA"
      },
      {
        "state": "TAS",
        "price": "3995",
        "price_per_unit": "3995",
        "price_unit": "EA"
      },
      {
        "state": "ACT",
        "price": "3995",
        "price_per_unit": "3995",
        "price_unit": "EA"
      },
      {
        "state": "NT",
        "price": "3995",
        "price_per_unit": "3995",
        "price_unit": "EA"
      }
    ]
  },
  {
    "source_url": "https://www.woolworths.com.au/shop/productdetails/1074499530/bellapierre-mineral-foundation-hd-makeup-primer-latte",
    "name": "Bellapierre Mineral Foundation & HD Makeup Primer - Latte",
    "image_url": "https://cdn1.woolworths.media/content/wowproductimages/large/1074499530.jpg",
    "source_id": "Woolworths - 1074499530",
    "barcode": null,
    "shop": "Woolworths",
    "weight": "1EA",
    "prices": [
      {
        "state": "NSW",
        "price": "8000",
        "price_per_unit": "8000",
        "price_unit": "EA"
      },
      {
        "state": "VIC",
        "price": "8000",
        "price_per_unit": "8000",
        "price_unit": "EA"
      },
      {
        "state": "QLD",
        "price": "8000",
        "price_per_unit": "8000",
        "price_unit": "EA"
      },
      {
        "state": "WA",
        "price": "8000",
        "price_per_unit": "8000",
        "price_unit": "EA"
      },
      {
        "state": "SA",
        "price": "8000",
        "price_per_unit": "8000",
        "price_unit": "EA"
      },
      {
        "state": "TAS",
        "price": "8000",
        "price_per_unit": "8000",
        "price_unit": "EA"
      },
      {
        "state": "ACT",
        "price": "8000",
        "price_per_unit": "8000",
        "price_unit": "EA"
      },
      {
        "state": "NT",
        "price": "8000",
        "price_per_unit": "8000",
        "price_unit": "EA"
      }
    ]
  },
  {
    "source_url": "https://www.woolworths.com.au/shop/productdetails/1074499531/bellapierre-mineral-foundation-hd-makeup-primer-maple",
    "name": "Bellapierre Mineral Foundation & HD Makeup Primer - Maple",
    "image_url": "https://cdn1.woolworths.media/content/wowproductimages/large/1074499531.jpg",
    "source_id": "Woolworths - 1074499531",
    "barcode": null,
    "shop": "Woolworths",
    "weight": "1EA",
    "prices": [
      {
        "state": "NSW",
        "price": "8000",
        "price_per_unit": "8000",
        "price_unit": "EA"
      },
      {
        "state": "VIC",
        "price": "8000",
        "price_per_unit": "8000",
        "price_unit": "EA"
      },
      {
        "state": "QLD",
        "price": "8000",
        "price_per_unit": "8000",
        "price_unit": "EA"
      },
      {
        "state": "WA",
        "price": "8000",
        "price_per_unit": "8000",
        "price_unit": "EA"
      },
      {
        "state": "SA",
        "price": "8000",
        "price_per_unit": "8000",
        "price_unit": "EA"
      },
      {
        "state": "TAS",
        "price": "8000",
        "price_per_unit": "8000",
        "price_unit": "EA"
      },
      {
        "state": "ACT",
        "price": "8000",
        "price_per_unit": "8000",
        "price_unit": "EA"
      },
      {
        "state": "NT",
        "price": "8000",
        "price_per_unit": "8000",
        "price_unit": "EA"
      }
    ]
  },
  {
    "source_url": "https://www.woolworths.com.au/shop/productdetails/1074499532/bellapierre-mineral-foundation-hd-makeup-primer-nutmeg",
    "name": "Bellapierre Mineral Foundation & HD Makeup Primer - Nutmeg",
    "image_url": "https://cdn1.woolworths.media/content/wowproductimages/large/1074499532.jpg",
    "source_id": "Woolworths - 1074499532",
    "barcode": null,
    "shop": "Woolworths",
    "weight": "1EA",
    "prices": [
      {
        "state": "NSW",
        "price": "8000",
        "price_per_unit": "8000",
        "price_unit": "EA"
      },
      {
        "state": "VIC",
        "price": "8000",
        "price_per_unit": "8000",
        "price_unit": "EA"
      },
      {
        "state": "QLD",
        "price": "8000",
        "price_per_unit": "8000",
        "price_unit": "EA"
      },
      {
        "state": "WA",
        "price": "8000",
        "price_per_unit": "8000",
        "price_unit": "EA"
      },
      {
        "state": "SA",
        "price": "8000",
        "price_per_unit": "8000",
        "price_unit": "EA"
      },
      {
        "state": "TAS",
        "price": "8000",
        "price_per_unit": "8000",
        "price_unit": "EA"
      },
      {
        "state": "ACT",
        "price": "8000",
        "price_per_unit": "8000",
        "price_unit": "EA"
      },
      {
        "state": "NT",
        "price": "8000",
        "price_per_unit": "8000",
        "price_unit": "EA"
      }
    ]
  },
  {
    "source_url": "https://www.woolworths.com.au/shop/productdetails/1074499533/bellapierre-mineral-foundation-hd-makeup-primer-ultra",
    "name": "Bellapierre Mineral Foundation & HD Makeup Primer - Ultra",
    "image_url": "https://cdn1.woolworths.media/content/wowproductimages/large/1074499533.jpg",
    "source_id": "Woolworths - 1074499533",
    "barcode": null,
    "shop": "Woolworths",
    "weight": "1EA",
    "prices": [
      {
        "state": "NSW",
        "price": "8000",
        "price_per_unit": "8000",
        "price_unit": "EA"
      },
      {
        "state": "VIC",
        "price": "8000",
        "price_per_unit": "8000",
        "price_unit": "EA"
      },
      {
        "state": "QLD",
        "price": "8000",
        "price_per_unit": "8000",
        "price_unit": "EA"
      },
      {
        "state": "WA",
        "price": "8000",
        "price_per_unit": "8000",
        "price_unit": "EA"
      },
      {
        "state": "SA",
        "price": "8000",
        "price_per_unit": "8000",
        "price_unit": "EA"
      },
      {
        "state": "TAS",
        "price": "8000",
        "price_per_unit": "8000",
        "price_unit": "EA"
      },
      {
        "state": "ACT",
        "price": "8000",
        "price_per_unit": "8000",
        "price_unit": "EA"
      },
      {
        "state": "NT",
        "price": "8000",
        "price_per_unit": "8000",
        "price_unit": "EA"
      }
    ]
  },
  {
    "source_url": "https://www.woolworths.com.au/shop/productdetails/1074499535/bellapierre-mineral-foundation-powder-dome-brush-ivory",
    "name": "Bellapierre Mineral Foundation & Powder Dome Brush - Ivory",
    "image_url": "https://cdn1.woolworths.media/content/wowproductimages/large/1074499535.jpg",
    "source_id": "Woolworths - 1074499535",
    "barcode": null,
    "shop": "Woolworths",
    "weight": "1EA",
    "prices": [
      {
        "state": "NSW",
        "price": "6995",
        "price_per_unit": "6995",
        "price_unit": "EA"
      },
      {
        "state": "VIC",
        "price": "6995",
        "price_per_unit": "6995",
        "price_unit": "EA"
      },
      {
        "state": "QLD",
        "price": "6995",
        "price_per_unit": "6995",
        "price_unit": "EA"
      },
      {
        "state": "WA",
        "price": "6995",
        "price_per_unit": "6995",
        "price_unit": "EA"
      },
      {
        "state": "SA",
        "price": "6995",
        "price_per_unit": "6995",
        "price_unit": "EA"
      },
      {
        "state": "TAS",
        "price": "6995",
        "price_per_unit": "6995",
        "price_unit": "EA"
      },
      {
        "state": "ACT",
        "price": "6995",
        "price_per_unit": "6995",
        "price_unit": "EA"
      },
      {
        "state": "NT",
        "price": "6995",
        "price_per_unit": "6995",
        "price_unit": "EA"
      }
    ]
  },
  {
    "source_url": "https://www.woolworths.com.au/shop/productdetails/1074499536/bellapierre-mineral-foundation-powder-dome-brush-latte",
    "name": "Bellapierre Mineral Foundation & Powder Dome Brush - Latte",
    "image_url": "https://cdn1.woolworths.media/content/wowproductimages/large/1074499536.jpg",
    "source_id": "Woolworths - 1074499536",
    "barcode": null,
    "shop": "Woolworths",
    "weight": "1EA",
    "prices": [
      {
        "state": "NSW",
        "price": "6995",
        "price_per_unit": "6995",
        "price_unit": "EA"
      },
      {
        "state": "VIC",
        "price": "6995",
        "price_per_unit": "6995",
        "price_unit": "EA"
      },
      {
        "state": "QLD",
        "price": "6995",
        "price_per_unit": "6995",
        "price_unit": "EA"
      },
      {
        "state": "WA",
        "price": "6995",
        "price_per_unit": "6995",
        "price_unit": "EA"
      },
      {
        "state": "SA",
        "price": "6995",
        "price_per_unit": "6995",
        "price_unit": "EA"
      },
      {
        "state": "TAS",
        "price": "6995",
        "price_per_unit": "6995",
        "price_unit": "EA"
      },
      {
        "state": "ACT",
        "price": "6995",
        "price_per_unit": "6995",
        "price_unit": "EA"
      },
      {
        "state": "NT",
        "price": "6995",
        "price_per_unit": "6995",
        "price_unit": "EA"
      }
    ]
  },
  {
    "source_url": "https://www.woolworths.com.au/shop/productdetails/1074499537/bellapierre-mineral-foundation-powder-dome-brush-nutmeg",
    "name": "Bellapierre Mineral Foundation & Powder Dome Brush - Nutmeg",
    "image_url": "https://cdn1.woolworths.media/content/wowproductimages/large/1074499537.jpg",
    "source_id": "Woolworths - 1074499537",
    "barcode": null,
    "shop": "Woolworths",
    "weight": "1EA",
    "prices": [
      {
        "state": "NSW",
        "price": "6995",
        "price_per_unit": "6995",
        "price_unit": "EA"
      },
      {
        "state": "VIC",
        "price": "6995",
        "price_per_unit": "6995",
        "price_unit": "EA"
      },
      {
        "state": "QLD",
        "price": "6995",
        "price_per_unit": "6995",
        "price_unit": "EA"
      },
      {
        "state": "WA",
        "price": "6995",
        "price_per_unit": "6995",
        "price_unit": "EA"
      },
      {
        "state": "SA",
        "price": "6995",
        "price_per_unit": "6995",
        "price_unit": "EA"
      },
      {
        "state": "TAS",
        "price": "6995",
        "price_per_unit": "6995",
        "price_unit": "EA"
      },
      {
        "state": "ACT",
        "price": "6995",
        "price_per_unit": "6995",
        "price_unit": "EA"
      },
      {
        "state": "NT",
        "price": "6995",
        "price_per_unit": "6995",
        "price_unit": "EA"
      }
    ]
  },
  {
    "source_url": "https://www.woolworths.com.au/shop/productdetails/1074499538/bellapierre-mineral-foundation-powder-dome-brush-ultra",
    "name": "Bellapierre Mineral Foundation & Powder Dome Brush - Ultra",
    "image_url": "https://cdn1.woolworths.media/content/wowproductimages/large/1074499538.jpg",
    "source_id": "Woolworths - 1074499538",
    "barcode": null,
    "shop": "Woolworths",
    "weight": "1EA",
    "prices": [
      {
        "state": "NSW",
        "price": "6995",
        "price_per_unit": "6995",
        "price_unit": "EA"
      },
      {
        "state": "VIC",
        "price": "6995",
        "price_per_unit": "6995",
        "price_unit": "EA"
      },
      {
        "state": "QLD",
        "price": "6995",
        "price_per_unit": "6995",
        "price_unit": "EA"
      },
      {
        "state": "WA",
        "price": "6995",
        "price_per_unit": "6995",
        "price_unit": "EA"
      },
      {
        "state": "SA",
        "price": "6995",
        "price_per_unit": "6995",
        "price_unit": "EA"
      },
      {
        "state": "TAS",
        "price": "6995",
        "price_per_unit": "6995",
        "price_unit": "EA"
      },
      {
        "state": "ACT",
        "price": "6995",
        "price_per_unit": "6995",
        "price_unit": "EA"
      },
      {
        "state": "NT",
        "price": "6995",
        "price_per_unit": "6995",
        "price_unit": "EA"
      }
    ]
  },
  {
    "source_url": "https://www.woolworths.com.au/shop/productdetails/1074614200/bellapierre-mineral-foundation-ivory",
    "name": "Bellapierre Mineral Foundation - Ivory",
    "image_url": "https://cdn1.woolworths.media/content/wowproductimages/large/1074614200.jpg",
    "source_id": "Woolworths - 1074614200",
    "barcode": null,
    "shop": "Woolworths",
    "weight": "1EA",
    "prices": [
      {
        "state": "NSW",
        "price": "5495",
        "price_per_unit": "5495",
        "price_unit": "EA"
      },
      {
        "state": "VIC",
        "price": "5495",
        "price_per_unit": "5495",
        "price_unit": "EA"
      },
      {
        "state": "QLD",
        "price": "5495",
        "price_per_unit": "5495",
        "price_unit": "EA"
      },
      {
        "state": "WA",
        "price": "5495",
        "price_per_unit": "5495",
        "price_unit": "EA"
      },
      {
        "state": "SA",
        "price": "5495",
        "price_per_unit": "5495",
        "price_unit": "EA"
      },
      {
        "state": "TAS",
        "price": "5495",
        "price_per_unit": "5495",
        "price_unit": "EA"
      },
      {
        "state": "ACT",
        "price": "5495",
        "price_per_unit": "5495",
        "price_unit": "EA"
      },
      {
        "state": "NT",
        "price": "5495",
        "price_per_unit": "5495",
        "price_unit": "EA"
      }
    ]
  },
  {
    "source_url": "https://www.woolworths.com.au/shop/productdetails/1074614194/bellapierre-mineral-foundation-latte",
    "name": "Bellapierre Mineral Foundation - Latte",
    "image_url": "https://cdn1.woolworths.media/content/wowproductimages/large/1074614194.jpg",
    "source_id": "Woolworths - 1074614194",
    "barcode": null,
    "shop": "Woolworths",
    "weight": "1EA",
    "prices": [
      {
        "state": "NSW",
        "price": "5495",
        "price_per_unit": "5495",
        "price_unit": "EA"
      },
      {
        "state": "VIC",
        "price": "5495",
        "price_per_unit": "5495",
        "price_unit": "EA"
      },
      {
        "state": "QLD",
        "price": "5495",
        "price_per_unit": "5495",
        "price_unit": "EA"
      },
      {
        "state": "WA",
        "price": "5495",
        "price_per_unit": "5495",
        "price_unit": "EA"
      },
      {
        "state": "SA",
        "price": "5495",
        "price_per_unit": "5495",
        "price_unit": "EA"
      },
      {
        "state": "TAS",
        "price": "5495",
        "price_per_unit": "5495",
        "price_unit": "EA"
      },
      {
        "state": "ACT",
        "price": "5495",
        "price_per_unit": "5495",
        "price_unit": "EA"
      },
      {
        "state": "NT",
        "price": "5495",
        "price_per_unit": "5495",
        "price_unit": "EA"
      }
    ]
  },
  {
    "source_url": "https://www.woolworths.com.au/shop/productdetails/1074614196/bellapierre-mineral-foundation-maple",
    "name": "Bellapierre Mineral Foundation - Maple",
    "image_url": "https://cdn1.woolworths.media/content/wowproductimages/large/1074614196.jpg",
    "source_id": "Woolworths - 1074614196",
    "barcode": null,
    "shop": "Woolworths",
    "weight": "1EA",
    "prices": [
      {
        "state": "NSW",
        "price": "5495",
        "price_per_unit": "5495",
        "price_unit": "EA"
      },
      {
        "state": "VIC",
        "price": "5495",
        "price_per_unit": "5495",
        "price_unit": "EA"
      },
      {
        "state": "QLD",
        "price": "5495",
        "price_per_unit": "5495",
        "price_unit": "EA"
      },
      {
        "state": "WA",
        "price": "5495",
        "price_per_unit": "5495",
        "price_unit": "EA"
      },
      {
        "state": "SA",
        "price": "5495",
        "price_per_unit": "5495",
        "price_unit": "EA"
      },
      {
        "state": "TAS",
        "price": "5495",
        "price_per_unit": "5495",
        "price_unit": "EA"
      },
      {
        "state": "ACT",
        "price": "5495",
        "price_per_unit": "5495",
        "price_unit": "EA"
      },
      {
        "state": "NT",
        "price": "5495",
        "price_per_unit": "5495",
        "price_unit": "EA"
      }
    ]
  },
  {
    "source_url": "https://www.woolworths.com.au/shop/productdetails/1074614195/bellapierre-mineral-foundation-nutmeg",
    "name": "Bellapierre Mineral Foundation - Nutmeg",
    "image_url": "https://cdn1.woolworths.media/content/wowproductimages/large/1074614195.jpg",
    "source_id": "Woolworths - 1074614195",
    "barcode": null,
    "shop": "Woolworths",
    "weight": "1EA",
    "prices": [
      {
        "state": "NSW",
        "price": "5495",
        "price_per_unit": "5495",
        "price_unit": "EA"
      },
      {
        "state": "VIC",
        "price": "5495",
        "price_per_unit": "5495",
        "price_unit": "EA"
      },
      {
        "state": "QLD",
        "price": "5495",
        "price_per_unit": "5495",
        "price_unit": "EA"
      },
      {
        "state": "WA",
        "price": "5495",
        "price_per_unit": "5495",
        "price_unit": "EA"
      },
      {
        "state": "SA",
        "price": "5495",
        "price_per_unit": "5495",
        "price_unit": "EA"
      },
      {
        "state": "TAS",
        "price": "5495",
        "price_per_unit": "5495",
        "price_unit": "EA"
      },
      {
        "state": "ACT",
        "price": "5495",
        "price_per_unit": "5495",
        "price_unit": "EA"
      },
      {
        "state": "NT",
        "price": "5495",
        "price_per_unit": "5495",
        "price_unit": "EA"
      }
    ]
  },
  {
    "source_url": "https://www.woolworths.com.au/shop/productdetails/1074614193/bellapierre-mineral-foundation-ultra",
    "name": "Bellapierre Mineral Foundation - Ultra",
    "image_url": "https://cdn1.woolworths.media/content/wowproductimages/large/1074614193.jpg",
    "source_id": "Woolworths - 1074614193",
    "barcode": null,
    "shop": "Woolworths",
    "weight": "1EA",
    "prices": [
      {
        "state": "NSW",
        "price": "5495",
        "price_per_unit": "5495",
        "price_unit": "EA"
      },
      {
        "state": "VIC",
        "price": "5495",
        "price_per_unit": "5495",
        "price_unit": "EA"
      },
      {
        "state": "QLD",
        "price": "5495",
        "price_per_unit": "5495",
        "price_unit": "EA"
      },
      {
        "state": "WA",
        "price": "5495",
        "price_per_unit": "5495",
        "price_unit": "EA"
      },
      {
        "state": "SA",
        "price": "5495",
        "price_per_unit": "5495",
        "price_unit": "EA"
      },
      {
        "state": "TAS",
        "price": "5495",
        "price_per_unit": "5495",
        "price_unit": "EA"
      },
      {
        "state": "ACT",
        "price": "5495",
        "price_per_unit": "5495",
        "price_unit": "EA"
      },
      {
        "state": "NT",
        "price": "5495",
        "price_per_unit": "5495",
        "price_unit": "EA"
      }
    ]
  },
  {
    "source_url": "https://www.woolworths.com.au/shop/productdetails/1074924563/benefit-boi-ing-cakeless-concealer-2-fair-warm-5ml-0-17oz",
    "name": "Benefit Boi ing Cakeless Concealer - # 2 Fair Warm 5ml/0.17oz",
    "image_url": "https://cdn1.woolworths.media/content/wowproductimages/large/1074924563.jpg",
    "source_id": "Woolworths - 1074924563",
    "barcode": null,
    "shop": "Woolworths",
    "weight": "10ML",
    "prices": [
      {
        "state": "NSW",
        "price": "5500",
        "price_per_unit": "11000",
        "price_unit": "ML"
      },
      {
        "state": "VIC",
        "price": "5500",
        "price_per_unit": "11000",
        "price_unit": "ML"
      },
      {
        "state": "QLD",
        "price": "5500",
        "price_per_unit": "11000",
        "price_unit": "ML"
      },
      {
        "state": "WA",
        "price": "5500",
        "price_per_unit": "11000",
        "price_unit": "ML"
      },
      {
        "state": "SA",
        "price": "5500",
        "price_per_unit": "11000",
        "price_unit": "ML"
      },
      {
        "state": "TAS",
        "price": "5500",
        "price_per_unit": "11000",
        "price_unit": "ML"
      },
      {
        "state": "ACT",
        "price": "5500",
        "price_per_unit": "11000",
        "price_unit": "ML"
      },
      {
        "state": "NT",
        "price": "5500",
        "price_per_unit": "11000",
        "price_unit": "ML"
      }
    ]
  },
  {
    "source_url": "https://www.woolworths.com.au/shop/productdetails/1074924564/benefit-boi-ing-cakeless-concealer-3-light-neutral-5ml-0-17oz",
    "name": "Benefit Boi ing Cakeless Concealer - # 3 Light Neutral 5ml/0.17oz",
    "image_url": "https://cdn1.woolworths.media/content/wowproductimages/large/1074924564.jpg",
    "source_id": "Woolworths - 1074924564",
    "barcode": null,
    "shop": "Woolworths",
    "weight": "10ML",
    "prices": [
      {
        "state": "NSW",
        "price": "5700",
        "price_per_unit": "11400",
        "price_unit": "ML"
      },
      {
        "state": "VIC",
        "price": "5700",
        "price_per_unit": "11400",
        "price_unit": "ML"
      },
      {
        "state": "QLD",
        "price": "5700",
        "price_per_unit": "11400",
        "price_unit": "ML"
      },
      {
        "state": "WA",
        "price": "5700",
        "price_per_unit": "11400",
        "price_unit": "ML"
      },
      {
        "state": "SA",
        "price": "5700",
        "price_per_unit": "11400",
        "price_unit": "ML"
      },
      {
        "state": "TAS",
        "price": "5700",
        "price_per_unit": "11400",
        "price_unit": "ML"
      },
      {
        "state": "ACT",
        "price": "5700",
        "price_per_unit": "11400",
        "price_unit": "ML"
      },
      {
        "state": "NT",
        "price": "5700",
        "price_per_unit": "11400",
        "price_unit": "ML"
      }
    ]
  },
  {
    "source_url": "https://www.woolworths.com.au/shop/productdetails/1074727515/benefit-crystah-strawberry-pink-blush-6g",
    "name": "Benefit Crystah Strawberry Pink Blush 6g",
    "image_url": "https://cdn1.woolworths.media/content/wowproductimages/large/1074727515.jpg",
    "source_id": "Woolworths - 1074727515",
    "barcode": null,
    "shop": "Woolworths",
    "weight": "1EA",
    "prices": [
      {
        "state": "NSW",
        "price": "5400",
        "price_per_unit": "5400",
        "price_unit": "EA"
      },
      {
        "state": "VIC",
        "price": "5400",
        "price_per_unit": "5400",
        "price_unit": "EA"
      },
      {
        "state": "QLD",
        "price": "5400",
        "price_per_unit": "5400",
        "price_unit": "EA"
      },
      {
        "state": "WA",
        "price": "5400",
        "price_per_unit": "5400",
        "price_unit": "EA"
      },
      {
        "state": "SA",
        "price": "5400",
        "price_per_unit": "5400",
        "price_unit": "EA"
      },
      {
        "state": "TAS",
        "price": "5400",
        "price_per_unit": "5400",
        "price_unit": "EA"
      },
      {
        "state": "ACT",
        "price": "5400",
        "price_per_unit": "5400",
        "price_unit": "EA"
      },
      {
        "state": "NT",
        "price": "5400",
        "price_per_unit": "5400",
        "price_unit": "EA"
      }
    ]
  },
  {
    "source_url": "https://www.woolworths.com.au/shop/productdetails/1074727517/benefit-dandelion-baby-pink-highlighter-6g",
    "name": "Benefit Dandelion Baby Pink Highlighter 6g",
    "image_url": "https://cdn1.woolworths.media/content/wowproductimages/large/1074727517.jpg",
    "source_id": "Woolworths - 1074727517",
    "barcode": null,
    "shop": "Woolworths",
    "weight": "1EA",
    "prices": [
      {
        "state": "NSW",
        "price": "5200",
        "price_per_unit": "5200",
        "price_unit": "EA"
      },
      {
        "state": "VIC",
        "price": "5200",
        "price_per_unit": "5200",
        "price_unit": "EA"
      },
      {
        "state": "QLD",
        "price": "5200",
        "price_per_unit": "5200",
        "price_unit": "EA"
      },
      {
        "state": "WA",
        "price": "5200",
        "price_per_unit": "5200",
        "price_unit": "EA"
      },
      {
        "state": "SA",
        "price": "5200",
        "price_per_unit": "5200",
        "price_unit": "EA"
      },
      {
        "state": "TAS",
        "price": "5200",
        "price_per_unit": "5200",
        "price_unit": "EA"
      },
      {
        "state": "ACT",
        "price": "5200",
        "price_per_unit": "5200",
        "price_unit": "EA"
      },
      {
        "state": "NT",
        "price": "5200",
        "price_per_unit": "5200",
        "price_unit": "EA"
      }
    ]
  },
  {
    "source_url": "https://www.woolworths.com.au/shop/productdetails/1074727518/benefit-dandelion-twinkle-soft-nude-pink-highlighter-3g",
    "name": "Benefit Dandelion Twinkle Soft Nude-Pink Highlighter 3g",
    "image_url": "https://cdn1.woolworths.media/content/wowproductimages/large/1074727518.jpg",
    "source_id": "Woolworths - 1074727518",
    "barcode": null,
    "shop": "Woolworths",
    "weight": "1EA",
    "prices": [
      {
        "state": "NSW",
        "price": "5200",
        "price_per_unit": "5200",
        "price_unit": "EA"
      },
      {
        "state": "VIC",
        "price": "5200",
        "price_per_unit": "5200",
        "price_unit": "EA"
      },
      {
        "state": "QLD",
        "price": "5200",
        "price_per_unit": "5200",
        "price_unit": "EA"
      },
      {
        "state": "WA",
        "price": "5200",
        "price_per_unit": "5200",
        "price_unit": "EA"
      },
      {
        "state": "SA",
        "price": "5200",
        "price_per_unit": "5200",
        "price_unit": "EA"
      },
      {
        "state": "TAS",
        "price": "5200",
        "price_per_unit": "5200",
        "price_unit": "EA"
      },
      {
        "state": "ACT",
        "price": "5200",
        "price_per_unit": "5200",
        "price_unit": "EA"
      },
      {
        "state": "NT",
        "price": "5200",
        "price_per_unit": "5200",
        "price_unit": "EA"
      }
    ]
  },
  {
    "source_url": "https://www.woolworths.com.au/shop/productdetails/1074728095/benefit-peachin-golden-peach-blush-6g",
    "name": "Benefit Peachin' Golden Peach Blush 6g",
    "image_url": "https://cdn1.woolworths.media/content/wowproductimages/large/1074728095.jpg",
    "source_id": "Woolworths - 1074728095",
    "barcode": null,
    "shop": "Woolworths",
    "weight": "1EA",
    "prices": [
      {
        "state": "NSW",
        "price": "5400",
        "price_per_unit": "5400",
        "price_unit": "EA"
      },
      {
        "state": "VIC",
        "price": "5400",
        "price_per_unit": "5400",
        "price_unit": "EA"
      },
      {
        "state": "QLD",
        "price": "5400",
        "price_per_unit": "5400",
        "price_unit": "EA"
      },
      {
        "state": "WA",
        "price": "5400",
        "price_per_unit": "5400",
        "price_unit": "EA"
      },
      {
        "state": "SA",
        "price": "5400",
        "price_per_unit": "5400",
        "price_unit": "EA"
      },
      {
        "state": "TAS",
        "price": "5400",
        "price_per_unit": "5400",
        "price_unit": "EA"
      },
      {
        "state": "ACT",
        "price": "5400",
        "price_per_unit": "5400",
        "price_unit": "EA"
      },
      {
        "state": "NT",
        "price": "5400",
        "price_per_unit": "5400",
        "price_unit": "EA"
      }
    ]
  },
  {
    "source_url": "https://www.woolworths.com.au/shop/productdetails/1074728096/benefit-shellie-warm-seashell-pink-blush-6g",
    "name": "Benefit Shellie Warm Seashell-Pink Blush 6g",
    "image_url": "https://cdn1.woolworths.media/content/wowproductimages/large/1074728096.jpg",
    "source_id": "Woolworths - 1074728096",
    "barcode": null,
    "shop": "Woolworths",
    "weight": "1EA",
    "prices": [
      {
        "state": "NSW",
        "price": "5400",
        "price_per_unit": "5400",
        "price_unit": "EA"
      },
      {
        "state": "VIC",
        "price": "5400",
        "price_per_unit": "5400",
        "price_unit": "EA"
      },
      {
        "state": "QLD",
        "price": "5400",
        "price_per_unit": "5400",
        "price_unit": "EA"
      },
      {
        "state": "WA",
        "price": "5400",
        "price_per_unit": "5400",
        "price_unit": "EA"
      },
      {
        "state": "SA",
        "price": "5400",
        "price_per_unit": "5400",
        "price_unit": "EA"
      },
      {
        "state": "TAS",
        "price": "5400",
        "price_per_unit": "5400",
        "price_unit": "EA"
      },
      {
        "state": "ACT",
        "price": "5400",
        "price_per_unit": "5400",
        "price_unit": "EA"
      },
      {
        "state": "NT",
        "price": "5400",
        "price_per_unit": "5400",
        "price_unit": "EA"
      }
    ]
  },
  {
    "source_url": "https://www.woolworths.com.au/shop/productdetails/1074728097/benefit-starlaa-rosy-bronze-blush-6g",
    "name": "Benefit Starlaa Rosy Bronze Blush 6g",
    "image_url": "https://cdn1.woolworths.media/content/wowproductimages/large/1074728097.jpg",
    "source_id": "Woolworths - 1074728097",
    "barcode": null,
    "shop": "Woolworths",
    "weight": "1EA",
    "prices": [
      {
        "state": "NSW",
        "price": "5400",
        "price_per_unit": "5400",
        "price_unit": "EA"
      },
      {
        "state": "VIC",
        "price": "5400",
        "price_per_unit": "5400",
        "price_unit": "EA"
      },
      {
        "state": "QLD",
        "price": "5400",
        "price_per_unit": "5400",
        "price_unit": "EA"
      },
      {
        "state": "WA",
        "price": "5400",
        "price_per_unit": "5400",
        "price_unit": "EA"
      },
      {
        "state": "SA",
        "price": "5400",
        "price_per_unit": "5400",
        "price_unit": "EA"
      },
      {
        "state": "TAS",
        "price": "5400",
        "price_per_unit": "5400",
        "price_unit": "EA"
      },
      {
        "state": "ACT",
        "price": "5400",
        "price_per_unit": "5400",
        "price_unit": "EA"
      },
      {
        "state": "NT",
        "price": "5400",
        "price_per_unit": "5400",
        "price_unit": "EA"
      }
    ]
  },
  {
    "source_url": "https://www.woolworths.com.au/shop/productdetails/1074728099/benefit-the-porefessional-lite-primer-22ml",
    "name": "Benefit The POREfessional Lite Primer 22mL",
    "image_url": "https://cdn1.woolworths.media/content/wowproductimages/large/1074728099.jpg",
    "source_id": "Woolworths - 1074728099",
    "barcode": null,
    "shop": "Woolworths",
    "weight": "1EA",
    "prices": [
      {
        "state": "NSW",
        "price": "5500",
        "price_per_unit": "5500",
        "price_unit": "EA"
      },
      {
        "state": "VIC",
        "price": "5500",
        "price_per_unit": "5500",
        "price_unit": "EA"
      },
      {
        "state": "QLD",
        "price": "5500",
        "price_per_unit": "5500",
        "price_unit": "EA"
      },
      {
        "state": "WA",
        "price": "5500",
        "price_per_unit": "5500",
        "price_unit": "EA"
      },
      {
        "state": "SA",
        "price": "5500",
        "price_per_unit": "5500",
        "price_unit": "EA"
      },
      {
        "state": "TAS",
        "price": "5500",
        "price_per_unit": "5500",
        "price_unit": "EA"
      },
      {
        "state": "ACT",
        "price": "5500",
        "price_per_unit": "5500",
        "price_unit": "EA"
      },
      {
        "state": "NT",
        "price": "5500",
        "price_per_unit": "5500",
        "price_unit": "EA"
      }
    ]
  },
  {
    "source_url": "https://www.woolworths.com.au/shop/productdetails/1074727519/benefit-tickle-golden-pink-highlighter-8g",
    "name": "Benefit Tickle Golden-Pink Highlighter 8g",
    "image_url": "https://cdn1.woolworths.media/content/wowproductimages/large/1074727519.jpg",
    "source_id": "Woolworths - 1074727519",
    "barcode": null,
    "shop": "Woolworths",
    "weight": "1EA",
    "prices": [
      {
        "state": "NSW",
        "price": "5200",
        "price_per_unit": "5200",
        "price_unit": "EA"
      },
      {
        "state": "VIC",
        "price": "5200",
        "price_per_unit": "5200",
        "price_unit": "EA"
      },
      {
        "state": "QLD",
        "price": "5200",
        "price_per_unit": "5200",
        "price_unit": "EA"
      },
      {
        "state": "WA",
        "price": "5200",
        "price_per_unit": "5200",
        "price_unit": "EA"
      },
      {
        "state": "SA",
        "price": "5200",
        "price_per_unit": "5200",
        "price_unit": "EA"
      },
      {
        "state": "TAS",
        "price": "5200",
        "price_per_unit": "5200",
        "price_unit": "EA"
      },
      {
        "state": "ACT",
        "price": "5200",
        "price_per_unit": "5200",
        "price_unit": "EA"
      },
      {
        "state": "NT",
        "price": "5200",
        "price_per_unit": "5200",
        "price_unit": "EA"
      }
    ]
  },
  {
    "source_url": "https://www.woolworths.com.au/shop/productdetails/1074924634/billion-dollar-brows-brow-powder-blonde-1-4g-0-049oz",
    "name": "Billion Dollar Brows Brow Powder - Blonde 1.4g / 0.049oz",
    "image_url": "https://cdn1.woolworths.media/content/wowproductimages/large/1074924634.jpg",
    "source_id": "Woolworths - 1074924634",
    "barcode": null,
    "shop": "Woolworths",
    "weight": "10G",
    "prices": [
      {
        "state": "NSW",
        "price": "3000",
        "price_per_unit": "21429",
        "price_unit": "G"
      },
      {
        "state": "VIC",
        "price": "3000",
        "price_per_unit": "21429",
        "price_unit": "G"
      },
      {
        "state": "QLD",
        "price": "3000",
        "price_per_unit": "21429",
        "price_unit": "G"
      },
      {
        "state": "WA",
        "price": "3000",
        "price_per_unit": "21429",
        "price_unit": "G"
      },
      {
        "state": "SA",
        "price": "3000",
        "price_per_unit": "21429",
        "price_unit": "G"
      },
      {
        "state": "TAS",
        "price": "3000",
        "price_per_unit": "21429",
        "price_unit": "G"
      },
      {
        "state": "ACT",
        "price": "3000",
        "price_per_unit": "21429",
        "price_unit": "G"
      },
      {
        "state": "NT",
        "price": "3000",
        "price_per_unit": "21429",
        "price_unit": "G"
      }
    ]
  },
  {
    "source_url": "https://www.woolworths.com.au/shop/productdetails/1074924636/billion-dollar-brows-brow-powder-light-brown-1-4g-0-049oz",
    "name": "Billion Dollar Brows Brow Powder - Light Brown 1.4g / 0.049oz",
    "image_url": "https://cdn1.woolworths.media/content/wowproductimages/large/1074924636.jpg",
    "source_id": "Woolworths - 1074924636",
    "barcode": null,
    "shop": "Woolworths",
    "weight": "10G",
    "prices": [
      {
        "state": "NSW",
        "price": "3000",
        "price_per_unit": "21429",
        "price_unit": "G"
      },
      {
        "state": "VIC",
        "price": "3000",
        "price_per_unit": "21429",
        "price_unit": "G"
      },
      {
        "state": "QLD",
        "price": "3000",
        "price_per_unit": "21429",
        "price_unit": "G"
      },
      {
        "state": "WA",
        "price": "3000",
        "price_per_unit": "21429",
        "price_unit": "G"
      },
      {
        "state": "SA",
        "price": "3000",
        "price_per_unit": "21429",
        "price_unit": "G"
      },
      {
        "state": "TAS",
        "price": "3000",
        "price_per_unit": "21429",
        "price_unit": "G"
      },
      {
        "state": "ACT",
        "price": "3000",
        "price_per_unit": "21429",
        "price_unit": "G"
      },
      {
        "state": "NT",
        "price": "3000",
        "price_per_unit": "21429",
        "price_unit": "G"
      }
    ]
  },
  {
    "source_url": "https://www.woolworths.com.au/shop/productdetails/1074131771/billion-dollar-brows-brow-powder-light-brown-2g-0-07oz",
    "name": "Billion Dollar Brows Brow Powder - Light Brown 2g/0.07oz",
    "image_url": "https://cdn1.woolworths.media/content/wowproductimages/large/1074131771.jpg",
    "source_id": "Woolworths - 1074131771",
    "barcode": null,
    "shop": "Woolworths",
    "weight": "10G",
    "prices": [
      {
        "state": "NSW",
        "price": "3700",
        "price_per_unit": "18500",
        "price_unit": "G"
      },
      {
        "state": "VIC",
        "price": "3700",
        "price_per_unit": "18500",
        "price_unit": "G"
      },
      {
        "state": "QLD",
        "price": "3700",
        "price_per_unit": "18500",
        "price_unit": "G"
      },
      {
        "state": "WA",
        "price": "3700",
        "price_per_unit": "18500",
        "price_unit": "G"
      },
      {
        "state": "SA",
        "price": "3700",
        "price_per_unit": "18500",
        "price_unit": "G"
      },
      {
        "state": "TAS",
        "price": "3700",
        "price_per_unit": "18500",
        "price_unit": "G"
      },
      {
        "state": "ACT",
        "price": "3700",
        "price_per_unit": "18500",
        "price_unit": "G"
      },
      {
        "state": "NT",
        "price": "3700",
        "price_per_unit": "18500",
        "price_unit": "G"
      }
    ]
  },
  {
    "source_url": "https://www.woolworths.com.au/shop/productdetails/1074131772/billion-dollar-brows-brow-powder-raven-2g-0-07oz",
    "name": "Billion Dollar Brows Brow Powder - Raven 2g/0.07oz",
    "image_url": "https://cdn1.woolworths.media/content/wowproductimages/large/1074131772.jpg",
    "source_id": "Woolworths - 1074131772",
    "barcode": null,
    "shop": "Woolworths",
    "weight": "10G",
    "prices": [
      {
        "state": "NSW",
        "price": "3900",
        "price_per_unit": "19500",
        "price_unit": "G"
      },
      {
        "state": "VIC",
        "price": "3900",
        "price_per_unit": "19500",
        "price_unit": "G"
      },
      {
        "state": "QLD",
        "price": "3900",
        "price_per_unit": "19500",
        "price_unit": "G"
      },
      {
        "state": "WA",
        "price": "3900",
        "price_per_unit": "19500",
        "price_unit": "G"
      },
      {
        "state": "SA",
        "price": "3900",
        "price_per_unit": "19500",
        "price_unit": "G"
      },
      {
        "state": "TAS",
        "price": "3900",
        "price_per_unit": "19500",
        "price_unit": "G"
      },
      {
        "state": "ACT",
        "price": "3900",
        "price_per_unit": "19500",
        "price_unit": "G"
      },
      {
        "state": "NT",
        "price": "3900",
        "price_per_unit": "19500",
        "price_unit": "G"
      }
    ]
  },
  {
    "source_url": "https://www.woolworths.com.au/shop/productdetails/1074924637/billion-dollar-brows-brow-powder-taupe-1-4g-0-049oz",
    "name": "Billion Dollar Brows Brow Powder - Taupe 1.4g / 0.049oz",
    "image_url": "https://cdn1.woolworths.media/content/wowproductimages/large/1074924637.jpg",
    "source_id": "Woolworths - 1074924637",
    "barcode": null,
    "shop": "Woolworths",
    "weight": "10G",
    "prices": [
      {
        "state": "NSW",
        "price": "3000",
        "price_per_unit": "21429",
        "price_unit": "G"
      },
      {
        "state": "VIC",
        "price": "3000",
        "price_per_unit": "21429",
        "price_unit": "G"
      },
      {
        "state": "QLD",
        "price": "3000",
        "price_per_unit": "21429",
        "price_unit": "G"
      },
      {
        "state": "WA",
        "price": "3000",
        "price_per_unit": "21429",
        "price_unit": "G"
      },
      {
        "state": "SA",
        "price": "3000",
        "price_per_unit": "21429",
        "price_unit": "G"
      },
      {
        "state": "TAS",
        "price": "3000",
        "price_per_unit": "21429",
        "price_unit": "G"
      },
      {
        "state": "ACT",
        "price": "3000",
        "price_per_unit": "21429",
        "price_unit": "G"
      },
      {
        "state": "NT",
        "price": "3000",
        "price_per_unit": "21429",
        "price_unit": "G"
      }
    ]
  },
  {
    "source_url": "https://www.woolworths.com.au/shop/productdetails/1074924642/billion-dollar-brows-concealer-deep-1-2g-0-042oz",
    "name": "Billion Dollar Brows Concealer - # Deep 1.2g/0.042oz",
    "image_url": "https://cdn1.woolworths.media/content/wowproductimages/large/1074924642.jpg",
    "source_id": "Woolworths - 1074924642",
    "barcode": null,
    "shop": "Woolworths",
    "weight": "10G",
    "prices": [
      {
        "state": "NSW",
        "price": "1900",
        "price_per_unit": "15833",
        "price_unit": "G"
      },
      {
        "state": "VIC",
        "price": "1900",
        "price_per_unit": "15833",
        "price_unit": "G"
      },
      {
        "state": "QLD",
        "price": "1900",
        "price_per_unit": "15833",
        "price_unit": "G"
      },
      {
        "state": "WA",
        "price": "1900",
        "price_per_unit": "15833",
        "price_unit": "G"
      },
      {
        "state": "SA",
        "price": "1900",
        "price_per_unit": "15833",
        "price_unit": "G"
      },
      {
        "state": "TAS",
        "price": "1900",
        "price_per_unit": "15833",
        "price_unit": "G"
      },
      {
        "state": "ACT",
        "price": "1900",
        "price_per_unit": "15833",
        "price_unit": "G"
      },
      {
        "state": "NT",
        "price": "1900",
        "price_per_unit": "15833",
        "price_unit": "G"
      }
    ]
  },
  {
    "source_url": "https://www.woolworths.com.au/shop/productdetails/1074924643/billion-dollar-brows-concealer-light-1-2g-0-042oz",
    "name": "Billion Dollar Brows Concealer - # Light 1.2g/0.042oz",
    "image_url": "https://cdn1.woolworths.media/content/wowproductimages/large/1074924643.jpg",
    "source_id": "Woolworths - 1074924643",
    "barcode": null,
    "shop": "Woolworths",
    "weight": "10G",
    "prices": [
      {
        "state": "NSW",
        "price": "1900",
        "price_per_unit": "15833",
        "price_unit": "G"
      },
      {
        "state": "VIC",
        "price": "1900",
        "price_per_unit": "15833",
        "price_unit": "G"
      },
      {
        "state": "QLD",
        "price": "1900",
        "price_per_unit": "15833",
        "price_unit": "G"
      },
      {
        "state": "WA",
        "price": "1900",
        "price_per_unit": "15833",
        "price_unit": "G"
      },
      {
        "state": "SA",
        "price": "1900",
        "price_per_unit": "15833",
        "price_unit": "G"
      },
      {
        "state": "TAS",
        "price": "1900",
        "price_per_unit": "15833",
        "price_unit": "G"
      },
      {
        "state": "ACT",
        "price": "1900",
        "price_per_unit": "15833",
        "price_unit": "G"
      },
      {
        "state": "NT",
        "price": "1900",
        "price_per_unit": "15833",
        "price_unit": "G"
      }
    ]
  },
  {
    "source_url": "https://www.woolworths.com.au/shop/productdetails/1074924644/billion-dollar-brows-concealer-medium-1-2g-0-042oz",
    "name": "Billion Dollar Brows Concealer - # Medium 1.2g/0.042oz",
    "image_url": "https://cdn1.woolworths.media/content/wowproductimages/large/1074924644.jpg",
    "source_id": "Woolworths - 1074924644",
    "barcode": null,
    "shop": "Woolworths",
    "weight": "10G",
    "prices": [
      {
        "state": "NSW",
        "price": "1900",
        "price_per_unit": "15833",
        "price_unit": "G"
      },
      {
        "state": "VIC",
        "price": "1900",
        "price_per_unit": "15833",
        "price_unit": "G"
      },
      {
        "state": "QLD",
        "price": "1900",
        "price_per_unit": "15833",
        "price_unit": "G"
      },
      {
        "state": "WA",
        "price": "1900",
        "price_per_unit": "15833",
        "price_unit": "G"
      },
      {
        "state": "SA",
        "price": "1900",
        "price_per_unit": "15833",
        "price_unit": "G"
      },
      {
        "state": "TAS",
        "price": "1900",
        "price_per_unit": "15833",
        "price_unit": "G"
      },
      {
        "state": "ACT",
        "price": "1900",
        "price_per_unit": "15833",
        "price_unit": "G"
      },
      {
        "state": "NT",
        "price": "1900",
        "price_per_unit": "15833",
        "price_unit": "G"
      }
    ]
  },
  {
    "source_url": "https://www.woolworths.com.au/shop/productdetails/1074924645/billion-dollar-brows-concealer-rich-1-2g-0-042oz",
    "name": "Billion Dollar Brows Concealer - # Rich 1.2g/0.042oz",
    "image_url": "https://cdn1.woolworths.media/content/wowproductimages/large/1074924645.jpg",
    "source_id": "Woolworths - 1074924645",
    "barcode": null,
    "shop": "Woolworths",
    "weight": "10G",
    "prices": [
      {
        "state": "NSW",
        "price": "1900",
        "price_per_unit": "15833",
        "price_unit": "G"
      },
      {
        "state": "VIC",
        "price": "1900",
        "price_per_unit": "15833",
        "price_unit": "G"
      },
      {
        "state": "QLD",
        "price": "1900",
        "price_per_unit": "15833",
        "price_unit": "G"
      },
      {
        "state": "WA",
        "price": "1900",
        "price_per_unit": "15833",
        "price_unit": "G"
      },
      {
        "state": "SA",
        "price": "1900",
        "price_per_unit": "15833",
        "price_unit": "G"
      },
      {
        "state": "TAS",
        "price": "1900",
        "price_per_unit": "15833",
        "price_unit": "G"
      },
      {
        "state": "ACT",
        "price": "1900",
        "price_per_unit": "15833",
        "price_unit": "G"
      },
      {
        "state": "NT",
        "price": "1900",
        "price_per_unit": "15833",
        "price_unit": "G"
      }
    ]
  },
  {
    "source_url": "https://www.woolworths.com.au/shop/productdetails/1074674350/biome-concealer-cream-3g-light",
    "name": "Biome Concealer Cream 3g - Light",
    "image_url": "https://cdn1.woolworths.media/content/wowproductimages/large/1074674350.jpg",
    "source_id": "Woolworths - 1074674350",
    "barcode": null,
    "shop": "Woolworths",
    "weight": "10G",
    "prices": [
      {
        "state": "NSW",
        "price": "2595",
        "price_per_unit": "8650",
        "price_unit": "G"
      },
      {
        "state": "VIC",
        "price": "2595",
        "price_per_unit": "8650",
        "price_unit": "G"
      },
      {
        "state": "QLD",
        "price": "2595",
        "price_per_unit": "8650",
        "price_unit": "G"
      },
      {
        "state": "WA",
        "price": "2595",
        "price_per_unit": "8650",
        "price_unit": "G"
      },
      {
        "state": "SA",
        "price": "2595",
        "price_per_unit": "8650",
        "price_unit": "G"
      },
      {
        "state": "TAS",
        "price": "2595",
        "price_per_unit": "8650",
        "price_unit": "G"
      },
      {
        "state": "ACT",
        "price": "2595",
        "price_per_unit": "8650",
        "price_unit": "G"
      },
      {
        "state": "NT",
        "price": "2595",
        "price_per_unit": "8650",
        "price_unit": "G"
      }
    ]
  },
  {
    "source_url": "https://www.woolworths.com.au/shop/productdetails/1074678235/biome-liquid-mineral-foundation-30ml-maple",
    "name": "Biome Liquid Mineral Foundation 30ml - Maple",
    "image_url": "https://cdn1.woolworths.media/content/wowproductimages/large/1074678235.jpg",
    "source_id": "Woolworths - 1074678235",
    "barcode": null,
    "shop": "Woolworths",
    "weight": "10ML",
    "prices": [
      {
        "state": "NSW",
        "price": "4495",
        "price_per_unit": "1498",
        "price_unit": "ML"
      },
      {
        "state": "VIC",
        "price": "4495",
        "price_per_unit": "1498",
        "price_unit": "ML"
      },
      {
        "state": "QLD",
        "price": "4495",
        "price_per_unit": "1498",
        "price_unit": "ML"
      },
      {
        "state": "WA",
        "price": "4495",
        "price_per_unit": "1498",
        "price_unit": "ML"
      },
      {
        "state": "SA",
        "price": "4495",
        "price_per_unit": "1498",
        "price_unit": "ML"
      },
      {
        "state": "TAS",
        "price": "4495",
        "price_per_unit": "1498",
        "price_unit": "ML"
      },
      {
        "state": "ACT",
        "price": "4495",
        "price_per_unit": "1498",
        "price_unit": "ML"
      },
      {
        "state": "NT",
        "price": "4495",
        "price_per_unit": "1498",
        "price_unit": "ML"
      }
    ]
  },
  {
    "source_url": "https://www.woolworths.com.au/shop/productdetails/1074679707/biome-prep-set-pressed-mineral-powder-12g-medium",
    "name": "Biome Prep & Set Pressed Mineral Powder 12g - Medium",
    "image_url": "https://cdn1.woolworths.media/content/wowproductimages/large/1074679707.jpg",
    "source_id": "Woolworths - 1074679707",
    "barcode": null,
    "shop": "Woolworths",
    "weight": "10G",
    "prices": [
      {
        "state": "NSW",
        "price": "4900",
        "price_per_unit": "4083",
        "price_unit": "G"
      },
      {
        "state": "VIC",
        "price": "4900",
        "price_per_unit": "4083",
        "price_unit": "G"
      },
      {
        "state": "QLD",
        "price": "4900",
        "price_per_unit": "4083",
        "price_unit": "G"
      },
      {
        "state": "WA",
        "price": "4900",
        "price_per_unit": "4083",
        "price_unit": "G"
      },
      {
        "state": "SA",
        "price": "4900",
        "price_per_unit": "4083",
        "price_unit": "G"
      },
      {
        "state": "TAS",
        "price": "4900",
        "price_per_unit": "4083",
        "price_unit": "G"
      },
      {
        "state": "ACT",
        "price": "4900",
        "price_per_unit": "4083",
        "price_unit": "G"
      },
      {
        "state": "NT",
        "price": "4900",
        "price_per_unit": "4083",
        "price_unit": "G"
      }
    ]
  },
  {
    "source_url": "https://www.woolworths.com.au/shop/productdetails/1074924734/bliss-under-cover-secret-full-coverage-concealer-almond-6ml-0-2oz",
    "name": "Bliss Under Cover Secret Full Coverage Concealer - # Almond 6ml/0.2oz",
    "image_url": "https://cdn1.woolworths.media/content/wowproductimages/large/1074924734.jpg",
    "source_id": "Woolworths - 1074924734",
    "barcode": null,
    "shop": "Woolworths",
    "weight": "10ML",
    "prices": [
      {
        "state": "NSW",
        "price": "3000",
        "price_per_unit": "5000",
        "price_unit": "ML"
      },
      {
        "state": "VIC",
        "price": "3000",
        "price_per_unit": "5000",
        "price_unit": "ML"
      },
      {
        "state": "QLD",
        "price": "3000",
        "price_per_unit": "5000",
        "price_unit": "ML"
      },
      {
        "state": "WA",
        "price": "3000",
        "price_per_unit": "5000",
        "price_unit": "ML"
      },
      {
        "state": "SA",
        "price": "3000",
        "price_per_unit": "5000",
        "price_unit": "ML"
      },
      {
        "state": "ACT",
        "price": "3000",
        "price_per_unit": "5000",
        "price_unit": "ML"
      },
      {
        "state": "NT",
        "price": "3000",
        "price_per_unit": "5000",
        "price_unit": "ML"
      }
    ]
  },
  {
    "source_url": "https://www.woolworths.com.au/shop/productdetails/1074924735/bliss-under-cover-secret-full-coverage-concealer-bronze-6ml-0-2oz",
    "name": "Bliss Under Cover Secret Full Coverage Concealer - # Bronze 6ml/0.2oz",
    "image_url": "https://cdn1.woolworths.media/content/wowproductimages/large/1074924735.jpg",
    "source_id": "Woolworths - 1074924735",
    "barcode": null,
    "shop": "Woolworths",
    "weight": "10ML",
    "prices": [
      {
        "state": "NSW",
        "price": "3000",
        "price_per_unit": "5000",
        "price_unit": "ML"
      },
      {
        "state": "VIC",
        "price": "3000",
        "price_per_unit": "5000",
        "price_unit": "ML"
      },
      {
        "state": "QLD",
        "price": "3000",
        "price_per_unit": "5000",
        "price_unit": "ML"
      },
      {
        "state": "WA",
        "price": "3000",
        "price_per_unit": "5000",
        "price_unit": "ML"
      },
      {
        "state": "SA",
        "price": "3000",
        "price_per_unit": "5000",
        "price_unit": "ML"
      },
      {
        "state": "ACT",
        "price": "3000",
        "price_per_unit": "5000",
        "price_unit": "ML"
      },
      {
        "state": "NT",
        "price": "3000",
        "price_per_unit": "5000",
        "price_unit": "ML"
      }
    ]
  },
  {
    "source_url": "https://www.woolworths.com.au/shop/productdetails/1075951864/bobbi-brown-bronzing-powder-golden-light-9g",
    "name": "Bobbi Brown Bronzing Powder - # Golden Light 9g",
    "image_url": "https://cdn1.woolworths.media/content/wowproductimages/large/1075951864.jpg",
    "source_id": "Woolworths - 1075951864",
    "barcode": null,
    "shop": "Woolworths",
    "weight": "10G",
    "prices": [
      {
        "state": "NSW",
        "price": "9400",
        "price_per_unit": "10444",
        "price_unit": "G"
      },
      {
        "state": "VIC",
        "price": "9400",
        "price_per_unit": "10444",
        "price_unit": "G"
      },
      {
        "state": "QLD",
        "price": "9400",
        "price_per_unit": "10444",
        "price_unit": "G"
      },
      {
        "state": "WA",
        "price": "9400",
        "price_per_unit": "10444",
        "price_unit": "G"
      },
      {
        "state": "SA",
        "price": "9400",
        "price_per_unit": "10444",
        "price_unit": "G"
      },
      {
        "state": "TAS",
        "price": "9400",
        "price_per_unit": "10444",
        "price_unit": "G"
      },
      {
        "state": "ACT",
        "price": "9400",
        "price_per_unit": "10444",
        "price_unit": "G"
      },
      {
        "state": "NT",
        "price": "9400",
        "price_per_unit": "10444",
        "price_unit": "G"
      }
    ]
  },
  {
    "source_url": "https://www.woolworths.com.au/shop/productdetails/1075951865/bobbi-brown-bronzing-powder-light-9g",
    "name": "Bobbi Brown Bronzing Powder - # Light 9g",
    "image_url": "https://cdn1.woolworths.media/content/wowproductimages/large/1075951865.jpg",
    "source_id": "Woolworths - 1075951865",
    "barcode": null,
    "shop": "Woolworths",
    "weight": "10G",
    "prices": [
      {
        "state": "NSW",
        "price": "9400",
        "price_per_unit": "10444",
        "price_unit": "G"
      },
      {
        "state": "VIC",
        "price": "9400",
        "price_per_unit": "10444",
        "price_unit": "G"
      },
      {
        "state": "QLD",
        "price": "9400",
        "price_per_unit": "10444",
        "price_unit": "G"
      },
      {
        "state": "WA",
        "price": "9400",
        "price_per_unit": "10444",
        "price_unit": "G"
      },
      {
        "state": "SA",
        "price": "9400",
        "price_per_unit": "10444",
        "price_unit": "G"
      },
      {
        "state": "TAS",
        "price": "9400",
        "price_per_unit": "10444",
        "price_unit": "G"
      },
      {
        "state": "ACT",
        "price": "9400",
        "price_per_unit": "10444",
        "price_unit": "G"
      },
      {
        "state": "NT",
        "price": "9400",
        "price_per_unit": "10444",
        "price_unit": "G"
      }
    ]
  },
  {
    "source_url": "https://www.woolworths.com.au/shop/productdetails/1075951866/bobbi-brown-bronzing-powder-medium-9g",
    "name": "Bobbi Brown Bronzing Powder - # Medium 9g",
    "image_url": "https://cdn1.woolworths.media/content/wowproductimages/large/1075951866.jpg",
    "source_id": "Woolworths - 1075951866",
    "barcode": null,
    "shop": "Woolworths",
    "weight": "10G",
    "prices": [
      {
        "state": "NSW",
        "price": "9400",
        "price_per_unit": "10444",
        "price_unit": "G"
      },
      {
        "state": "VIC",
        "price": "9400",
        "price_per_unit": "10444",
        "price_unit": "G"
      },
      {
        "state": "QLD",
        "price": "9400",
        "price_per_unit": "10444",
        "price_unit": "G"
      },
      {
        "state": "WA",
        "price": "9400",
        "price_per_unit": "10444",
        "price_unit": "G"
      },
      {
        "state": "SA",
        "price": "9400",
        "price_per_unit": "10444",
        "price_unit": "G"
      },
      {
        "state": "TAS",
        "price": "9400",
        "price_per_unit": "10444",
        "price_unit": "G"
      },
      {
        "state": "ACT",
        "price": "9400",
        "price_per_unit": "10444",
        "price_unit": "G"
      },
      {
        "state": "NT",
        "price": "9400",
        "price_per_unit": "10444",
        "price_unit": "G"
      }
    ]
  },
  {
    "source_url": "https://www.woolworths.com.au/shop/productdetails/1074924745/bobbi-brown-corrector-light-bisque-1-4g-0-05oz",
    "name": "Bobbi Brown Corrector - Light Bisque 1.4g/0.05oz",
    "image_url": "https://cdn1.woolworths.media/content/wowproductimages/large/1074924745.jpg",
    "source_id": "Woolworths - 1074924745",
    "barcode": null,
    "shop": "Woolworths",
    "weight": "10G",
    "prices": [
      {
        "state": "NSW",
        "price": "8000",
        "price_per_unit": "57143",
        "price_unit": "G"
      },
      {
        "state": "VIC",
        "price": "8000",
        "price_per_unit": "57143",
        "price_unit": "G"
      },
      {
        "state": "QLD",
        "price": "8000",
        "price_per_unit": "57143",
        "price_unit": "G"
      },
      {
        "state": "WA",
        "price": "8000",
        "price_per_unit": "57143",
        "price_unit": "G"
      },
      {
        "state": "SA",
        "price": "8000",
        "price_per_unit": "57143",
        "price_unit": "G"
      },
      {
        "state": "TAS",
        "price": "8000",
        "price_per_unit": "57143",
        "price_unit": "G"
      },
      {
        "state": "ACT",
        "price": "8000",
        "price_per_unit": "57143",
        "price_unit": "G"
      },
      {
        "state": "NT",
        "price": "8000",
        "price_per_unit": "57143",
        "price_unit": "G"
      }
    ]
  },
  {
    "source_url": "https://www.woolworths.com.au/shop/productdetails/1075209591/bobbi-brown-crushed-oil-infused-gloss-bellini-shimmer-6ml-0-2oz",
    "name": "Bobbi Brown Crushed Oil Infused Gloss - # Bellini Shimmer 6ml/0.2oz",
    "image_url": "https://cdn1.woolworths.media/content/wowproductimages/large/1075209591.jpg",
    "source_id": "Woolworths - 1075209591",
    "barcode": null,
    "shop": "Woolworths",
    "weight": "10ML",
    "prices": [
      {
        "state": "NSW",
        "price": "7200",
        "price_per_unit": "12000",
        "price_unit": "ML"
      },
      {
        "state": "VIC",
        "price": "7200",
        "price_per_unit": "12000",
        "price_unit": "ML"
      },
      {
        "state": "QLD",
        "price": "7200",
        "price_per_unit": "12000",
        "price_unit": "ML"
      },
      {
        "state": "WA",
        "price": "7200",
        "price_per_unit": "12000",
        "price_unit": "ML"
      },
      {
        "state": "SA",
        "price": "7200",
        "price_per_unit": "12000",
        "price_unit": "ML"
      },
      {
        "state": "TAS",
        "price": "7200",
        "price_per_unit": "12000",
        "price_unit": "ML"
      },
      {
        "state": "ACT",
        "price": "7200",
        "price_per_unit": "12000",
        "price_unit": "ML"
      },
      {
        "state": "NT",
        "price": "7200",
        "price_per_unit": "12000",
        "price_unit": "ML"
      }
    ]
  },
  {
    "source_url": "https://www.woolworths.com.au/shop/productdetails/1075762038/bobbi-brown-crushed-oil-infused-gloss-in-the-buff-6ml-0-2oz",
    "name": "Bobbi Brown Crushed Oil Infused Gloss - # In The Buff 6ml/0.2oz",
    "image_url": "https://cdn1.woolworths.media/content/wowproductimages/large/1075762038.jpg",
    "source_id": "Woolworths - 1075762038",
    "barcode": null,
    "shop": "Woolworths",
    "weight": "10ML",
    "prices": [
      {
        "state": "NSW",
        "price": "7200",
        "price_per_unit": "12000",
        "price_unit": "ML"
      },
      {
        "state": "VIC",
        "price": "7200",
        "price_per_unit": "12000",
        "price_unit": "ML"
      },
      {
        "state": "QLD",
        "price": "7200",
        "price_per_unit": "12000",
        "price_unit": "ML"
      },
      {
        "state": "WA",
        "price": "7200",
        "price_per_unit": "12000",
        "price_unit": "ML"
      },
      {
        "state": "SA",
        "price": "7200",
        "price_per_unit": "12000",
        "price_unit": "ML"
      },
      {
        "state": "TAS",
        "price": "7200",
        "price_per_unit": "12000",
        "price_unit": "ML"
      },
      {
        "state": "ACT",
        "price": "7200",
        "price_per_unit": "12000",
        "price_unit": "ML"
      },
      {
        "state": "NT",
        "price": "7200",
        "price_per_unit": "12000",
        "price_unit": "ML"
      }
    ]
  },
  {
    "source_url": "https://www.woolworths.com.au/shop/productdetails/1074924765/bobbi-brown-highlighting-powder-ulla-johnson-collection-pink-glow-7-55g-0-26oz",
    "name": "Bobbi Brown Highlighting Powder (Ulla Johnson Collection) - # Pink Glow 7.55g/0.26oz",
    "image_url": "https://cdn1.woolworths.media/content/wowproductimages/large/1074924765.jpg",
    "source_id": "Woolworths - 1074924765",
    "barcode": null,
    "shop": "Woolworths",
    "weight": "10G",
    "prices": [
      {
        "state": "NSW",
        "price": "9500",
        "price_per_unit": "12583",
        "price_unit": "G"
      },
      {
        "state": "VIC",
        "price": "9500",
        "price_per_unit": "12583",
        "price_unit": "G"
      },
      {
        "state": "QLD",
        "price": "9500",
        "price_per_unit": "12583",
        "price_unit": "G"
      },
      {
        "state": "WA",
        "price": "9500",
        "price_per_unit": "12583",
        "price_unit": "G"
      },
      {
        "state": "SA",
        "price": "9500",
        "price_per_unit": "12583",
        "price_unit": "G"
      },
      {
        "state": "TAS",
        "price": "9500",
        "price_per_unit": "12583",
        "price_unit": "G"
      },
      {
        "state": "ACT",
        "price": "9500",
        "price_per_unit": "12583",
        "price_unit": "G"
      },
      {
        "state": "NT",
        "price": "9500",
        "price_per_unit": "12583",
        "price_unit": "G"
      }
    ]
  },
  {
    "source_url": "https://www.woolworths.com.au/shop/productdetails/1074924762/bobbi-brown-highlighting-powder-afernoon-glow-8g-0-28oz",
    "name": "Bobbi Brown Highlighting Powder - # Afernoon Glow 8g/0.28oz",
    "image_url": "https://cdn1.woolworths.media/content/wowproductimages/large/1074924762.jpg",
    "source_id": "Woolworths - 1074924762",
    "barcode": null,
    "shop": "Woolworths",
    "weight": "10G",
    "prices": [
      {
        "state": "NSW",
        "price": "10100",
        "price_per_unit": "12625",
        "price_unit": "G"
      },
      {
        "state": "VIC",
        "price": "10100",
        "price_per_unit": "12625",
        "price_unit": "G"
      },
      {
        "state": "QLD",
        "price": "10100",
        "price_per_unit": "12625",
        "price_unit": "G"
      },
      {
        "state": "WA",
        "price": "10100",
        "price_per_unit": "12625",
        "price_unit": "G"
      },
      {
        "state": "SA",
        "price": "10100",
        "price_per_unit": "12625",
        "price_unit": "G"
      },
      {
        "state": "TAS",
        "price": "10100",
        "price_per_unit": "12625",
        "price_unit": "G"
      },
      {
        "state": "ACT",
        "price": "10100",
        "price_per_unit": "12625",
        "price_unit": "G"
      },
      {
        "state": "NT",
        "price": "10100",
        "price_per_unit": "12625",
        "price_unit": "G"
      }
    ]
  },
  {
    "source_url": "https://www.woolworths.com.au/shop/productdetails/1074924763/bobbi-brown-highlighting-powder-bronze-glow-8g-0-28oz",
    "name": "Bobbi Brown Highlighting Powder - # Bronze Glow 8g/0.28oz",
    "image_url": "https://cdn1.woolworths.media/content/wowproductimages/large/1074924763.jpg",
    "source_id": "Woolworths - 1074924763",
    "barcode": null,
    "shop": "Woolworths",
    "weight": "10G",
    "prices": [
      {
        "state": "NSW",
        "price": "10100",
        "price_per_unit": "12625",
        "price_unit": "G"
      },
      {
        "state": "VIC",
        "price": "10100",
        "price_per_unit": "12625",
        "price_unit": "G"
      },
      {
        "state": "QLD",
        "price": "10100",
        "price_per_unit": "12625",
        "price_unit": "G"
      },
      {
        "state": "WA",
        "price": "10100",
        "price_per_unit": "12625",
        "price_unit": "G"
      },
      {
        "state": "SA",
        "price": "10100",
        "price_per_unit": "12625",
        "price_unit": "G"
      },
      {
        "state": "TAS",
        "price": "10100",
        "price_per_unit": "12625",
        "price_unit": "G"
      },
      {
        "state": "ACT",
        "price": "10100",
        "price_per_unit": "12625",
        "price_unit": "G"
      },
      {
        "state": "NT",
        "price": "10100",
        "price_per_unit": "12625",
        "price_unit": "G"
      }
    ]
  },
  {
    "source_url": "https://www.woolworths.com.au/shop/productdetails/1074924764/bobbi-brown-highlighting-powder-pink-glow-miniature-3g-0-1oz",
    "name": "Bobbi Brown Highlighting Powder - # Pink Glow (Miniature) 3g/0.1oz",
    "image_url": "https://cdn1.woolworths.media/content/wowproductimages/large/1074924764.jpg",
    "source_id": "Woolworths - 1074924764",
    "barcode": null,
    "shop": "Woolworths",
    "weight": "10G",
    "prices": [
      {
        "state": "NSW",
        "price": "6200",
        "price_per_unit": "20667",
        "price_unit": "G"
      },
      {
        "state": "VIC",
        "price": "6200",
        "price_per_unit": "20667",
        "price_unit": "G"
      },
      {
        "state": "QLD",
        "price": "6200",
        "price_per_unit": "20667",
        "price_unit": "G"
      },
      {
        "state": "WA",
        "price": "6200",
        "price_per_unit": "20667",
        "price_unit": "G"
      },
      {
        "state": "SA",
        "price": "6200",
        "price_per_unit": "20667",
        "price_unit": "G"
      },
      {
        "state": "TAS",
        "price": "6200",
        "price_per_unit": "20667",
        "price_unit": "G"
      },
      {
        "state": "ACT",
        "price": "6200",
        "price_per_unit": "20667",
        "price_unit": "G"
      },
      {
        "state": "NT",
        "price": "6200",
        "price_per_unit": "20667",
        "price_unit": "G"
      }
    ]
  },
  {
    "source_url": "https://www.woolworths.com.au/shop/productdetails/1075209594/bobbi-brown-intensive-serum-foundation-spf40-c-026-cool-invory-30ml-1oz",
    "name": "Bobbi Brown Intensive Serum Foundation SPF40 - # C-026 Cool Invory 30ml/1oz",
    "image_url": "https://cdn1.woolworths.media/content/wowproductimages/large/1075209594.jpg",
    "source_id": "Woolworths - 1075209594",
    "barcode": null,
    "shop": "Woolworths",
    "weight": "10ML",
    "prices": [
      {
        "state": "NSW",
        "price": "11900",
        "price_per_unit": "3967",
        "price_unit": "ML"
      },
      {
        "state": "VIC",
        "price": "11900",
        "price_per_unit": "3967",
        "price_unit": "ML"
      },
      {
        "state": "QLD",
        "price": "11900",
        "price_per_unit": "3967",
        "price_unit": "ML"
      },
      {
        "state": "WA",
        "price": "11900",
        "price_per_unit": "3967",
        "price_unit": "ML"
      },
      {
        "state": "SA",
        "price": "11900",
        "price_per_unit": "3967",
        "price_unit": "ML"
      },
      {
        "state": "TAS",
        "price": "11900",
        "price_per_unit": "3967",
        "price_unit": "ML"
      },
      {
        "state": "ACT",
        "price": "11900",
        "price_per_unit": "3967",
        "price_unit": "ML"
      },
      {
        "state": "NT",
        "price": "11900",
        "price_per_unit": "3967",
        "price_unit": "ML"
      }
    ]
  },
  {
    "source_url": "https://www.woolworths.com.au/shop/productdetails/1075762039/bobbi-brown-intensive-serum-foundation-spf40-n-012-porcelain-30ml-1oz",
    "name": "Bobbi Brown Intensive Serum Foundation SPF40 - # N-012 Porcelain 30ml/1oz",
    "image_url": "https://cdn1.woolworths.media/content/wowproductimages/large/1075762039.jpg",
    "source_id": "Woolworths - 1075762039",
    "barcode": null,
    "shop": "Woolworths",
    "weight": "10ML",
    "prices": [
      {
        "state": "NSW",
        "price": "11900",
        "price_per_unit": "3967",
        "price_unit": "ML"
      },
      {
        "state": "VIC",
        "price": "11900",
        "price_per_unit": "3967",
        "price_unit": "ML"
      },
      {
        "state": "QLD",
        "price": "11900",
        "price_per_unit": "3967",
        "price_unit": "ML"
      },
      {
        "state": "WA",
        "price": "11900",
        "price_per_unit": "3967",
        "price_unit": "ML"
      },
      {
        "state": "SA",
        "price": "11900",
        "price_per_unit": "3967",
        "price_unit": "ML"
      },
      {
        "state": "TAS",
        "price": "11900",
        "price_per_unit": "3967",
        "price_unit": "ML"
      },
      {
        "state": "ACT",
        "price": "11900",
        "price_per_unit": "3967",
        "price_unit": "ML"
      },
      {
        "state": "NT",
        "price": "11900",
        "price_per_unit": "3967",
        "price_unit": "ML"
      }
    ]
  },
  {
    "source_url": "https://www.woolworths.com.au/shop/productdetails/1074924773/bobbi-brown-intensive-serum-foundation-spf40-n-042-beige-30ml-1oz",
    "name": "Bobbi Brown Intensive Serum Foundation SPF40 - # N-042 Beige 30ml/1oz",
    "image_url": "https://cdn1.woolworths.media/content/wowproductimages/large/1074924773.jpg",
    "source_id": "Woolworths - 1074924773",
    "barcode": null,
    "shop": "Woolworths",
    "weight": "10ML",
    "prices": [
      {
        "state": "NSW",
        "price": "11900",
        "price_per_unit": "3967",
        "price_unit": "ML"
      },
      {
        "state": "VIC",
        "price": "11900",
        "price_per_unit": "3967",
        "price_unit": "ML"
      },
      {
        "state": "QLD",
        "price": "11900",
        "price_per_unit": "3967",
        "price_unit": "ML"
      },
      {
        "state": "WA",
        "price": "11900",
        "price_per_unit": "3967",
        "price_unit": "ML"
      },
      {
        "state": "SA",
        "price": "11900",
        "price_per_unit": "3967",
        "price_unit": "ML"
      },
      {
        "state": "TAS",
        "price": "11900",
        "price_per_unit": "3967",
        "price_unit": "ML"
      },
      {
        "state": "ACT",
        "price": "11900",
        "price_per_unit": "3967",
        "price_unit": "ML"
      },
      {
        "state": "NT",
        "price": "11900",
        "price_per_unit": "3967",
        "price_unit": "ML"
      }
    ]
  },
  {
    "source_url": "https://www.woolworths.com.au/shop/productdetails/1074924776/bobbi-brown-intensive-serum-foundation-spf40-w-036-warm-sand-30ml-1oz",
    "name": "Bobbi Brown Intensive Serum Foundation SPF40 - # W-036 Warm Sand 30ml/1oz",
    "image_url": "https://cdn1.woolworths.media/content/wowproductimages/large/1074924776.jpg",
    "source_id": "Woolworths - 1074924776",
    "barcode": null,
    "shop": "Woolworths",
    "weight": "10ML",
    "prices": [
      {
        "state": "NSW",
        "price": "11900",
        "price_per_unit": "3967",
        "price_unit": "ML"
      },
      {
        "state": "VIC",
        "price": "11900",
        "price_per_unit": "3967",
        "price_unit": "ML"
      },
      {
        "state": "QLD",
        "price": "11900",
        "price_per_unit": "3967",
        "price_unit": "ML"
      },
      {
        "state": "WA",
        "price": "11900",
        "price_per_unit": "3967",
        "price_unit": "ML"
      },
      {
        "state": "SA",
        "price": "11900",
        "price_per_unit": "3967",
        "price_unit": "ML"
      },
      {
        "state": "TAS",
        "price": "11900",
        "price_per_unit": "3967",
        "price_unit": "ML"
      },
      {
        "state": "ACT",
        "price": "11900",
        "price_per_unit": "3967",
        "price_unit": "ML"
      },
      {
        "state": "NT",
        "price": "11900",
        "price_per_unit": "3967",
        "price_unit": "ML"
      }
    ]
  },
  {
    "source_url": "https://www.woolworths.com.au/shop/productdetails/1074924799/bobbi-brown-luxe-illuminating-duo-highlighting-powder-shimmering-powder-soft-bronze-6-5g-0-22oz",
    "name": "Bobbi Brown Luxe Illuminating Duo (Highlighting Powder + Shimmering Powder) - # Soft Bronze 6.5g/0.22oz",
    "image_url": "https://cdn1.woolworths.media/content/wowproductimages/large/1074924799.jpg",
    "source_id": "Woolworths - 1074924799",
    "barcode": null,
    "shop": "Woolworths",
    "weight": "10G",
    "prices": [
      {
        "state": "NSW",
        "price": "10800",
        "price_per_unit": "16615",
        "price_unit": "G"
      },
      {
        "state": "VIC",
        "price": "10800",
        "price_per_unit": "16615",
        "price_unit": "G"
      },
      {
        "state": "QLD",
        "price": "10800",
        "price_per_unit": "16615",
        "price_unit": "G"
      },
      {
        "state": "WA",
        "price": "10800",
        "price_per_unit": "16615",
        "price_unit": "G"
      },
      {
        "state": "SA",
        "price": "10800",
        "price_per_unit": "16615",
        "price_unit": "G"
      },
      {
        "state": "TAS",
        "price": "10800",
        "price_per_unit": "16615",
        "price_unit": "G"
      },
      {
        "state": "ACT",
        "price": "10800",
        "price_per_unit": "16615",
        "price_unit": "G"
      },
      {
        "state": "NT",
        "price": "10800",
        "price_per_unit": "16615",
        "price_unit": "G"
      }
    ]
  },
  {
    "source_url": "https://www.woolworths.com.au/shop/productdetails/1075209607/bobbi-brown-mini-sheer-finish-pressed-powder-1-pale-yellow-4-6g-0-16oz",
    "name": "Bobbi Brown Mini Sheer Finish Pressed Powder - # 1 Pale Yellow 4.6g/0.16oz",
    "image_url": "https://cdn1.woolworths.media/content/wowproductimages/large/1075209607.jpg",
    "source_id": "Woolworths - 1075209607",
    "barcode": null,
    "shop": "Woolworths",
    "weight": "10G",
    "prices": [
      {
        "state": "NSW",
        "price": "6300",
        "price_per_unit": "13696",
        "price_unit": "G"
      },
      {
        "state": "VIC",
        "price": "6300",
        "price_per_unit": "13696",
        "price_unit": "G"
      },
      {
        "state": "QLD",
        "price": "6300",
        "price_per_unit": "13696",
        "price_unit": "G"
      },
      {
        "state": "WA",
        "price": "6300",
        "price_per_unit": "13696",
        "price_unit": "G"
      },
      {
        "state": "SA",
        "price": "6300",
        "price_per_unit": "13696",
        "price_unit": "G"
      },
      {
        "state": "TAS",
        "price": "6300",
        "price_per_unit": "13696",
        "price_unit": "G"
      },
      {
        "state": "ACT",
        "price": "6300",
        "price_per_unit": "13696",
        "price_unit": "G"
      },
      {
        "state": "NT",
        "price": "6300",
        "price_per_unit": "13696",
        "price_unit": "G"
      }
    ]
  },
  {
    "source_url": "https://www.woolworths.com.au/shop/productdetails/1075951872/bobbi-brown-powder-blush-antigua-shimmer-3-5g",
    "name": "Bobbi Brown Powder Blush  - # Antigua Shimmer 3.5g",
    "image_url": "https://cdn1.woolworths.media/content/wowproductimages/large/1075951872.jpg",
    "source_id": "Woolworths - 1075951872",
    "barcode": null,
    "shop": "Woolworths",
    "weight": "10G",
    "prices": [
      {
        "state": "NSW",
        "price": "7900",
        "price_per_unit": "22571",
        "price_unit": "G"
      },
      {
        "state": "VIC",
        "price": "7900",
        "price_per_unit": "22571",
        "price_unit": "G"
      },
      {
        "state": "QLD",
        "price": "7900",
        "price_per_unit": "22571",
        "price_unit": "G"
      },
      {
        "state": "WA",
        "price": "7900",
        "price_per_unit": "22571",
        "price_unit": "G"
      },
      {
        "state": "SA",
        "price": "7900",
        "price_per_unit": "22571",
        "price_unit": "G"
      },
      {
        "state": "TAS",
        "price": "7900",
        "price_per_unit": "22571",
        "price_unit": "G"
      },
      {
        "state": "ACT",
        "price": "7900",
        "price_per_unit": "22571",
        "price_unit": "G"
      },
      {
        "state": "NT",
        "price": "7900",
        "price_per_unit": "22571",
        "price_unit": "G"
      }
    ]
  },
  {
    "source_url": "https://www.woolworths.com.au/shop/productdetails/1075951873/bobbi-brown-powder-blush-gallery-shimmer-3-5g",
    "name": "Bobbi Brown Powder Blush  - # Gallery Shimmer 3.5g",
    "image_url": "https://cdn1.woolworths.media/content/wowproductimages/large/1075951873.jpg",
    "source_id": "Woolworths - 1075951873",
    "barcode": null,
    "shop": "Woolworths",
    "weight": "10G",
    "prices": [
      {
        "state": "NSW",
        "price": "7900",
        "price_per_unit": "22571",
        "price_unit": "G"
      },
      {
        "state": "VIC",
        "price": "7900",
        "price_per_unit": "22571",
        "price_unit": "G"
      },
      {
        "state": "QLD",
        "price": "7900",
        "price_per_unit": "22571",
        "price_unit": "G"
      },
      {
        "state": "WA",
        "price": "7900",
        "price_per_unit": "22571",
        "price_unit": "G"
      },
      {
        "state": "SA",
        "price": "7900",
        "price_per_unit": "22571",
        "price_unit": "G"
      },
      {
        "state": "TAS",
        "price": "7900",
        "price_per_unit": "22571",
        "price_unit": "G"
      },
      {
        "state": "ACT",
        "price": "7900",
        "price_per_unit": "22571",
        "price_unit": "G"
      },
      {
        "state": "NT",
        "price": "7900",
        "price_per_unit": "22571",
        "price_unit": "G"
      }
    ]
  },
  {
    "source_url": "https://www.woolworths.com.au/shop/productdetails/1075951874/bobbi-brown-powder-blush-modern-shimmer-3-5g",
    "name": "Bobbi Brown Powder Blush  - # Modern Shimmer 3.5g",
    "image_url": "https://cdn1.woolworths.media/content/wowproductimages/large/1075951874.jpg",
    "source_id": "Woolworths - 1075951874",
    "barcode": null,
    "shop": "Woolworths",
    "weight": "10G",
    "prices": [
      {
        "state": "NSW",
        "price": "7900",
        "price_per_unit": "22571",
        "price_unit": "G"
      },
      {
        "state": "VIC",
        "price": "7900",
        "price_per_unit": "22571",
        "price_unit": "G"
      },
      {
        "state": "QLD",
        "price": "7900",
        "price_per_unit": "22571",
        "price_unit": "G"
      },
      {
        "state": "WA",
        "price": "7900",
        "price_per_unit": "22571",
        "price_unit": "G"
      },
      {
        "state": "SA",
        "price": "7900",
        "price_per_unit": "22571",
        "price_unit": "G"
      },
      {
        "state": "TAS",
        "price": "7900",
        "price_per_unit": "22571",
        "price_unit": "G"
      },
      {
        "state": "ACT",
        "price": "7900",
        "price_per_unit": "22571",
        "price_unit": "G"
      },
      {
        "state": "NT",
        "price": "7900",
        "price_per_unit": "22571",
        "price_unit": "G"
      }
    ]
  },
  {
    "source_url": "https://www.woolworths.com.au/shop/productdetails/1075951875/bobbi-brown-powder-blush-nectar-matte-3-5g",
    "name": "Bobbi Brown Powder Blush - # Nectar Matte 3.5g",
    "image_url": "https://cdn1.woolworths.media/content/wowproductimages/large/1075951875.jpg",
    "source_id": "Woolworths - 1075951875",
    "barcode": null,
    "shop": "Woolworths",
    "weight": "10G",
    "prices": [
      {
        "state": "NSW",
        "price": "7900",
        "price_per_unit": "22571",
        "price_unit": "G"
      },
      {
        "state": "VIC",
        "price": "7900",
        "price_per_unit": "22571",
        "price_unit": "G"
      },
      {
        "state": "QLD",
        "price": "7900",
        "price_per_unit": "22571",
        "price_unit": "G"
      },
      {
        "state": "WA",
        "price": "7900",
        "price_per_unit": "22571",
        "price_unit": "G"
      },
      {
        "state": "SA",
        "price": "7900",
        "price_per_unit": "22571",
        "price_unit": "G"
      },
      {
        "state": "TAS",
        "price": "7900",
        "price_per_unit": "22571",
        "price_unit": "G"
      },
      {
        "state": "ACT",
        "price": "7900",
        "price_per_unit": "22571",
        "price_unit": "G"
      },
      {
        "state": "NT",
        "price": "7900",
        "price_per_unit": "22571",
        "price_unit": "G"
      }
    ]
  },
  {
    "source_url": "https://www.woolworths.com.au/shop/productdetails/1075951876/bobbi-brown-powder-blush-tawiny-matte-3-5g",
    "name": "Bobbi Brown Powder Blush - # Tawiny Matte 3.5g",
    "image_url": "https://cdn1.woolworths.media/content/wowproductimages/large/1075951876.jpg",
    "source_id": "Woolworths - 1075951876",
    "barcode": null,
    "shop": "Woolworths",
    "weight": "10G",
    "prices": [
      {
        "state": "NSW",
        "price": "7900",
        "price_per_unit": "22571",
        "price_unit": "G"
      },
      {
        "state": "VIC",
        "price": "7900",
        "price_per_unit": "22571",
        "price_unit": "G"
      },
      {
        "state": "QLD",
        "price": "7900",
        "price_per_unit": "22571",
        "price_unit": "G"
      },
      {
        "state": "WA",
        "price": "7900",
        "price_per_unit": "22571",
        "price_unit": "G"
      },
      {
        "state": "SA",
        "price": "7900",
        "price_per_unit": "22571",
        "price_unit": "G"
      },
      {
        "state": "TAS",
        "price": "7900",
        "price_per_unit": "22571",
        "price_unit": "G"
      },
      {
        "state": "ACT",
        "price": "7900",
        "price_per_unit": "22571",
        "price_unit": "G"
      },
      {
        "state": "NT",
        "price": "7900",
        "price_per_unit": "22571",
        "price_unit": "G"
      }
    ]
  },
  {
    "source_url": "https://www.woolworths.com.au/shop/productdetails/1075951877/bobbi-brown-powder-blush-vintage-matte-3-5g",
    "name": "Bobbi Brown Powder Blush - # Vintage Matte 3.5g",
    "image_url": "https://cdn1.woolworths.media/content/wowproductimages/large/1075951877.jpg",
    "source_id": "Woolworths - 1075951877",
    "barcode": null,
    "shop": "Woolworths",
    "weight": "10G",
    "prices": [
      {
        "state": "NSW",
        "price": "7900",
        "price_per_unit": "22571",
        "price_unit": "G"
      },
      {
        "state": "VIC",
        "price": "7900",
        "price_per_unit": "22571",
        "price_unit": "G"
      },
      {
        "state": "QLD",
        "price": "7900",
        "price_per_unit": "22571",
        "price_unit": "G"
      },
      {
        "state": "WA",
        "price": "7900",
        "price_per_unit": "22571",
        "price_unit": "G"
      },
      {
        "state": "SA",
        "price": "7900",
        "price_per_unit": "22571",
        "price_unit": "G"
      },
      {
        "state": "TAS",
        "price": "7900",
        "price_per_unit": "22571",
        "price_unit": "G"
      },
      {
        "state": "ACT",
        "price": "7900",
        "price_per_unit": "22571",
        "price_unit": "G"
      },
      {
        "state": "NT",
        "price": "7900",
        "price_per_unit": "22571",
        "price_unit": "G"
      }
    ]
  },
  {
    "source_url": "https://www.woolworths.com.au/shop/productdetails/1075762041/bobbi-brown-primer-plus-protection-spf-50-40ml-1-4oz",
    "name": "Bobbi Brown Primer Plus Protection SPF 50 40ml/1.4oz",
    "image_url": "https://cdn1.woolworths.media/content/wowproductimages/large/1075762041.jpg",
    "source_id": "Woolworths - 1075762041",
    "barcode": null,
    "shop": "Woolworths",
    "weight": "10ML",
    "prices": [
      {
        "state": "NSW",
        "price": "8700",
        "price_per_unit": "2175",
        "price_unit": "ML"
      },
      {
        "state": "VIC",
        "price": "8700",
        "price_per_unit": "2175",
        "price_unit": "ML"
      },
      {
        "state": "QLD",
        "price": "8700",
        "price_per_unit": "2175",
        "price_unit": "ML"
      },
      {
        "state": "WA",
        "price": "8700",
        "price_per_unit": "2175",
        "price_unit": "ML"
      },
      {
        "state": "SA",
        "price": "8700",
        "price_per_unit": "2175",
        "price_unit": "ML"
      },
      {
        "state": "TAS",
        "price": "8700",
        "price_per_unit": "2175",
        "price_unit": "ML"
      },
      {
        "state": "ACT",
        "price": "8700",
        "price_per_unit": "2175",
        "price_unit": "ML"
      },
      {
        "state": "NT",
        "price": "8700",
        "price_per_unit": "2175",
        "price_unit": "ML"
      }
    ]
  },
  {
    "source_url": "https://www.woolworths.com.au/shop/productdetails/1075209608/bobbi-brown-sheer-finish-pressed-powder-pale-yellow-9g-0-31oz",
    "name": "Bobbi Brown Sheer Finish Pressed Powder - # Pale Yellow 9g/0.31oz",
    "image_url": "https://cdn1.woolworths.media/content/wowproductimages/large/1075209608.jpg",
    "source_id": "Woolworths - 1075209608",
    "barcode": null,
    "shop": "Woolworths",
    "weight": "10G",
    "prices": [
      {
        "state": "NSW",
        "price": "9900",
        "price_per_unit": "11000",
        "price_unit": "G"
      },
      {
        "state": "VIC",
        "price": "9900",
        "price_per_unit": "11000",
        "price_unit": "G"
      },
      {
        "state": "QLD",
        "price": "9900",
        "price_per_unit": "11000",
        "price_unit": "G"
      },
      {
        "state": "WA",
        "price": "9900",
        "price_per_unit": "11000",
        "price_unit": "G"
      },
      {
        "state": "SA",
        "price": "9900",
        "price_per_unit": "11000",
        "price_unit": "G"
      },
      {
        "state": "TAS",
        "price": "9900",
        "price_per_unit": "11000",
        "price_unit": "G"
      },
      {
        "state": "ACT",
        "price": "9900",
        "price_per_unit": "11000",
        "price_unit": "G"
      },
      {
        "state": "NT",
        "price": "9900",
        "price_per_unit": "11000",
        "price_unit": "G"
      }
    ]
  },
  {
    "source_url": "https://www.woolworths.com.au/shop/productdetails/1075209609/bobbi-brown-sheer-finish-pressed-powder-soft-sand-9g-0-31oz",
    "name": "Bobbi Brown Sheer Finish Pressed Powder - # Soft Sand 9g/0.31oz",
    "image_url": "https://cdn1.woolworths.media/content/wowproductimages/large/1075209609.jpg",
    "source_id": "Woolworths - 1075209609",
    "barcode": null,
    "shop": "Woolworths",
    "weight": "10G",
    "prices": [
      {
        "state": "NSW",
        "price": "9200",
        "price_per_unit": "10222",
        "price_unit": "G"
      },
      {
        "state": "VIC",
        "price": "9200",
        "price_per_unit": "10222",
        "price_unit": "G"
      },
      {
        "state": "QLD",
        "price": "9200",
        "price_per_unit": "10222",
        "price_unit": "G"
      },
      {
        "state": "WA",
        "price": "9200",
        "price_per_unit": "10222",
        "price_unit": "G"
      },
      {
        "state": "SA",
        "price": "9200",
        "price_per_unit": "10222",
        "price_unit": "G"
      },
      {
        "state": "TAS",
        "price": "9200",
        "price_per_unit": "10222",
        "price_unit": "G"
      },
      {
        "state": "ACT",
        "price": "9200",
        "price_per_unit": "10222",
        "price_unit": "G"
      },
      {
        "state": "NT",
        "price": "9200",
        "price_per_unit": "10222",
        "price_unit": "G"
      }
    ]
  },
  {
    "source_url": "https://www.woolworths.com.au/shop/productdetails/1075018645/bobbi-brown-sheer-finish-pressed-powder-sunny-beige-9g-0-31oz",
    "name": "Bobbi Brown Sheer Finish Pressed Powder - # Sunny Beige 9g/0.31oz",
    "image_url": "https://cdn1.woolworths.media/content/wowproductimages/large/1075018645.jpg",
    "source_id": "Woolworths - 1075018645",
    "barcode": null,
    "shop": "Woolworths",
    "weight": "10G",
    "prices": [
      {
        "state": "NSW",
        "price": "8800",
        "price_per_unit": "9778",
        "price_unit": "G"
      },
      {
        "state": "VIC",
        "price": "8800",
        "price_per_unit": "9778",
        "price_unit": "G"
      },
      {
        "state": "QLD",
        "price": "8800",
        "price_per_unit": "9778",
        "price_unit": "G"
      },
      {
        "state": "WA",
        "price": "8800",
        "price_per_unit": "9778",
        "price_unit": "G"
      },
      {
        "state": "SA",
        "price": "8800",
        "price_per_unit": "9778",
        "price_unit": "G"
      },
      {
        "state": "TAS",
        "price": "8800",
        "price_per_unit": "9778",
        "price_unit": "G"
      },
      {
        "state": "ACT",
        "price": "8800",
        "price_per_unit": "9778",
        "price_unit": "G"
      },
      {
        "state": "NT",
        "price": "8800",
        "price_per_unit": "9778",
        "price_unit": "G"
      }
    ]
  },
  {
    "source_url": "https://www.woolworths.com.au/shop/productdetails/1075209610/bobbi-brown-sheer-finish-pressed-powder-warm-natural-9g-0-31oz",
    "name": "Bobbi Brown Sheer Finish Pressed Powder - # Warm Natural 9g/0.31oz",
    "image_url": "https://cdn1.woolworths.media/content/wowproductimages/large/1075209610.jpg",
    "source_id": "Woolworths - 1075209610",
    "barcode": null,
    "shop": "Woolworths",
    "weight": "10G",
    "prices": [
      {
        "state": "NSW",
        "price": "9200",
        "price_per_unit": "10222",
        "price_unit": "G"
      },
      {
        "state": "VIC",
        "price": "9200",
        "price_per_unit": "10222",
        "price_unit": "G"
      },
      {
        "state": "QLD",
        "price": "9200",
        "price_per_unit": "10222",
        "price_unit": "G"
      },
      {
        "state": "WA",
        "price": "9200",
        "price_per_unit": "10222",
        "price_unit": "G"
      },
      {
        "state": "SA",
        "price": "9200",
        "price_per_unit": "10222",
        "price_unit": "G"
      },
      {
        "state": "TAS",
        "price": "9200",
        "price_per_unit": "10222",
        "price_unit": "G"
      },
      {
        "state": "ACT",
        "price": "9200",
        "price_per_unit": "10222",
        "price_unit": "G"
      },
      {
        "state": "NT",
        "price": "9200",
        "price_per_unit": "10222",
        "price_unit": "G"
      }
    ]
  },
  {
    "source_url": "https://www.woolworths.com.au/shop/productdetails/1074924829/bobbi-brown-skin-concealer-stick-beige-3g-0-1oz",
    "name": "Bobbi Brown Skin Concealer Stick - # Beige 3g/0.1oz",
    "image_url": "https://cdn1.woolworths.media/content/wowproductimages/large/1074924829.jpg",
    "source_id": "Woolworths - 1074924829",
    "barcode": null,
    "shop": "Woolworths",
    "weight": "10G",
    "prices": [
      {
        "state": "NSW",
        "price": "7900",
        "price_per_unit": "26333",
        "price_unit": "G"
      },
      {
        "state": "VIC",
        "price": "7900",
        "price_per_unit": "26333",
        "price_unit": "G"
      },
      {
        "state": "QLD",
        "price": "7900",
        "price_per_unit": "26333",
        "price_unit": "G"
      },
      {
        "state": "WA",
        "price": "7900",
        "price_per_unit": "26333",
        "price_unit": "G"
      },
      {
        "state": "SA",
        "price": "7900",
        "price_per_unit": "26333",
        "price_unit": "G"
      },
      {
        "state": "TAS",
        "price": "7900",
        "price_per_unit": "26333",
        "price_unit": "G"
      },
      {
        "state": "ACT",
        "price": "7900",
        "price_per_unit": "26333",
        "price_unit": "G"
      },
      {
        "state": "NT",
        "price": "7900",
        "price_per_unit": "26333",
        "price_unit": "G"
      }
    ]
  },
  {
    "source_url": "https://www.woolworths.com.au/shop/productdetails/1074924830/bobbi-brown-skin-concealer-stick-natural-3g-0-1oz",
    "name": "Bobbi Brown Skin Concealer Stick - # Natural 3g/0.1oz",
    "image_url": "https://cdn1.woolworths.media/content/wowproductimages/large/1074924830.jpg",
    "source_id": "Woolworths - 1074924830",
    "barcode": null,
    "shop": "Woolworths",
    "weight": "10G",
    "prices": [
      {
        "state": "NSW",
        "price": "7900",
        "price_per_unit": "26333",
        "price_unit": "G"
      },
      {
        "state": "VIC",
        "price": "7900",
        "price_per_unit": "26333",
        "price_unit": "G"
      },
      {
        "state": "QLD",
        "price": "7900",
        "price_per_unit": "26333",
        "price_unit": "G"
      },
      {
        "state": "WA",
        "price": "7900",
        "price_per_unit": "26333",
        "price_unit": "G"
      },
      {
        "state": "SA",
        "price": "7900",
        "price_per_unit": "26333",
        "price_unit": "G"
      },
      {
        "state": "TAS",
        "price": "7900",
        "price_per_unit": "26333",
        "price_unit": "G"
      },
      {
        "state": "ACT",
        "price": "7900",
        "price_per_unit": "26333",
        "price_unit": "G"
      },
      {
        "state": "NT",
        "price": "7900",
        "price_per_unit": "26333",
        "price_unit": "G"
      }
    ]
  },
  {
    "source_url": "https://www.woolworths.com.au/shop/productdetails/1074924832/bobbi-brown-skin-concealer-stick-porcelain-3g-0-1oz",
    "name": "Bobbi Brown Skin Concealer Stick - # Porcelain 3g/0.1oz",
    "image_url": "https://cdn1.woolworths.media/content/wowproductimages/large/1074924832.jpg",
    "source_id": "Woolworths - 1074924832",
    "barcode": null,
    "shop": "Woolworths",
    "weight": "10G",
    "prices": [
      {
        "state": "NSW",
        "price": "7900",
        "price_per_unit": "26333",
        "price_unit": "G"
      },
      {
        "state": "VIC",
        "price": "7900",
        "price_per_unit": "26333",
        "price_unit": "G"
      },
      {
        "state": "QLD",
        "price": "7900",
        "price_per_unit": "26333",
        "price_unit": "G"
      },
      {
        "state": "WA",
        "price": "7900",
        "price_per_unit": "26333",
        "price_unit": "G"
      },
      {
        "state": "SA",
        "price": "7900",
        "price_per_unit": "26333",
        "price_unit": "G"
      },
      {
        "state": "TAS",
        "price": "7900",
        "price_per_unit": "26333",
        "price_unit": "G"
      },
      {
        "state": "ACT",
        "price": "7900",
        "price_per_unit": "26333",
        "price_unit": "G"
      },
      {
        "state": "NT",
        "price": "7900",
        "price_per_unit": "26333",
        "price_unit": "G"
      }
    ]
  },
  {
    "source_url": "https://www.woolworths.com.au/shop/productdetails/1074924834/bobbi-brown-skin-concealer-stick-sand-3g-0-1oz",
    "name": "Bobbi Brown Skin Concealer Stick - # Sand 3g/0.1oz",
    "image_url": "https://cdn1.woolworths.media/content/wowproductimages/large/1074924834.jpg",
    "source_id": "Woolworths - 1074924834",
    "barcode": null,
    "shop": "Woolworths",
    "weight": "10G",
    "prices": [
      {
        "state": "NSW",
        "price": "7900",
        "price_per_unit": "26333",
        "price_unit": "G"
      },
      {
        "state": "VIC",
        "price": "7900",
        "price_per_unit": "26333",
        "price_unit": "G"
      },
      {
        "state": "QLD",
        "price": "7900",
        "price_per_unit": "26333",
        "price_unit": "G"
      },
      {
        "state": "WA",
        "price": "7900",
        "price_per_unit": "26333",
        "price_unit": "G"
      },
      {
        "state": "SA",
        "price": "7900",
        "price_per_unit": "26333",
        "price_unit": "G"
      },
      {
        "state": "TAS",
        "price": "7900",
        "price_per_unit": "26333",
        "price_unit": "G"
      },
      {
        "state": "ACT",
        "price": "7900",
        "price_per_unit": "26333",
        "price_unit": "G"
      },
      {
        "state": "NT",
        "price": "7900",
        "price_per_unit": "26333",
        "price_unit": "G"
      }
    ]
  },
  {
    "source_url": "https://www.woolworths.com.au/shop/productdetails/1074924836/bobbi-brown-skin-concealer-stick-warm-ivory-3g-0-1oz",
    "name": "Bobbi Brown Skin Concealer Stick - # Warm Ivory 3g/0.1oz",
    "image_url": "https://cdn1.woolworths.media/content/wowproductimages/large/1074924836.jpg",
    "source_id": "Woolworths - 1074924836",
    "barcode": null,
    "shop": "Woolworths",
    "weight": "10G",
    "prices": [
      {
        "state": "NSW",
        "price": "7900",
        "price_per_unit": "26333",
        "price_unit": "G"
      },
      {
        "state": "VIC",
        "price": "7900",
        "price_per_unit": "26333",
        "price_unit": "G"
      },
      {
        "state": "QLD",
        "price": "7900",
        "price_per_unit": "26333",
        "price_unit": "G"
      },
      {
        "state": "WA",
        "price": "7900",
        "price_per_unit": "26333",
        "price_unit": "G"
      },
      {
        "state": "SA",
        "price": "7900",
        "price_per_unit": "26333",
        "price_unit": "G"
      },
      {
        "state": "TAS",
        "price": "7900",
        "price_per_unit": "26333",
        "price_unit": "G"
      },
      {
        "state": "ACT",
        "price": "7900",
        "price_per_unit": "26333",
        "price_unit": "G"
      },
      {
        "state": "NT",
        "price": "7900",
        "price_per_unit": "26333",
        "price_unit": "G"
      }
    ]
  },
  {
    "source_url": "https://www.woolworths.com.au/shop/productdetails/1074924839/bobbi-brown-skin-corrector-stick-bisque-3g-0-1oz",
    "name": "Bobbi Brown Skin Corrector Stick - # Bisque 3g/0.1oz",
    "image_url": "https://cdn1.woolworths.media/content/wowproductimages/large/1074924839.jpg",
    "source_id": "Woolworths - 1074924839",
    "barcode": null,
    "shop": "Woolworths",
    "weight": "10G",
    "prices": [
      {
        "state": "NSW",
        "price": "7900",
        "price_per_unit": "26333",
        "price_unit": "G"
      },
      {
        "state": "VIC",
        "price": "7900",
        "price_per_unit": "26333",
        "price_unit": "G"
      },
      {
        "state": "QLD",
        "price": "7900",
        "price_per_unit": "26333",
        "price_unit": "G"
      },
      {
        "state": "WA",
        "price": "7900",
        "price_per_unit": "26333",
        "price_unit": "G"
      },
      {
        "state": "SA",
        "price": "7900",
        "price_per_unit": "26333",
        "price_unit": "G"
      },
      {
        "state": "TAS",
        "price": "7900",
        "price_per_unit": "26333",
        "price_unit": "G"
      },
      {
        "state": "ACT",
        "price": "7900",
        "price_per_unit": "26333",
        "price_unit": "G"
      },
      {
        "state": "NT",
        "price": "7900",
        "price_per_unit": "26333",
        "price_unit": "G"
      }
    ]
  },
  {
    "source_url": "https://www.woolworths.com.au/shop/productdetails/1074924844/bobbi-brown-skin-foundation-stick-warm-beige-9g-0-31oz",
    "name": "Bobbi Brown Skin Foundation Stick - # Warm Beige 9g/0.31oz",
    "image_url": "https://cdn1.woolworths.media/content/wowproductimages/large/1074924844.jpg",
    "source_id": "Woolworths - 1074924844",
    "barcode": null,
    "shop": "Woolworths",
    "weight": "10G",
    "prices": [
      {
        "state": "NSW",
        "price": "9700",
        "price_per_unit": "10778",
        "price_unit": "G"
      },
      {
        "state": "VIC",
        "price": "9700",
        "price_per_unit": "10778",
        "price_unit": "G"
      },
      {
        "state": "QLD",
        "price": "9700",
        "price_per_unit": "10778",
        "price_unit": "G"
      },
      {
        "state": "WA",
        "price": "9700",
        "price_per_unit": "10778",
        "price_unit": "G"
      },
      {
        "state": "SA",
        "price": "9700",
        "price_per_unit": "10778",
        "price_unit": "G"
      },
      {
        "state": "TAS",
        "price": "9700",
        "price_per_unit": "10778",
        "price_unit": "G"
      },
      {
        "state": "ACT",
        "price": "9700",
        "price_per_unit": "10778",
        "price_unit": "G"
      },
      {
        "state": "NT",
        "price": "9700",
        "price_per_unit": "10778",
        "price_unit": "G"
      }
    ]
  },
  {
    "source_url": "https://www.woolworths.com.au/shop/productdetails/1074924846/bobbi-brown-skin-foundation-stick-04-natural-9g-0-31oz",
    "name": "Bobbi Brown Skin Foundation Stick - #04 Natural 9g/0.31oz",
    "image_url": "https://cdn1.woolworths.media/content/wowproductimages/large/1074924846.jpg",
    "source_id": "Woolworths - 1074924846",
    "barcode": null,
    "shop": "Woolworths",
    "weight": "10G",
    "prices": [
      {
        "state": "NSW",
        "price": "9700",
        "price_per_unit": "10778",
        "price_unit": "G"
      },
      {
        "state": "VIC",
        "price": "9700",
        "price_per_unit": "10778",
        "price_unit": "G"
      },
      {
        "state": "QLD",
        "price": "9700",
        "price_per_unit": "10778",
        "price_unit": "G"
      },
      {
        "state": "WA",
        "price": "9700",
        "price_per_unit": "10778",
        "price_unit": "G"
      },
      {
        "state": "SA",
        "price": "9700",
        "price_per_unit": "10778",
        "price_unit": "G"
      },
      {
        "state": "TAS",
        "price": "9700",
        "price_per_unit": "10778",
        "price_unit": "G"
      },
      {
        "state": "ACT",
        "price": "9700",
        "price_per_unit": "10778",
        "price_unit": "G"
      },
      {
        "state": "NT",
        "price": "9700",
        "price_per_unit": "10778",
        "price_unit": "G"
      }
    ]
  },
  {
    "source_url": "https://www.woolworths.com.au/shop/productdetails/1074924847/bobbi-brown-skin-foundation-stick-2-5-warm-sand-9g-0-31oz",
    "name": "Bobbi Brown Skin Foundation Stick - #2.5 Warm Sand 9g/0.31oz",
    "image_url": "https://cdn1.woolworths.media/content/wowproductimages/large/1074924847.jpg",
    "source_id": "Woolworths - 1074924847",
    "barcode": null,
    "shop": "Woolworths",
    "weight": "10G",
    "prices": [
      {
        "state": "NSW",
        "price": "9700",
        "price_per_unit": "10778",
        "price_unit": "G"
      },
      {
        "state": "VIC",
        "price": "9700",
        "price_per_unit": "10778",
        "price_unit": "G"
      },
      {
        "state": "QLD",
        "price": "9700",
        "price_per_unit": "10778",
        "price_unit": "G"
      },
      {
        "state": "WA",
        "price": "9700",
        "price_per_unit": "10778",
        "price_unit": "G"
      },
      {
        "state": "SA",
        "price": "9700",
        "price_per_unit": "10778",
        "price_unit": "G"
      },
      {
        "state": "TAS",
        "price": "9700",
        "price_per_unit": "10778",
        "price_unit": "G"
      },
      {
        "state": "ACT",
        "price": "9700",
        "price_per_unit": "10778",
        "price_unit": "G"
      },
      {
        "state": "NT",
        "price": "9700",
        "price_per_unit": "10778",
        "price_unit": "G"
      }
    ]
  },
  {
    "source_url": "https://www.woolworths.com.au/shop/productdetails/1074924848/bobbi-brown-skin-foundation-stick-4-5-warm-natural-9g-0-31oz",
    "name": "Bobbi Brown Skin Foundation Stick - #4.5 Warm Natural 9g/0.31oz",
    "image_url": "https://cdn1.woolworths.media/content/wowproductimages/large/1074924848.jpg",
    "source_id": "Woolworths - 1074924848",
    "barcode": null,
    "shop": "Woolworths",
    "weight": "10G",
    "prices": [
      {
        "state": "NSW",
        "price": "9700",
        "price_per_unit": "10778",
        "price_unit": "G"
      },
      {
        "state": "VIC",
        "price": "9700",
        "price_per_unit": "10778",
        "price_unit": "G"
      },
      {
        "state": "QLD",
        "price": "9700",
        "price_per_unit": "10778",
        "price_unit": "G"
      },
      {
        "state": "WA",
        "price": "9700",
        "price_per_unit": "10778",
        "price_unit": "G"
      },
      {
        "state": "SA",
        "price": "9700",
        "price_per_unit": "10778",
        "price_unit": "G"
      },
      {
        "state": "TAS",
        "price": "9700",
        "price_per_unit": "10778",
        "price_unit": "G"
      },
      {
        "state": "ACT",
        "price": "9700",
        "price_per_unit": "10778",
        "price_unit": "G"
      },
      {
        "state": "NT",
        "price": "9700",
        "price_per_unit": "10778",
        "price_unit": "G"
      }
    ]
  },
  {
    "source_url": "https://www.woolworths.com.au/shop/productdetails/1074924855/bobbi-brown-skin-full-cover-concealer-natural-8ml-0-27oz",
    "name": "Bobbi Brown Skin Full Cover Concealer # Natural 8ml/0.27oz",
    "image_url": "https://cdn1.woolworths.media/content/wowproductimages/large/1074924855.jpg",
    "source_id": "Woolworths - 1074924855",
    "barcode": null,
    "shop": "Woolworths",
    "weight": "10ML",
    "prices": [
      {
        "state": "NSW",
        "price": "7500",
        "price_per_unit": "9375",
        "price_unit": "ML"
      },
      {
        "state": "VIC",
        "price": "7500",
        "price_per_unit": "9375",
        "price_unit": "ML"
      },
      {
        "state": "QLD",
        "price": "7500",
        "price_per_unit": "9375",
        "price_unit": "ML"
      },
      {
        "state": "WA",
        "price": "7500",
        "price_per_unit": "9375",
        "price_unit": "ML"
      },
      {
        "state": "SA",
        "price": "7500",
        "price_per_unit": "9375",
        "price_unit": "ML"
      },
      {
        "state": "TAS",
        "price": "7500",
        "price_per_unit": "9375",
        "price_unit": "ML"
      },
      {
        "state": "ACT",
        "price": "7500",
        "price_per_unit": "9375",
        "price_unit": "ML"
      },
      {
        "state": "NT",
        "price": "7500",
        "price_per_unit": "9375",
        "price_unit": "ML"
      }
    ]
  },
  {
    "source_url": "https://www.woolworths.com.au/shop/productdetails/1074924849/bobbi-brown-skin-full-cover-concealer-beige-8ml-0-27oz",
    "name": "Bobbi Brown Skin Full Cover Concealer - # Beige 8ml/0.27oz",
    "image_url": "https://cdn1.woolworths.media/content/wowproductimages/large/1074924849.jpg",
    "source_id": "Woolworths - 1074924849",
    "barcode": null,
    "shop": "Woolworths",
    "weight": "10ML",
    "prices": [
      {
        "state": "NSW",
        "price": "8100",
        "price_per_unit": "10125",
        "price_unit": "ML"
      },
      {
        "state": "VIC",
        "price": "8100",
        "price_per_unit": "10125",
        "price_unit": "ML"
      },
      {
        "state": "QLD",
        "price": "8100",
        "price_per_unit": "10125",
        "price_unit": "ML"
      },
      {
        "state": "WA",
        "price": "8100",
        "price_per_unit": "10125",
        "price_unit": "ML"
      },
      {
        "state": "SA",
        "price": "8100",
        "price_per_unit": "10125",
        "price_unit": "ML"
      },
      {
        "state": "TAS",
        "price": "8100",
        "price_per_unit": "10125",
        "price_unit": "ML"
      },
      {
        "state": "ACT",
        "price": "8100",
        "price_per_unit": "10125",
        "price_unit": "ML"
      },
      {
        "state": "NT",
        "price": "8100",
        "price_per_unit": "10125",
        "price_unit": "ML"
      }
    ]
  },
  {
    "source_url": "https://www.woolworths.com.au/shop/productdetails/1074924850/bobbi-brown-skin-full-cover-concealer-ivory-8ml-0-27oz",
    "name": "Bobbi Brown Skin Full Cover Concealer - # Ivory 8ml/0.27oz",
    "image_url": "https://cdn1.woolworths.media/content/wowproductimages/large/1074924850.jpg",
    "source_id": "Woolworths - 1074924850",
    "barcode": null,
    "shop": "Woolworths",
    "weight": "10ML",
    "prices": [
      {
        "state": "NSW",
        "price": "8100",
        "price_per_unit": "10125",
        "price_unit": "ML"
      },
      {
        "state": "VIC",
        "price": "8100",
        "price_per_unit": "10125",
        "price_unit": "ML"
      },
      {
        "state": "QLD",
        "price": "8100",
        "price_per_unit": "10125",
        "price_unit": "ML"
      },
      {
        "state": "WA",
        "price": "8100",
        "price_per_unit": "10125",
        "price_unit": "ML"
      },
      {
        "state": "SA",
        "price": "8100",
        "price_per_unit": "10125",
        "price_unit": "ML"
      },
      {
        "state": "TAS",
        "price": "8100",
        "price_per_unit": "10125",
        "price_unit": "ML"
      },
      {
        "state": "ACT",
        "price": "8100",
        "price_per_unit": "10125",
        "price_unit": "ML"
      },
      {
        "state": "NT",
        "price": "8100",
        "price_per_unit": "10125",
        "price_unit": "ML"
      }
    ]
  },
  {
    "source_url": "https://www.woolworths.com.au/shop/productdetails/1074924851/bobbi-brown-skin-full-cover-concealer-porcelain-8ml-0-27oz",
    "name": "Bobbi Brown Skin Full Cover Concealer - # Porcelain 8ml/0.27oz",
    "image_url": "https://cdn1.woolworths.media/content/wowproductimages/large/1074924851.jpg",
    "source_id": "Woolworths - 1074924851",
    "barcode": null,
    "shop": "Woolworths",
    "weight": "10ML",
    "prices": [
      {
        "state": "NSW",
        "price": "8100",
        "price_per_unit": "10125",
        "price_unit": "ML"
      },
      {
        "state": "VIC",
        "price": "8100",
        "price_per_unit": "10125",
        "price_unit": "ML"
      },
      {
        "state": "QLD",
        "price": "8100",
        "price_per_unit": "10125",
        "price_unit": "ML"
      },
      {
        "state": "WA",
        "price": "8100",
        "price_per_unit": "10125",
        "price_unit": "ML"
      },
      {
        "state": "SA",
        "price": "8100",
        "price_per_unit": "10125",
        "price_unit": "ML"
      },
      {
        "state": "TAS",
        "price": "8100",
        "price_per_unit": "10125",
        "price_unit": "ML"
      },
      {
        "state": "ACT",
        "price": "8100",
        "price_per_unit": "10125",
        "price_unit": "ML"
      },
      {
        "state": "NT",
        "price": "8100",
        "price_per_unit": "10125",
        "price_unit": "ML"
      }
    ]
  },
  {
    "source_url": "https://www.woolworths.com.au/shop/productdetails/1074924852/bobbi-brown-skin-full-cover-concealer-sand-8ml-0-27oz",
    "name": "Bobbi Brown Skin Full Cover Concealer - # Sand 8ml/0.27oz",
    "image_url": "https://cdn1.woolworths.media/content/wowproductimages/large/1074924852.jpg",
    "source_id": "Woolworths - 1074924852",
    "barcode": null,
    "shop": "Woolworths",
    "weight": "10ML",
    "prices": [
      {
        "state": "NSW",
        "price": "7500",
        "price_per_unit": "9375",
        "price_unit": "ML"
      },
      {
        "state": "VIC",
        "price": "7500",
        "price_per_unit": "9375",
        "price_unit": "ML"
      },
      {
        "state": "QLD",
        "price": "7500",
        "price_per_unit": "9375",
        "price_unit": "ML"
      },
      {
        "state": "WA",
        "price": "7500",
        "price_per_unit": "9375",
        "price_unit": "ML"
      },
      {
        "state": "SA",
        "price": "7500",
        "price_per_unit": "9375",
        "price_unit": "ML"
      },
      {
        "state": "TAS",
        "price": "7500",
        "price_per_unit": "9375",
        "price_unit": "ML"
      },
      {
        "state": "ACT",
        "price": "7500",
        "price_per_unit": "9375",
        "price_unit": "ML"
      },
      {
        "state": "NT",
        "price": "7500",
        "price_per_unit": "9375",
        "price_unit": "ML"
      }
    ]
  },
  {
    "source_url": "https://www.woolworths.com.au/shop/productdetails/1074924853/bobbi-brown-skin-full-cover-concealer-warm-beige-8ml-0-27oz",
    "name": "Bobbi Brown Skin Full Cover Concealer - # Warm Beige 8ml/0.27oz",
    "image_url": "https://cdn1.woolworths.media/content/wowproductimages/large/1074924853.jpg",
    "source_id": "Woolworths - 1074924853",
    "barcode": null,
    "shop": "Woolworths",
    "weight": "10ML",
    "prices": [
      {
        "state": "NSW",
        "price": "8100",
        "price_per_unit": "10125",
        "price_unit": "ML"
      },
      {
        "state": "VIC",
        "price": "8100",
        "price_per_unit": "10125",
        "price_unit": "ML"
      },
      {
        "state": "QLD",
        "price": "8100",
        "price_per_unit": "10125",
        "price_unit": "ML"
      },
      {
        "state": "WA",
        "price": "8100",
        "price_per_unit": "10125",
        "price_unit": "ML"
      },
      {
        "state": "SA",
        "price": "8100",
        "price_per_unit": "10125",
        "price_unit": "ML"
      },
      {
        "state": "TAS",
        "price": "8100",
        "price_per_unit": "10125",
        "price_unit": "ML"
      },
      {
        "state": "ACT",
        "price": "8100",
        "price_per_unit": "10125",
        "price_unit": "ML"
      },
      {
        "state": "NT",
        "price": "8100",
        "price_per_unit": "10125",
        "price_unit": "ML"
      }
    ]
  },
  {
    "source_url": "https://www.woolworths.com.au/shop/productdetails/1074924854/bobbi-brown-skin-full-cover-concealer-warm-ivory-8ml-0-27oz",
    "name": "Bobbi Brown Skin Full Cover Concealer - # Warm Ivory 8ml/0.27oz",
    "image_url": "https://cdn1.woolworths.media/content/wowproductimages/large/1074924854.jpg",
    "source_id": "Woolworths - 1074924854",
    "barcode": null,
    "shop": "Woolworths",
    "weight": "10ML",
    "prices": [
      {
        "state": "NSW",
        "price": "7500",
        "price_per_unit": "9375",
        "price_unit": "ML"
      },
      {
        "state": "VIC",
        "price": "7500",
        "price_per_unit": "9375",
        "price_unit": "ML"
      },
      {
        "state": "QLD",
        "price": "7500",
        "price_per_unit": "9375",
        "price_unit": "ML"
      },
      {
        "state": "WA",
        "price": "7500",
        "price_per_unit": "9375",
        "price_unit": "ML"
      },
      {
        "state": "SA",
        "price": "7500",
        "price_per_unit": "9375",
        "price_unit": "ML"
      },
      {
        "state": "TAS",
        "price": "7500",
        "price_per_unit": "9375",
        "price_unit": "ML"
      },
      {
        "state": "ACT",
        "price": "7500",
        "price_per_unit": "9375",
        "price_unit": "ML"
      },
      {
        "state": "NT",
        "price": "7500",
        "price_per_unit": "9375",
        "price_unit": "ML"
      }
    ]
  },
  {
    "source_url": "https://www.woolworths.com.au/shop/productdetails/1074924858/bobbi-brown-skin-long-wear-weightless-foundation-spf-15-cool-beige-30ml-1oz",
    "name": "Bobbi Brown Skin Long Wear Weightless Foundation SPF 15 - # Cool Beige 30ml/1oz",
    "image_url": "https://cdn1.woolworths.media/content/wowproductimages/large/1074924858.jpg",
    "source_id": "Woolworths - 1074924858",
    "barcode": null,
    "shop": "Woolworths",
    "weight": "10ML",
    "prices": [
      {
        "state": "NSW",
        "price": "9400",
        "price_per_unit": "3133",
        "price_unit": "ML"
      },
      {
        "state": "VIC",
        "price": "9400",
        "price_per_unit": "3133",
        "price_unit": "ML"
      },
      {
        "state": "QLD",
        "price": "9400",
        "price_per_unit": "3133",
        "price_unit": "ML"
      },
      {
        "state": "WA",
        "price": "9400",
        "price_per_unit": "3133",
        "price_unit": "ML"
      },
      {
        "state": "SA",
        "price": "9400",
        "price_per_unit": "3133",
        "price_unit": "ML"
      },
      {
        "state": "TAS",
        "price": "9400",
        "price_per_unit": "3133",
        "price_unit": "ML"
      },
      {
        "state": "ACT",
        "price": "9400",
        "price_per_unit": "3133",
        "price_unit": "ML"
      },
      {
        "state": "NT",
        "price": "9400",
        "price_per_unit": "3133",
        "price_unit": "ML"
      }
    ]
  },
  {
    "source_url": "https://www.woolworths.com.au/shop/productdetails/1074924860/bobbi-brown-skin-long-wear-weightless-foundation-spf-15-golden-beige-30ml-1oz",
    "name": "Bobbi Brown Skin Long Wear Weightless Foundation SPF 15 - # Golden Beige 30ml/1oz",
    "image_url": "https://cdn1.woolworths.media/content/wowproductimages/large/1074924860.jpg",
    "source_id": "Woolworths - 1074924860",
    "barcode": null,
    "shop": "Woolworths",
    "weight": "10ML",
    "prices": [
      {
        "state": "NSW",
        "price": "9400",
        "price_per_unit": "3133",
        "price_unit": "ML"
      },
      {
        "state": "VIC",
        "price": "9400",
        "price_per_unit": "3133",
        "price_unit": "ML"
      },
      {
        "state": "QLD",
        "price": "9400",
        "price_per_unit": "3133",
        "price_unit": "ML"
      },
      {
        "state": "WA",
        "price": "9400",
        "price_per_unit": "3133",
        "price_unit": "ML"
      },
      {
        "state": "SA",
        "price": "9400",
        "price_per_unit": "3133",
        "price_unit": "ML"
      },
      {
        "state": "TAS",
        "price": "9400",
        "price_per_unit": "3133",
        "price_unit": "ML"
      },
      {
        "state": "ACT",
        "price": "9400",
        "price_per_unit": "3133",
        "price_unit": "ML"
      },
      {
        "state": "NT",
        "price": "9400",
        "price_per_unit": "3133",
        "price_unit": "ML"
      }
    ]
  },
  {
    "source_url": "https://www.woolworths.com.au/shop/productdetails/1074924865/bobbi-brown-skin-long-wear-weightless-foundation-spf-15-neutral-sand-30ml-1oz",
    "name": "Bobbi Brown Skin Long Wear Weightless Foundation SPF 15 - # Neutral Sand 30ml/1oz",
    "image_url": "https://cdn1.woolworths.media/content/wowproductimages/large/1074924865.jpg",
    "source_id": "Woolworths - 1074924865",
    "barcode": null,
    "shop": "Woolworths",
    "weight": "10ML",
    "prices": [
      {
        "state": "NSW",
        "price": "9400",
        "price_per_unit": "3133",
        "price_unit": "ML"
      },
      {
        "state": "VIC",
        "price": "9400",
        "price_per_unit": "3133",
        "price_unit": "ML"
      },
      {
        "state": "QLD",
        "price": "9400",
        "price_per_unit": "3133",
        "price_unit": "ML"
      },
      {
        "state": "WA",
        "price": "9400",
        "price_per_unit": "3133",
        "price_unit": "ML"
      },
      {
        "state": "SA",
        "price": "9400",
        "price_per_unit": "3133",
        "price_unit": "ML"
      },
      {
        "state": "TAS",
        "price": "9400",
        "price_per_unit": "3133",
        "price_unit": "ML"
      },
      {
        "state": "ACT",
        "price": "9400",
        "price_per_unit": "3133",
        "price_unit": "ML"
      },
      {
        "state": "NT",
        "price": "9400",
        "price_per_unit": "3133",
        "price_unit": "ML"
      }
    ]
  },
  {
    "source_url": "https://www.woolworths.com.au/shop/productdetails/1074924870/bobbi-brown-skin-long-wear-weightless-foundation-spf-15-warm-ivory-30ml-1oz",
    "name": "Bobbi Brown Skin Long Wear Weightless Foundation SPF 15 - # Warm Ivory 30ml/1oz",
    "image_url": "https://cdn1.woolworths.media/content/wowproductimages/large/1074924870.jpg",
    "source_id": "Woolworths - 1074924870",
    "barcode": null,
    "shop": "Woolworths",
    "weight": "10ML",
    "prices": [
      {
        "state": "NSW",
        "price": "10500",
        "price_per_unit": "3500",
        "price_unit": "ML"
      },
      {
        "state": "VIC",
        "price": "10500",
        "price_per_unit": "3500",
        "price_unit": "ML"
      },
      {
        "state": "QLD",
        "price": "10500",
        "price_per_unit": "3500",
        "price_unit": "ML"
      },
      {
        "state": "WA",
        "price": "10500",
        "price_per_unit": "3500",
        "price_unit": "ML"
      },
      {
        "state": "SA",
        "price": "10500",
        "price_per_unit": "3500",
        "price_unit": "ML"
      },
      {
        "state": "TAS",
        "price": "10500",
        "price_per_unit": "3500",
        "price_unit": "ML"
      },
      {
        "state": "ACT",
        "price": "10500",
        "price_per_unit": "3500",
        "price_unit": "ML"
      },
      {
        "state": "NT",
        "price": "10500",
        "price_per_unit": "3500",
        "price_unit": "ML"
      }
    ]
  },
  {
    "source_url": "https://www.woolworths.com.au/shop/productdetails/1074924874/bobbi-brown-skin-long-wear-weightless-foundation-spf15-c-024-ivory-miniature-13ml-0-44oz",
    "name": "Bobbi Brown Skin Long Wear Weightless Foundation SPF15 - # C-024 Ivory (Miniature) 13ml/0.44oz",
    "image_url": "https://cdn1.woolworths.media/content/wowproductimages/large/1074924874.jpg",
    "source_id": "Woolworths - 1074924874",
    "barcode": null,
    "shop": "Woolworths",
    "weight": "10ML",
    "prices": [
      {
        "state": "NSW",
        "price": "6000",
        "price_per_unit": "4615",
        "price_unit": "ML"
      },
      {
        "state": "VIC",
        "price": "6000",
        "price_per_unit": "4615",
        "price_unit": "ML"
      },
      {
        "state": "QLD",
        "price": "6000",
        "price_per_unit": "4615",
        "price_unit": "ML"
      },
      {
        "state": "WA",
        "price": "6000",
        "price_per_unit": "4615",
        "price_unit": "ML"
      },
      {
        "state": "SA",
        "price": "6000",
        "price_per_unit": "4615",
        "price_unit": "ML"
      },
      {
        "state": "TAS",
        "price": "6000",
        "price_per_unit": "4615",
        "price_unit": "ML"
      },
      {
        "state": "ACT",
        "price": "6000",
        "price_per_unit": "4615",
        "price_unit": "ML"
      },
      {
        "state": "NT",
        "price": "6000",
        "price_per_unit": "4615",
        "price_unit": "ML"
      }
    ]
  },
  {
    "source_url": "https://www.woolworths.com.au/shop/productdetails/1074924952/burberry-bright-glow-flawless-white-translucency-brightening-foundation-spf-30-no-32-honey-30ml-1oz",
    "name": "Burberry Bright Glow Flawless White Translucency Brightening Foundation SPF 30 - # No. 32 Honey 30ml/1oz",
    "image_url": "https://cdn1.woolworths.media/content/wowproductimages/large/1074924952.jpg",
    "source_id": "Woolworths - 1074924952",
    "barcode": null,
    "shop": "Woolworths",
    "weight": "10ML",
    "prices": [
      {
        "state": "NSW",
        "price": "8000",
        "price_per_unit": "2667",
        "price_unit": "ML"
      },
      {
        "state": "VIC",
        "price": "8000",
        "price_per_unit": "2667",
        "price_unit": "ML"
      },
      {
        "state": "QLD",
        "price": "8000",
        "price_per_unit": "2667",
        "price_unit": "ML"
      },
      {
        "state": "WA",
        "price": "8000",
        "price_per_unit": "2667",
        "price_unit": "ML"
      },
      {
        "state": "SA",
        "price": "8000",
        "price_per_unit": "2667",
        "price_unit": "ML"
      },
      {
        "state": "TAS",
        "price": "8000",
        "price_per_unit": "2667",
        "price_unit": "ML"
      },
      {
        "state": "ACT",
        "price": "8000",
        "price_per_unit": "2667",
        "price_unit": "ML"
      },
      {
        "state": "NT",
        "price": "8000",
        "price_per_unit": "2667",
        "price_unit": "ML"
      }
    ]
  },
  {
    "source_url": "https://www.woolworths.com.au/shop/productdetails/1074924982/by-terry-cover-expert-perfecting-fluid-foundation-12-warm-copper-35ml-1-17oz",
    "name": "By Terry Cover Expert Perfecting Fluid Foundation - # 12 Warm Copper 35ml/1.17oz",
    "image_url": "https://cdn1.woolworths.media/content/wowproductimages/large/1074924982.jpg",
    "source_id": "Woolworths - 1074924982",
    "barcode": null,
    "shop": "Woolworths",
    "weight": "10ML",
    "prices": [
      {
        "state": "NSW",
        "price": "6900",
        "price_per_unit": "1971",
        "price_unit": "ML"
      },
      {
        "state": "VIC",
        "price": "6900",
        "price_per_unit": "1971",
        "price_unit": "ML"
      },
      {
        "state": "QLD",
        "price": "6900",
        "price_per_unit": "1971",
        "price_unit": "ML"
      },
      {
        "state": "WA",
        "price": "6900",
        "price_per_unit": "1971",
        "price_unit": "ML"
      },
      {
        "state": "SA",
        "price": "6900",
        "price_per_unit": "1971",
        "price_unit": "ML"
      },
      {
        "state": "TAS",
        "price": "6900",
        "price_per_unit": "1971",
        "price_unit": "ML"
      },
      {
        "state": "ACT",
        "price": "6900",
        "price_per_unit": "1971",
        "price_unit": "ML"
      },
      {
        "state": "NT",
        "price": "6900",
        "price_per_unit": "1971",
        "price_unit": "ML"
      }
    ]
  },
  {
    "source_url": "https://www.woolworths.com.au/shop/productdetails/1074924986/by-terry-hyaluronic-hydra-primer-micro-resurfacing-multi-zones-base-colorless-hydra-filler-40ml-1-33oz",
    "name": "By Terry Hyaluronic Hydra Primer Micro Resurfacing Multi Zones Base (Colorless Hydra Filler) 40ml/1.33oz",
    "image_url": "https://cdn1.woolworths.media/content/wowproductimages/large/1074924986.jpg",
    "source_id": "Woolworths - 1074924986",
    "barcode": null,
    "shop": "Woolworths",
    "weight": "10ML",
    "prices": [
      {
        "state": "NSW",
        "price": "8300",
        "price_per_unit": "2075",
        "price_unit": "ML"
      },
      {
        "state": "VIC",
        "price": "8300",
        "price_per_unit": "2075",
        "price_unit": "ML"
      },
      {
        "state": "QLD",
        "price": "8300",
        "price_per_unit": "2075",
        "price_unit": "ML"
      },
      {
        "state": "WA",
        "price": "8300",
        "price_per_unit": "2075",
        "price_unit": "ML"
      },
      {
        "state": "SA",
        "price": "8300",
        "price_per_unit": "2075",
        "price_unit": "ML"
      },
      {
        "state": "TAS",
        "price": "8300",
        "price_per_unit": "2075",
        "price_unit": "ML"
      },
      {
        "state": "ACT",
        "price": "8300",
        "price_per_unit": "2075",
        "price_unit": "ML"
      },
      {
        "state": "NT",
        "price": "8300",
        "price_per_unit": "2075",
        "price_unit": "ML"
      }
    ]
  },
  {
    "source_url": "https://www.woolworths.com.au/shop/productdetails/1074924998/by-terry-stylo-expert-click-stick-hybrid-foundation-concealer-11-amber-brown-1g-0-035oz",
    "name": "By Terry Stylo Expert Click Stick Hybrid Foundation Concealer - # 11 Amber Brown 1g/0.035oz",
    "image_url": "https://cdn1.woolworths.media/content/wowproductimages/large/1074924998.jpg",
    "source_id": "Woolworths - 1074924998",
    "barcode": null,
    "shop": "Woolworths",
    "weight": "10G",
    "prices": [
      {
        "state": "NSW",
        "price": "4300",
        "price_per_unit": "43000",
        "price_unit": "G"
      },
      {
        "state": "VIC",
        "price": "4300",
        "price_per_unit": "43000",
        "price_unit": "G"
      },
      {
        "state": "QLD",
        "price": "4300",
        "price_per_unit": "43000",
        "price_unit": "G"
      },
      {
        "state": "WA",
        "price": "4300",
        "price_per_unit": "43000",
        "price_unit": "G"
      },
      {
        "state": "SA",
        "price": "4300",
        "price_per_unit": "43000",
        "price_unit": "G"
      },
      {
        "state": "TAS",
        "price": "4300",
        "price_per_unit": "43000",
        "price_unit": "G"
      },
      {
        "state": "ACT",
        "price": "4300",
        "price_per_unit": "43000",
        "price_unit": "G"
      },
      {
        "state": "NT",
        "price": "4300",
        "price_per_unit": "43000",
        "price_unit": "G"
      }
    ]
  },
  {
    "source_url": "https://www.woolworths.com.au/shop/productdetails/1075316674/by-terry-terrybly-densiliss-blush-3-beach-bomb-6g-0-21oz",
    "name": "By Terry Terrybly Densiliss Blush - # 3 Beach Bomb 6g/0.21oz",
    "image_url": "https://cdn1.woolworths.media/content/wowproductimages/large/1075316674.jpg",
    "source_id": "Woolworths - 1075316674",
    "barcode": null,
    "shop": "Woolworths",
    "weight": "10G",
    "prices": [
      {
        "state": "NSW",
        "price": "7100",
        "price_per_unit": "11833",
        "price_unit": "G"
      },
      {
        "state": "VIC",
        "price": "7100",
        "price_per_unit": "11833",
        "price_unit": "G"
      },
      {
        "state": "QLD",
        "price": "7100",
        "price_per_unit": "11833",
        "price_unit": "G"
      },
      {
        "state": "WA",
        "price": "7100",
        "price_per_unit": "11833",
        "price_unit": "G"
      },
      {
        "state": "SA",
        "price": "7100",
        "price_per_unit": "11833",
        "price_unit": "G"
      },
      {
        "state": "TAS",
        "price": "7100",
        "price_per_unit": "11833",
        "price_unit": "G"
      },
      {
        "state": "ACT",
        "price": "7100",
        "price_per_unit": "11833",
        "price_unit": "G"
      },
      {
        "state": "NT",
        "price": "7100",
        "price_per_unit": "11833",
        "price_unit": "G"
      }
    ]
  },
  {
    "source_url": "https://www.woolworths.com.au/shop/productdetails/1074925001/by-terry-terrybly-densiliss-blush-contouring-duo-powder-100-fresh-contrast-6g-0-21oz",
    "name": "By Terry Terrybly Densiliss Blush Contouring Duo Powder - # 100 Fresh Contrast 6g/0.21oz",
    "image_url": "https://cdn1.woolworths.media/content/wowproductimages/large/1074925001.jpg",
    "source_id": "Woolworths - 1074925001",
    "barcode": null,
    "shop": "Woolworths",
    "weight": "10G",
    "prices": [
      {
        "state": "NSW",
        "price": "8500",
        "price_per_unit": "14167",
        "price_unit": "G"
      },
      {
        "state": "VIC",
        "price": "8500",
        "price_per_unit": "14167",
        "price_unit": "G"
      },
      {
        "state": "QLD",
        "price": "8500",
        "price_per_unit": "14167",
        "price_unit": "G"
      },
      {
        "state": "WA",
        "price": "8500",
        "price_per_unit": "14167",
        "price_unit": "G"
      },
      {
        "state": "SA",
        "price": "8500",
        "price_per_unit": "14167",
        "price_unit": "G"
      },
      {
        "state": "TAS",
        "price": "8500",
        "price_per_unit": "14167",
        "price_unit": "G"
      },
      {
        "state": "ACT",
        "price": "8500",
        "price_per_unit": "14167",
        "price_unit": "G"
      },
      {
        "state": "NT",
        "price": "8500",
        "price_per_unit": "14167",
        "price_unit": "G"
      }
    ]
  },
  {
    "source_url": "https://www.woolworths.com.au/shop/productdetails/1074925002/by-terry-terrybly-densiliss-blush-contouring-duo-powder-200-beige-contrast-6g-0-21oz",
    "name": "By Terry Terrybly Densiliss Blush Contouring Duo Powder - # 200 Beige Contrast 6g/0.21oz",
    "image_url": "https://cdn1.woolworths.media/content/wowproductimages/large/1074925002.jpg",
    "source_id": "Woolworths - 1074925002",
    "barcode": null,
    "shop": "Woolworths",
    "weight": "10G",
    "prices": [
      {
        "state": "NSW",
        "price": "8000",
        "price_per_unit": "13333",
        "price_unit": "G"
      },
      {
        "state": "VIC",
        "price": "8000",
        "price_per_unit": "13333",
        "price_unit": "G"
      },
      {
        "state": "QLD",
        "price": "8000",
        "price_per_unit": "13333",
        "price_unit": "G"
      },
      {
        "state": "WA",
        "price": "8000",
        "price_per_unit": "13333",
        "price_unit": "G"
      },
      {
        "state": "SA",
        "price": "8000",
        "price_per_unit": "13333",
        "price_unit": "G"
      },
      {
        "state": "TAS",
        "price": "8000",
        "price_per_unit": "13333",
        "price_unit": "G"
      },
      {
        "state": "ACT",
        "price": "8000",
        "price_per_unit": "13333",
        "price_unit": "G"
      },
      {
        "state": "NT",
        "price": "8000",
        "price_per_unit": "13333",
        "price_unit": "G"
      }
    ]
  },
  {
    "source_url": "https://www.woolworths.com.au/shop/productdetails/1074925003/by-terry-terrybly-densiliss-blush-contouring-duo-powder-300-peachy-sculpt-6g-0-21oz",
    "name": "By Terry Terrybly Densiliss Blush Contouring Duo Powder - # 300 Peachy Sculpt 6g/0.21oz",
    "image_url": "https://cdn1.woolworths.media/content/wowproductimages/large/1074925003.jpg",
    "source_id": "Woolworths - 1074925003",
    "barcode": null,
    "shop": "Woolworths",
    "weight": "10G",
    "prices": [
      {
        "state": "NSW",
        "price": "8500",
        "price_per_unit": "14167",
        "price_unit": "G"
      },
      {
        "state": "VIC",
        "price": "8500",
        "price_per_unit": "14167",
        "price_unit": "G"
      },
      {
        "state": "QLD",
        "price": "8500",
        "price_per_unit": "14167",
        "price_unit": "G"
      },
      {
        "state": "WA",
        "price": "8500",
        "price_per_unit": "14167",
        "price_unit": "G"
      },
      {
        "state": "SA",
        "price": "8500",
        "price_per_unit": "14167",
        "price_unit": "G"
      },
      {
        "state": "TAS",
        "price": "8500",
        "price_per_unit": "14167",
        "price_unit": "G"
      },
      {
        "state": "ACT",
        "price": "8500",
        "price_per_unit": "14167",
        "price_unit": "G"
      },
      {
        "state": "NT",
        "price": "8500",
        "price_per_unit": "14167",
        "price_unit": "G"
      }
    ]
  },
  {
    "source_url": "https://www.woolworths.com.au/shop/productdetails/1074925004/by-terry-terrybly-densiliss-blush-contouring-duo-powder-400-rosy-shape-6g-0-21oz",
    "name": "By Terry Terrybly Densiliss Blush Contouring Duo Powder - # 400 Rosy Shape 6g/0.21oz",
    "image_url": "https://cdn1.woolworths.media/content/wowproductimages/large/1074925004.jpg",
    "source_id": "Woolworths - 1074925004",
    "barcode": null,
    "shop": "Woolworths",
    "weight": "10G",
    "prices": [
      {
        "state": "NSW",
        "price": "8500",
        "price_per_unit": "14167",
        "price_unit": "G"
      },
      {
        "state": "VIC",
        "price": "8500",
        "price_per_unit": "14167",
        "price_unit": "G"
      },
      {
        "state": "QLD",
        "price": "8500",
        "price_per_unit": "14167",
        "price_unit": "G"
      },
      {
        "state": "WA",
        "price": "8500",
        "price_per_unit": "14167",
        "price_unit": "G"
      },
      {
        "state": "SA",
        "price": "8500",
        "price_per_unit": "14167",
        "price_unit": "G"
      },
      {
        "state": "TAS",
        "price": "8500",
        "price_per_unit": "14167",
        "price_unit": "G"
      },
      {
        "state": "ACT",
        "price": "8500",
        "price_per_unit": "14167",
        "price_unit": "G"
      },
      {
        "state": "NT",
        "price": "8500",
        "price_per_unit": "14167",
        "price_unit": "G"
      }
    ]
  },
  {
    "source_url": "https://www.woolworths.com.au/shop/productdetails/1075316675/by-terry-terrybly-densiliss-compact-wrinkle-control-pressed-powder-4-deep-nude-6-5g-0-23oz",
    "name": "By Terry Terrybly Densiliss Compact (Wrinkle Control Pressed Powder) - # 4 Deep Nude 6.5g/0.23oz",
    "image_url": "https://cdn1.woolworths.media/content/wowproductimages/large/1075316675.jpg",
    "source_id": "Woolworths - 1075316675",
    "barcode": null,
    "shop": "Woolworths",
    "weight": "10G",
    "prices": [
      {
        "state": "NSW",
        "price": "10800",
        "price_per_unit": "16615",
        "price_unit": "G"
      },
      {
        "state": "VIC",
        "price": "10800",
        "price_per_unit": "16615",
        "price_unit": "G"
      },
      {
        "state": "QLD",
        "price": "10800",
        "price_per_unit": "16615",
        "price_unit": "G"
      },
      {
        "state": "WA",
        "price": "10800",
        "price_per_unit": "16615",
        "price_unit": "G"
      },
      {
        "state": "SA",
        "price": "10800",
        "price_per_unit": "16615",
        "price_unit": "G"
      },
      {
        "state": "TAS",
        "price": "10800",
        "price_per_unit": "16615",
        "price_unit": "G"
      },
      {
        "state": "ACT",
        "price": "10800",
        "price_per_unit": "16615",
        "price_unit": "G"
      },
      {
        "state": "NT",
        "price": "10800",
        "price_per_unit": "16615",
        "price_unit": "G"
      }
    ]
  },
  {
    "source_url": "https://www.woolworths.com.au/shop/productdetails/1074015010/bys-3-in-1-miracle-pencil-liner-definer-concealer-deep-1g",
    "name": "BYS 3-in-1 Miracle Pencil Liner/Definer/Concealer Deep 1g",
    "image_url": "https://cdn1.woolworths.media/content/wowproductimages/large/1074015010.jpg",
    "source_id": "Woolworths - 1074015010",
    "barcode": null,
    "shop": "Woolworths",
    "weight": "10G",
    "prices": [
      {
        "state": "NSW",
        "price": "1500",
        "price_per_unit": "15000",
        "price_unit": "G"
      },
      {
        "state": "VIC",
        "price": "1500",
        "price_per_unit": "15000",
        "price_unit": "G"
      },
      {
        "state": "QLD",
        "price": "1500",
        "price_per_unit": "15000",
        "price_unit": "G"
      },
      {
        "state": "WA",
        "price": "1500",
        "price_per_unit": "15000",
        "price_unit": "G"
      },
      {
        "state": "SA",
        "price": "1500",
        "price_per_unit": "15000",
        "price_unit": "G"
      },
      {
        "state": "TAS",
        "price": "1500",
        "price_per_unit": "15000",
        "price_unit": "G"
      },
      {
        "state": "ACT",
        "price": "1500",
        "price_per_unit": "15000",
        "price_unit": "G"
      },
      {
        "state": "NT",
        "price": "1500",
        "price_per_unit": "15000",
        "price_unit": "G"
      }
    ]
  },
  {
    "source_url": "https://www.woolworths.com.au/shop/productdetails/1074015092/bys-all-day-wear-concealer-makeup-natural-beige-6ml",
    "name": "BYS All Day Wear Concealer Makeup Natural Beige 6ml",
    "image_url": "https://cdn1.woolworths.media/content/wowproductimages/large/1074015092.jpg",
    "source_id": "Woolworths - 1074015092",
    "barcode": null,
    "shop": "Woolworths",
    "weight": "10ML",
    "prices": [
      {
        "state": "NSW",
        "price": "2300",
        "price_per_unit": "3833",
        "price_unit": "ML"
      },
      {
        "state": "VIC",
        "price": "2300",
        "price_per_unit": "3833",
        "price_unit": "ML"
      },
      {
        "state": "QLD",
        "price": "2300",
        "price_per_unit": "3833",
        "price_unit": "ML"
      },
      {
        "state": "WA",
        "price": "2300",
        "price_per_unit": "3833",
        "price_unit": "ML"
      },
      {
        "state": "SA",
        "price": "2300",
        "price_per_unit": "3833",
        "price_unit": "ML"
      },
      {
        "state": "TAS",
        "price": "2300",
        "price_per_unit": "3833",
        "price_unit": "ML"
      },
      {
        "state": "ACT",
        "price": "2300",
        "price_per_unit": "3833",
        "price_unit": "ML"
      },
      {
        "state": "NT",
        "price": "2300",
        "price_per_unit": "3833",
        "price_unit": "ML"
      }
    ]
  },
  {
    "source_url": "https://www.woolworths.com.au/shop/productdetails/1074015105/bys-all-day-wear-concealer-makeup-sand-beige-6ml",
    "name": "BYS All Day Wear Concealer Makeup Sand Beige 6ml",
    "image_url": "https://cdn1.woolworths.media/content/wowproductimages/large/1074015105.jpg",
    "source_id": "Woolworths - 1074015105",
    "barcode": null,
    "shop": "Woolworths",
    "weight": "10ML",
    "prices": [
      {
        "state": "NSW",
        "price": "1800",
        "price_per_unit": "3000",
        "price_unit": "ML"
      },
      {
        "state": "VIC",
        "price": "1800",
        "price_per_unit": "3000",
        "price_unit": "ML"
      },
      {
        "state": "QLD",
        "price": "1800",
        "price_per_unit": "3000",
        "price_unit": "ML"
      },
      {
        "state": "WA",
        "price": "1800",
        "price_per_unit": "3000",
        "price_unit": "ML"
      },
      {
        "state": "SA",
        "price": "1800",
        "price_per_unit": "3000",
        "price_unit": "ML"
      },
      {
        "state": "TAS",
        "price": "1800",
        "price_per_unit": "3000",
        "price_unit": "ML"
      },
      {
        "state": "ACT",
        "price": "1800",
        "price_per_unit": "3000",
        "price_unit": "ML"
      },
      {
        "state": "NT",
        "price": "1800",
        "price_per_unit": "3000",
        "price_unit": "ML"
      }
    ]
  },
  {
    "source_url": "https://www.woolworths.com.au/shop/productdetails/1074015033/bys-blush-bronze-mosaic-compact-light-glow-8g",
    "name": "BYS Blush & Bronze Mosaic Compact Light Glow 8g",
    "image_url": "https://cdn1.woolworths.media/content/wowproductimages/large/1074015033.jpg",
    "source_id": "Woolworths - 1074015033",
    "barcode": null,
    "shop": "Woolworths",
    "weight": "10G",
    "prices": [
      {
        "state": "NSW",
        "price": "2200",
        "price_per_unit": "2750",
        "price_unit": "G"
      },
      {
        "state": "VIC",
        "price": "2200",
        "price_per_unit": "2750",
        "price_unit": "G"
      },
      {
        "state": "QLD",
        "price": "2200",
        "price_per_unit": "2750",
        "price_unit": "G"
      },
      {
        "state": "WA",
        "price": "2200",
        "price_per_unit": "2750",
        "price_unit": "G"
      },
      {
        "state": "SA",
        "price": "2200",
        "price_per_unit": "2750",
        "price_unit": "G"
      },
      {
        "state": "TAS",
        "price": "2200",
        "price_per_unit": "2750",
        "price_unit": "G"
      },
      {
        "state": "ACT",
        "price": "2200",
        "price_per_unit": "2750",
        "price_unit": "G"
      },
      {
        "state": "NT",
        "price": "2200",
        "price_per_unit": "2750",
        "price_unit": "G"
      }
    ]
  },
  {
    "source_url": "https://www.woolworths.com.au/shop/productdetails/1074015166/bys-blush-duo-colour-me-happy-2-shades-face-makeup",
    "name": "BYS Blush Duo Colour Me Happy 2 Shades Face Makeup",
    "image_url": "https://cdn1.woolworths.media/content/wowproductimages/large/1074015166.jpg",
    "source_id": "Woolworths - 1074015166",
    "barcode": null,
    "shop": "Woolworths",
    "weight": "1EA",
    "prices": [
      {
        "state": "NSW",
        "price": "1600",
        "price_per_unit": "1600",
        "price_unit": "EA"
      },
      {
        "state": "VIC",
        "price": "1600",
        "price_per_unit": "1600",
        "price_unit": "EA"
      },
      {
        "state": "QLD",
        "price": "1600",
        "price_per_unit": "1600",
        "price_unit": "EA"
      },
      {
        "state": "WA",
        "price": "1600",
        "price_per_unit": "1600",
        "price_unit": "EA"
      },
      {
        "state": "SA",
        "price": "1600",
        "price_per_unit": "1600",
        "price_unit": "EA"
      },
      {
        "state": "TAS",
        "price": "1600",
        "price_per_unit": "1600",
        "price_unit": "EA"
      },
      {
        "state": "ACT",
        "price": "1600",
        "price_per_unit": "1600",
        "price_unit": "EA"
      },
      {
        "state": "NT",
        "price": "1600",
        "price_per_unit": "1600",
        "price_unit": "EA"
      }
    ]
  },
  {
    "source_url": "https://www.woolworths.com.au/shop/productdetails/1074015158/bys-blush-trio-coral-me-in-3-shades-face-makeup-8g",
    "name": "BYS Blush Trio Coral Me In 3 Shades Face Makeup 8g",
    "image_url": "https://cdn1.woolworths.media/content/wowproductimages/large/1074015158.jpg",
    "source_id": "Woolworths - 1074015158",
    "barcode": null,
    "shop": "Woolworths",
    "weight": "10G",
    "prices": [
      {
        "state": "NSW",
        "price": "2100",
        "price_per_unit": "2625",
        "price_unit": "G"
      },
      {
        "state": "VIC",
        "price": "2100",
        "price_per_unit": "2625",
        "price_unit": "G"
      },
      {
        "state": "QLD",
        "price": "2100",
        "price_per_unit": "2625",
        "price_unit": "G"
      },
      {
        "state": "WA",
        "price": "2100",
        "price_per_unit": "2625",
        "price_unit": "G"
      },
      {
        "state": "SA",
        "price": "2100",
        "price_per_unit": "2625",
        "price_unit": "G"
      },
      {
        "state": "TAS",
        "price": "2100",
        "price_per_unit": "2625",
        "price_unit": "G"
      },
      {
        "state": "ACT",
        "price": "2100",
        "price_per_unit": "2625",
        "price_unit": "G"
      },
      {
        "state": "NT",
        "price": "2100",
        "price_per_unit": "2625",
        "price_unit": "G"
      }
    ]
  },
  {
    "source_url": "https://www.woolworths.com.au/shop/productdetails/1074015184/bys-blusher-crystal-pink-lumious-makeup-3g",
    "name": "BYS Blusher Crystal Pink Lumious Makeup 3g",
    "image_url": "https://cdn1.woolworths.media/content/wowproductimages/large/1074015184.jpg",
    "source_id": "Woolworths - 1074015184",
    "barcode": null,
    "shop": "Woolworths",
    "weight": "10G",
    "prices": [
      {
        "state": "NSW",
        "price": "2100",
        "price_per_unit": "7000",
        "price_unit": "G"
      },
      {
        "state": "VIC",
        "price": "2100",
        "price_per_unit": "7000",
        "price_unit": "G"
      },
      {
        "state": "QLD",
        "price": "2100",
        "price_per_unit": "7000",
        "price_unit": "G"
      },
      {
        "state": "WA",
        "price": "2100",
        "price_per_unit": "7000",
        "price_unit": "G"
      },
      {
        "state": "SA",
        "price": "2100",
        "price_per_unit": "7000",
        "price_unit": "G"
      },
      {
        "state": "TAS",
        "price": "2100",
        "price_per_unit": "7000",
        "price_unit": "G"
      },
      {
        "state": "ACT",
        "price": "2100",
        "price_per_unit": "7000",
        "price_unit": "G"
      },
      {
        "state": "NT",
        "price": "2100",
        "price_per_unit": "7000",
        "price_unit": "G"
      }
    ]
  },
  {
    "source_url": "https://www.woolworths.com.au/shop/productdetails/1074014998/bys-blusher-essential-candyfloss-makeup-5g-2pk",
    "name": "BYS Blusher Essential Candyfloss Makeup 5g 2PK",
    "image_url": "https://cdn1.woolworths.media/content/wowproductimages/large/1074014998.jpg",
    "source_id": "Woolworths - 1074014998",
    "barcode": null,
    "shop": "Woolworths",
    "weight": "1EA",
    "prices": [
      {
        "state": "NSW",
        "price": "2300",
        "price_per_unit": "1150",
        "price_unit": "EA"
      },
      {
        "state": "VIC",
        "price": "2300",
        "price_per_unit": "1150",
        "price_unit": "EA"
      },
      {
        "state": "QLD",
        "price": "2300",
        "price_per_unit": "1150",
        "price_unit": "EA"
      },
      {
        "state": "WA",
        "price": "2300",
        "price_per_unit": "1150",
        "price_unit": "EA"
      },
      {
        "state": "SA",
        "price": "2300",
        "price_per_unit": "1150",
        "price_unit": "EA"
      },
      {
        "state": "TAS",
        "price": "2300",
        "price_per_unit": "1150",
        "price_unit": "EA"
      },
      {
        "state": "ACT",
        "price": "2300",
        "price_per_unit": "1150",
        "price_unit": "EA"
      },
      {
        "state": "NT",
        "price": "2300",
        "price_per_unit": "1150",
        "price_unit": "EA"
      }
    ]
  },
  {
    "source_url": "https://www.woolworths.com.au/shop/productdetails/1074015202/bys-blusher-rose-quartz-lumious-makeup-3g",
    "name": "BYS Blusher Rose Quartz Lumious Makeup 3g",
    "image_url": "https://cdn1.woolworths.media/content/wowproductimages/large/1074015202.jpg",
    "source_id": "Woolworths - 1074015202",
    "barcode": null,
    "shop": "Woolworths",
    "weight": "10G",
    "prices": [
      {
        "state": "NSW",
        "price": "2100",
        "price_per_unit": "7000",
        "price_unit": "G"
      },
      {
        "state": "VIC",
        "price": "2100",
        "price_per_unit": "7000",
        "price_unit": "G"
      },
      {
        "state": "QLD",
        "price": "2100",
        "price_per_unit": "7000",
        "price_unit": "G"
      },
      {
        "state": "WA",
        "price": "2100",
        "price_per_unit": "7000",
        "price_unit": "G"
      },
      {
        "state": "SA",
        "price": "2100",
        "price_per_unit": "7000",
        "price_unit": "G"
      },
      {
        "state": "TAS",
        "price": "2100",
        "price_per_unit": "7000",
        "price_unit": "G"
      },
      {
        "state": "ACT",
        "price": "2100",
        "price_per_unit": "7000",
        "price_unit": "G"
      },
      {
        "state": "NT",
        "price": "2100",
        "price_per_unit": "7000",
        "price_unit": "G"
      }
    ]
  },
  {
    "source_url": "https://www.woolworths.com.au/shop/productdetails/1074015099/bys-brightening-stick-apricot-facial-eye-makeup-cosmetic-2pk-1-5g",
    "name": "BYS Brightening Stick Apricot Facial/Eye Makeup Cosmetic 2PK 1.5g",
    "image_url": "https://cdn1.woolworths.media/content/wowproductimages/large/1074015099.jpg",
    "source_id": "Woolworths - 1074015099",
    "barcode": null,
    "shop": "Woolworths",
    "weight": "1EA",
    "prices": [
      {
        "state": "NSW",
        "price": "2200",
        "price_per_unit": "1100",
        "price_unit": "EA"
      },
      {
        "state": "VIC",
        "price": "2200",
        "price_per_unit": "1100",
        "price_unit": "EA"
      },
      {
        "state": "QLD",
        "price": "2200",
        "price_per_unit": "1100",
        "price_unit": "EA"
      },
      {
        "state": "WA",
        "price": "2200",
        "price_per_unit": "1100",
        "price_unit": "EA"
      },
      {
        "state": "SA",
        "price": "2200",
        "price_per_unit": "1100",
        "price_unit": "EA"
      },
      {
        "state": "TAS",
        "price": "2200",
        "price_per_unit": "1100",
        "price_unit": "EA"
      },
      {
        "state": "ACT",
        "price": "2200",
        "price_per_unit": "1100",
        "price_unit": "EA"
      },
      {
        "state": "NT",
        "price": "2200",
        "price_per_unit": "1100",
        "price_unit": "EA"
      }
    ]
  },
  {
    "source_url": "https://www.woolworths.com.au/shop/productdetails/1074015089/bys-brightening-stick-cool-pink-creamy-stick-face-eye-makeup-2pk-1-5g",
    "name": "BYS Brightening Stick Cool Pink Creamy Stick Face/Eye Makeup 2PK 1.5g",
    "image_url": "https://cdn1.woolworths.media/content/wowproductimages/large/1074015089.jpg",
    "source_id": "Woolworths - 1074015089",
    "barcode": null,
    "shop": "Woolworths",
    "weight": "1EA",
    "prices": [
      {
        "state": "NSW",
        "price": "2400",
        "price_per_unit": "1200",
        "price_unit": "EA"
      },
      {
        "state": "VIC",
        "price": "2400",
        "price_per_unit": "1200",
        "price_unit": "EA"
      },
      {
        "state": "QLD",
        "price": "2400",
        "price_per_unit": "1200",
        "price_unit": "EA"
      },
      {
        "state": "WA",
        "price": "2400",
        "price_per_unit": "1200",
        "price_unit": "EA"
      },
      {
        "state": "SA",
        "price": "2400",
        "price_per_unit": "1200",
        "price_unit": "EA"
      },
      {
        "state": "TAS",
        "price": "2400",
        "price_per_unit": "1200",
        "price_unit": "EA"
      },
      {
        "state": "ACT",
        "price": "2400",
        "price_per_unit": "1200",
        "price_unit": "EA"
      },
      {
        "state": "NT",
        "price": "2400",
        "price_per_unit": "1200",
        "price_unit": "EA"
      }
    ]
  },
  {
    "source_url": "https://www.woolworths.com.au/shop/productdetails/1074015042/bys-colour-correcting-stick-beige-hides-imperfections-1-5g",
    "name": "BYS Colour Correcting Stick Beige Hides imperfections 1.5g",
    "image_url": "https://cdn1.woolworths.media/content/wowproductimages/large/1074015042.jpg",
    "source_id": "Woolworths - 1074015042",
    "barcode": null,
    "shop": "Woolworths",
    "weight": "10G",
    "prices": [
      {
        "state": "NSW",
        "price": "2100",
        "price_per_unit": "14000",
        "price_unit": "G"
      },
      {
        "state": "VIC",
        "price": "2100",
        "price_per_unit": "14000",
        "price_unit": "G"
      },
      {
        "state": "QLD",
        "price": "2100",
        "price_per_unit": "14000",
        "price_unit": "G"
      },
      {
        "state": "WA",
        "price": "2100",
        "price_per_unit": "14000",
        "price_unit": "G"
      },
      {
        "state": "SA",
        "price": "2100",
        "price_per_unit": "14000",
        "price_unit": "G"
      },
      {
        "state": "TAS",
        "price": "2100",
        "price_per_unit": "14000",
        "price_unit": "G"
      },
      {
        "state": "ACT",
        "price": "2100",
        "price_per_unit": "14000",
        "price_unit": "G"
      },
      {
        "state": "NT",
        "price": "2100",
        "price_per_unit": "14000",
        "price_unit": "G"
      }
    ]
  },
  {
    "source_url": "https://www.woolworths.com.au/shop/productdetails/1074015156/bys-compact-powder-face-makeup-cosmetics-honey-beige-2pk-7g",
    "name": "BYS Compact Powder Face Makeup Cosmetics - Honey Beige 2PK 7g",
    "image_url": "https://cdn1.woolworths.media/content/wowproductimages/large/1074015156.jpg",
    "source_id": "Woolworths - 1074015156",
    "barcode": null,
    "shop": "Woolworths",
    "weight": "1EA",
    "prices": [
      {
        "state": "NSW",
        "price": "1800",
        "price_per_unit": "900",
        "price_unit": "EA"
      },
      {
        "state": "VIC",
        "price": "1800",
        "price_per_unit": "900",
        "price_unit": "EA"
      },
      {
        "state": "QLD",
        "price": "1800",
        "price_per_unit": "900",
        "price_unit": "EA"
      },
      {
        "state": "WA",
        "price": "1800",
        "price_per_unit": "900",
        "price_unit": "EA"
      },
      {
        "state": "SA",
        "price": "1800",
        "price_per_unit": "900",
        "price_unit": "EA"
      },
      {
        "state": "TAS",
        "price": "1800",
        "price_per_unit": "900",
        "price_unit": "EA"
      },
      {
        "state": "ACT",
        "price": "1800",
        "price_per_unit": "900",
        "price_unit": "EA"
      },
      {
        "state": "NT",
        "price": "1800",
        "price_per_unit": "900",
        "price_unit": "EA"
      }
    ]
  },
  {
    "source_url": "https://www.woolworths.com.au/shop/productdetails/1074015171/bys-compact-powder-face-makeup-cosmetics-nude-beige-2pk-7g",
    "name": "BYS Compact Powder Face Makeup Cosmetics - Nude Beige 2PK 7g",
    "image_url": "https://cdn1.woolworths.media/content/wowproductimages/large/1074015171.jpg",
    "source_id": "Woolworths - 1074015171",
    "barcode": null,
    "shop": "Woolworths",
    "weight": "1EA",
    "prices": [
      {
        "state": "NSW",
        "price": "2300",
        "price_per_unit": "1150",
        "price_unit": "EA"
      },
      {
        "state": "VIC",
        "price": "2300",
        "price_per_unit": "1150",
        "price_unit": "EA"
      },
      {
        "state": "QLD",
        "price": "2300",
        "price_per_unit": "1150",
        "price_unit": "EA"
      },
      {
        "state": "WA",
        "price": "2300",
        "price_per_unit": "1150",
        "price_unit": "EA"
      },
      {
        "state": "SA",
        "price": "2300",
        "price_per_unit": "1150",
        "price_unit": "EA"
      },
      {
        "state": "TAS",
        "price": "2300",
        "price_per_unit": "1150",
        "price_unit": "EA"
      },
      {
        "state": "ACT",
        "price": "2300",
        "price_per_unit": "1150",
        "price_unit": "EA"
      },
      {
        "state": "NT",
        "price": "2300",
        "price_per_unit": "1150",
        "price_unit": "EA"
      }
    ]
  },
  {
    "source_url": "https://www.woolworths.com.au/shop/productdetails/1074015021/bys-complexion-palette-fire-makeup-6-shades-16g",
    "name": "BYS Complexion Palette Fire Makeup 6 Shades 16g",
    "image_url": "https://cdn1.woolworths.media/content/wowproductimages/large/1074015021.jpg",
    "source_id": "Woolworths - 1074015021",
    "barcode": null,
    "shop": "Woolworths",
    "weight": "10G",
    "prices": [
      {
        "state": "NSW",
        "price": "2500",
        "price_per_unit": "1563",
        "price_unit": "G"
      },
      {
        "state": "VIC",
        "price": "2500",
        "price_per_unit": "1563",
        "price_unit": "G"
      },
      {
        "state": "QLD",
        "price": "2500",
        "price_per_unit": "1563",
        "price_unit": "G"
      },
      {
        "state": "WA",
        "price": "2500",
        "price_per_unit": "1563",
        "price_unit": "G"
      },
      {
        "state": "SA",
        "price": "2500",
        "price_per_unit": "1563",
        "price_unit": "G"
      },
      {
        "state": "TAS",
        "price": "2500",
        "price_per_unit": "1563",
        "price_unit": "G"
      },
      {
        "state": "ACT",
        "price": "2500",
        "price_per_unit": "1563",
        "price_unit": "G"
      },
      {
        "state": "NT",
        "price": "2500",
        "price_per_unit": "1563",
        "price_unit": "G"
      }
    ]
  },
  {
    "source_url": "https://www.woolworths.com.au/shop/productdetails/1074015066/bys-conceal-set-palette-medium-beige-2-shades-3-5g",
    "name": "BYS Conceal/Set Palette Medium Beige 2 Shades 3.5g",
    "image_url": "https://cdn1.woolworths.media/content/wowproductimages/large/1074015066.jpg",
    "source_id": "Woolworths - 1074015066",
    "barcode": null,
    "shop": "Woolworths",
    "weight": "10G",
    "prices": [
      {
        "state": "NSW",
        "price": "1800",
        "price_per_unit": "5143",
        "price_unit": "G"
      },
      {
        "state": "VIC",
        "price": "1800",
        "price_per_unit": "5143",
        "price_unit": "G"
      },
      {
        "state": "QLD",
        "price": "1800",
        "price_per_unit": "5143",
        "price_unit": "G"
      },
      {
        "state": "WA",
        "price": "1800",
        "price_per_unit": "5143",
        "price_unit": "G"
      },
      {
        "state": "SA",
        "price": "1800",
        "price_per_unit": "5143",
        "price_unit": "G"
      },
      {
        "state": "TAS",
        "price": "1800",
        "price_per_unit": "5143",
        "price_unit": "G"
      },
      {
        "state": "ACT",
        "price": "1800",
        "price_per_unit": "5143",
        "price_unit": "G"
      },
      {
        "state": "NT",
        "price": "1800",
        "price_per_unit": "5143",
        "price_unit": "G"
      }
    ]
  },
  {
    "source_url": "https://www.woolworths.com.au/shop/productdetails/1074015076/bys-conceal-set-palette-natural-beige-2-shades-3-5g",
    "name": "BYS Conceal/Set Palette Natural Beige 2 Shades 3.5g",
    "image_url": "https://cdn1.woolworths.media/content/wowproductimages/large/1074015076.jpg",
    "source_id": "Woolworths - 1074015076",
    "barcode": null,
    "shop": "Woolworths",
    "weight": "10G",
    "prices": [
      {
        "state": "NSW",
        "price": "1800",
        "price_per_unit": "5143",
        "price_unit": "G"
      },
      {
        "state": "VIC",
        "price": "1800",
        "price_per_unit": "5143",
        "price_unit": "G"
      },
      {
        "state": "QLD",
        "price": "1800",
        "price_per_unit": "5143",
        "price_unit": "G"
      },
      {
        "state": "WA",
        "price": "1800",
        "price_per_unit": "5143",
        "price_unit": "G"
      },
      {
        "state": "SA",
        "price": "1800",
        "price_per_unit": "5143",
        "price_unit": "G"
      },
      {
        "state": "TAS",
        "price": "1800",
        "price_per_unit": "5143",
        "price_unit": "G"
      },
      {
        "state": "ACT",
        "price": "1800",
        "price_per_unit": "5143",
        "price_unit": "G"
      },
      {
        "state": "NT",
        "price": "1800",
        "price_per_unit": "5143",
        "price_unit": "G"
      }
    ]
  },
  {
    "source_url": "https://www.woolworths.com.au/shop/productdetails/1074015082/bys-conceal-set-palette-natural-tan-2-shades-3-5g",
    "name": "BYS Conceal/Set Palette Natural Tan 2 Shades 3.5g",
    "image_url": "https://cdn1.woolworths.media/content/wowproductimages/large/1074015082.jpg",
    "source_id": "Woolworths - 1074015082",
    "barcode": null,
    "shop": "Woolworths",
    "weight": "10G",
    "prices": [
      {
        "state": "NSW",
        "price": "2300",
        "price_per_unit": "6571",
        "price_unit": "G"
      },
      {
        "state": "VIC",
        "price": "2300",
        "price_per_unit": "6571",
        "price_unit": "G"
      },
      {
        "state": "QLD",
        "price": "2300",
        "price_per_unit": "6571",
        "price_unit": "G"
      },
      {
        "state": "WA",
        "price": "2300",
        "price_per_unit": "6571",
        "price_unit": "G"
      },
      {
        "state": "SA",
        "price": "2300",
        "price_per_unit": "6571",
        "price_unit": "G"
      },
      {
        "state": "TAS",
        "price": "2300",
        "price_per_unit": "6571",
        "price_unit": "G"
      },
      {
        "state": "ACT",
        "price": "2300",
        "price_per_unit": "6571",
        "price_unit": "G"
      },
      {
        "state": "NT",
        "price": "2300",
        "price_per_unit": "6571",
        "price_unit": "G"
      }
    ]
  },
  {
    "source_url": "https://www.woolworths.com.au/shop/productdetails/1074015138/bys-concealer-duo-medium-beige-eye-makeup-10g",
    "name": "BYS Concealer Duo Medium Beige Eye Makeup 10g",
    "image_url": "https://cdn1.woolworths.media/content/wowproductimages/large/1074015138.jpg",
    "source_id": "Woolworths - 1074015138",
    "barcode": null,
    "shop": "Woolworths",
    "weight": "10G",
    "prices": [
      {
        "state": "NSW",
        "price": "2000",
        "price_per_unit": "2000",
        "price_unit": "G"
      },
      {
        "state": "VIC",
        "price": "2000",
        "price_per_unit": "2000",
        "price_unit": "G"
      },
      {
        "state": "QLD",
        "price": "2000",
        "price_per_unit": "2000",
        "price_unit": "G"
      },
      {
        "state": "WA",
        "price": "2000",
        "price_per_unit": "2000",
        "price_unit": "G"
      },
      {
        "state": "SA",
        "price": "2000",
        "price_per_unit": "2000",
        "price_unit": "G"
      },
      {
        "state": "TAS",
        "price": "2000",
        "price_per_unit": "2000",
        "price_unit": "G"
      },
      {
        "state": "ACT",
        "price": "2000",
        "price_per_unit": "2000",
        "price_unit": "G"
      },
      {
        "state": "NT",
        "price": "2000",
        "price_per_unit": "2000",
        "price_unit": "G"
      }
    ]
  },
  {
    "source_url": "https://www.woolworths.com.au/shop/productdetails/1074014994/bys-concealer-tube-makeup-medium-12ml-2pk",
    "name": "BYS Concealer Tube Makeup Medium 12ml 2PK",
    "image_url": "https://cdn1.woolworths.media/content/wowproductimages/large/1074014994.jpg",
    "source_id": "Woolworths - 1074014994",
    "barcode": null,
    "shop": "Woolworths",
    "weight": "1EA",
    "prices": [
      {
        "state": "NSW",
        "price": "2300",
        "price_per_unit": "1150",
        "price_unit": "EA"
      },
      {
        "state": "VIC",
        "price": "2300",
        "price_per_unit": "1150",
        "price_unit": "EA"
      },
      {
        "state": "QLD",
        "price": "2300",
        "price_per_unit": "1150",
        "price_unit": "EA"
      },
      {
        "state": "WA",
        "price": "2300",
        "price_per_unit": "1150",
        "price_unit": "EA"
      },
      {
        "state": "SA",
        "price": "2300",
        "price_per_unit": "1150",
        "price_unit": "EA"
      },
      {
        "state": "TAS",
        "price": "2300",
        "price_per_unit": "1150",
        "price_unit": "EA"
      },
      {
        "state": "ACT",
        "price": "2300",
        "price_per_unit": "1150",
        "price_unit": "EA"
      },
      {
        "state": "NT",
        "price": "2300",
        "price_per_unit": "1150",
        "price_unit": "EA"
      }
    ]
  },
  {
    "source_url": "https://www.woolworths.com.au/shop/productdetails/1074015147/bys-contour-highlight-creme-duo-contour-makeup-cosmetic",
    "name": "BYS Contour & Highlight Creme Duo - Contour Makeup Cosmetic",
    "image_url": "https://cdn1.woolworths.media/content/wowproductimages/large/1074015147.jpg",
    "source_id": "Woolworths - 1074015147",
    "barcode": null,
    "shop": "Woolworths",
    "weight": "1EA",
    "prices": [
      {
        "state": "NSW",
        "price": "2200",
        "price_per_unit": "2200",
        "price_unit": "EA"
      },
      {
        "state": "VIC",
        "price": "2200",
        "price_per_unit": "2200",
        "price_unit": "EA"
      },
      {
        "state": "QLD",
        "price": "2200",
        "price_per_unit": "2200",
        "price_unit": "EA"
      },
      {
        "state": "WA",
        "price": "2200",
        "price_per_unit": "2200",
        "price_unit": "EA"
      },
      {
        "state": "SA",
        "price": "2200",
        "price_per_unit": "2200",
        "price_unit": "EA"
      },
      {
        "state": "TAS",
        "price": "2200",
        "price_per_unit": "2200",
        "price_unit": "EA"
      },
      {
        "state": "ACT",
        "price": "2200",
        "price_per_unit": "2200",
        "price_unit": "EA"
      },
      {
        "state": "NT",
        "price": "2200",
        "price_per_unit": "2200",
        "price_unit": "EA"
      }
    ]
  },
  {
    "source_url": "https://www.woolworths.com.au/shop/productdetails/1074015136/bys-contour-highlight-duo-stick-face-makeup-shade-02-2-5g",
    "name": "BYS Contour & Highlight Duo Stick Face Makeup - Shade #02 2.5g",
    "image_url": "https://cdn1.woolworths.media/content/wowproductimages/large/1074015136.jpg",
    "source_id": "Woolworths - 1074015136",
    "barcode": null,
    "shop": "Woolworths",
    "weight": "10G",
    "prices": [
      {
        "state": "NSW",
        "price": "2000",
        "price_per_unit": "8000",
        "price_unit": "G"
      },
      {
        "state": "VIC",
        "price": "2000",
        "price_per_unit": "8000",
        "price_unit": "G"
      },
      {
        "state": "QLD",
        "price": "2000",
        "price_per_unit": "8000",
        "price_unit": "G"
      },
      {
        "state": "WA",
        "price": "2000",
        "price_per_unit": "8000",
        "price_unit": "G"
      },
      {
        "state": "SA",
        "price": "2000",
        "price_per_unit": "8000",
        "price_unit": "G"
      },
      {
        "state": "TAS",
        "price": "2000",
        "price_per_unit": "8000",
        "price_unit": "G"
      },
      {
        "state": "ACT",
        "price": "2000",
        "price_per_unit": "8000",
        "price_unit": "G"
      },
      {
        "state": "NT",
        "price": "2000",
        "price_per_unit": "8000",
        "price_unit": "G"
      }
    ]
  },
  {
    "source_url": "https://www.woolworths.com.au/shop/productdetails/1074015121/bys-contour-highlighting-kit-makeup-cosmetic-palette-daring-12g",
    "name": "BYS Contour & Highlighting Kit Makeup Cosmetic Palette Daring 12g",
    "image_url": "https://cdn1.woolworths.media/content/wowproductimages/large/1074015121.jpg",
    "source_id": "Woolworths - 1074015121",
    "barcode": null,
    "shop": "Woolworths",
    "weight": "10G",
    "prices": [
      {
        "state": "NSW",
        "price": "2100",
        "price_per_unit": "1750",
        "price_unit": "G"
      },
      {
        "state": "VIC",
        "price": "2100",
        "price_per_unit": "1750",
        "price_unit": "G"
      },
      {
        "state": "QLD",
        "price": "2100",
        "price_per_unit": "1750",
        "price_unit": "G"
      },
      {
        "state": "WA",
        "price": "2100",
        "price_per_unit": "1750",
        "price_unit": "G"
      },
      {
        "state": "SA",
        "price": "2100",
        "price_per_unit": "1750",
        "price_unit": "G"
      },
      {
        "state": "TAS",
        "price": "2100",
        "price_per_unit": "1750",
        "price_unit": "G"
      },
      {
        "state": "ACT",
        "price": "2100",
        "price_per_unit": "1750",
        "price_unit": "G"
      },
      {
        "state": "NT",
        "price": "2100",
        "price_per_unit": "1750",
        "price_unit": "G"
      }
    ]
  },
  {
    "source_url": "https://www.woolworths.com.au/shop/productdetails/1074015114/bys-contour-palette-trio-sassy-face-cheek-makeup-8g",
    "name": "BYS Contour Palette Trio Sassy Face/Cheek Makeup 8g",
    "image_url": "https://cdn1.woolworths.media/content/wowproductimages/large/1074015114.jpg",
    "source_id": "Woolworths - 1074015114",
    "barcode": null,
    "shop": "Woolworths",
    "weight": "10G",
    "prices": [
      {
        "state": "NSW",
        "price": "2300",
        "price_per_unit": "2875",
        "price_unit": "G"
      },
      {
        "state": "VIC",
        "price": "2300",
        "price_per_unit": "2875",
        "price_unit": "G"
      },
      {
        "state": "QLD",
        "price": "2300",
        "price_per_unit": "2875",
        "price_unit": "G"
      },
      {
        "state": "WA",
        "price": "2300",
        "price_per_unit": "2875",
        "price_unit": "G"
      },
      {
        "state": "SA",
        "price": "2300",
        "price_per_unit": "2875",
        "price_unit": "G"
      },
      {
        "state": "TAS",
        "price": "2300",
        "price_per_unit": "2875",
        "price_unit": "G"
      },
      {
        "state": "ACT",
        "price": "2300",
        "price_per_unit": "2875",
        "price_unit": "G"
      },
      {
        "state": "NT",
        "price": "2300",
        "price_per_unit": "2875",
        "price_unit": "G"
      }
    ]
  },
  {
    "source_url": "https://www.woolworths.com.au/shop/productdetails/1074015127/bys-contour-stick-highlight-face-defining-makeup-1-5g",
    "name": "BYS Contour Stick Highlight Face Defining Makeup 1.5g",
    "image_url": "https://cdn1.woolworths.media/content/wowproductimages/large/1074015127.jpg",
    "source_id": "Woolworths - 1074015127",
    "barcode": null,
    "shop": "Woolworths",
    "weight": "10G",
    "prices": [
      {
        "state": "NSW",
        "price": "1600",
        "price_per_unit": "10667",
        "price_unit": "G"
      },
      {
        "state": "VIC",
        "price": "1600",
        "price_per_unit": "10667",
        "price_unit": "G"
      },
      {
        "state": "QLD",
        "price": "1600",
        "price_per_unit": "10667",
        "price_unit": "G"
      },
      {
        "state": "WA",
        "price": "1600",
        "price_per_unit": "10667",
        "price_unit": "G"
      },
      {
        "state": "SA",
        "price": "1600",
        "price_per_unit": "10667",
        "price_unit": "G"
      },
      {
        "state": "TAS",
        "price": "1600",
        "price_per_unit": "10667",
        "price_unit": "G"
      },
      {
        "state": "ACT",
        "price": "1600",
        "price_per_unit": "10667",
        "price_unit": "G"
      },
      {
        "state": "NT",
        "price": "1600",
        "price_per_unit": "10667",
        "price_unit": "G"
      }
    ]
  },
  {
    "source_url": "https://www.woolworths.com.au/shop/productdetails/1074015057/bys-correcting-stick-conceals-redness-green-1-5g",
    "name": "BYS Correcting Stick Conceals Redness Green 1.5g",
    "image_url": "https://cdn1.woolworths.media/content/wowproductimages/large/1074015057.jpg",
    "source_id": "Woolworths - 1074015057",
    "barcode": null,
    "shop": "Woolworths",
    "weight": "10G",
    "prices": [
      {
        "state": "NSW",
        "price": "2300",
        "price_per_unit": "15333",
        "price_unit": "G"
      },
      {
        "state": "VIC",
        "price": "2300",
        "price_per_unit": "15333",
        "price_unit": "G"
      },
      {
        "state": "QLD",
        "price": "2300",
        "price_per_unit": "15333",
        "price_unit": "G"
      },
      {
        "state": "WA",
        "price": "2300",
        "price_per_unit": "15333",
        "price_unit": "G"
      },
      {
        "state": "SA",
        "price": "2300",
        "price_per_unit": "15333",
        "price_unit": "G"
      },
      {
        "state": "TAS",
        "price": "2300",
        "price_per_unit": "15333",
        "price_unit": "G"
      },
      {
        "state": "ACT",
        "price": "2300",
        "price_per_unit": "15333",
        "price_unit": "G"
      },
      {
        "state": "NT",
        "price": "2300",
        "price_per_unit": "15333",
        "price_unit": "G"
      }
    ]
  },
  {
    "source_url": "https://www.woolworths.com.au/shop/productdetails/1074015106/bys-creme-contour-palette-contour-is-key-face-makeup-6g",
    "name": "BYS Creme Contour Palette Contour Is Key Face Makeup 6g",
    "image_url": "https://cdn1.woolworths.media/content/wowproductimages/large/1074015106.jpg",
    "source_id": "Woolworths - 1074015106",
    "barcode": null,
    "shop": "Woolworths",
    "weight": "10G",
    "prices": [
      {
        "state": "NSW",
        "price": "2100",
        "price_per_unit": "3500",
        "price_unit": "G"
      },
      {
        "state": "VIC",
        "price": "2100",
        "price_per_unit": "3500",
        "price_unit": "G"
      },
      {
        "state": "QLD",
        "price": "2100",
        "price_per_unit": "3500",
        "price_unit": "G"
      },
      {
        "state": "WA",
        "price": "2100",
        "price_per_unit": "3500",
        "price_unit": "G"
      },
      {
        "state": "SA",
        "price": "2100",
        "price_per_unit": "3500",
        "price_unit": "G"
      },
      {
        "state": "TAS",
        "price": "2100",
        "price_per_unit": "3500",
        "price_unit": "G"
      },
      {
        "state": "ACT",
        "price": "2100",
        "price_per_unit": "3500",
        "price_unit": "G"
      },
      {
        "state": "NT",
        "price": "2100",
        "price_per_unit": "3500",
        "price_unit": "G"
      }
    ]
  },
  {
    "source_url": "https://www.woolworths.com.au/shop/productdetails/1074014947/bys-creme-foundation-face-makeup-cosmetic-medium-beige-7g",
    "name": "BYS Creme Foundation Face Makeup Cosmetic - Medium Beige 7g",
    "image_url": "https://cdn1.woolworths.media/content/wowproductimages/large/1074014947.jpg",
    "source_id": "Woolworths - 1074014947",
    "barcode": null,
    "shop": "Woolworths",
    "weight": "10G",
    "prices": [
      {
        "state": "NSW",
        "price": "2400",
        "price_per_unit": "3429",
        "price_unit": "G"
      },
      {
        "state": "VIC",
        "price": "2400",
        "price_per_unit": "3429",
        "price_unit": "G"
      },
      {
        "state": "QLD",
        "price": "2400",
        "price_per_unit": "3429",
        "price_unit": "G"
      },
      {
        "state": "WA",
        "price": "2400",
        "price_per_unit": "3429",
        "price_unit": "G"
      },
      {
        "state": "SA",
        "price": "2400",
        "price_per_unit": "3429",
        "price_unit": "G"
      },
      {
        "state": "TAS",
        "price": "2400",
        "price_per_unit": "3429",
        "price_unit": "G"
      },
      {
        "state": "ACT",
        "price": "2400",
        "price_per_unit": "3429",
        "price_unit": "G"
      },
      {
        "state": "NT",
        "price": "2400",
        "price_per_unit": "3429",
        "price_unit": "G"
      }
    ]
  },
  {
    "source_url": "https://www.woolworths.com.au/shop/productdetails/1074015045/bys-creme-foundation-face-makeup-cosmetic-natural-beige-7g",
    "name": "BYS Creme Foundation Face Makeup Cosmetic - Natural Beige 7g",
    "image_url": "https://cdn1.woolworths.media/content/wowproductimages/large/1074015045.jpg",
    "source_id": "Woolworths - 1074015045",
    "barcode": null,
    "shop": "Woolworths",
    "weight": "10G",
    "prices": [
      {
        "state": "NSW",
        "price": "2400",
        "price_per_unit": "3429",
        "price_unit": "G"
      },
      {
        "state": "VIC",
        "price": "2400",
        "price_per_unit": "3429",
        "price_unit": "G"
      },
      {
        "state": "QLD",
        "price": "2400",
        "price_per_unit": "3429",
        "price_unit": "G"
      },
      {
        "state": "WA",
        "price": "2400",
        "price_per_unit": "3429",
        "price_unit": "G"
      },
      {
        "state": "SA",
        "price": "2400",
        "price_per_unit": "3429",
        "price_unit": "G"
      },
      {
        "state": "TAS",
        "price": "2400",
        "price_per_unit": "3429",
        "price_unit": "G"
      },
      {
        "state": "ACT",
        "price": "2400",
        "price_per_unit": "3429",
        "price_unit": "G"
      },
      {
        "state": "NT",
        "price": "2400",
        "price_per_unit": "3429",
        "price_unit": "G"
      }
    ]
  },
  {
    "source_url": "https://www.woolworths.com.au/shop/productdetails/1074015065/bys-creme-foundation-face-makeup-cosmetic-warm-beige-7g",
    "name": "BYS Creme Foundation Face Makeup Cosmetic - Warm Beige 7g",
    "image_url": "https://cdn1.woolworths.media/content/wowproductimages/large/1074015065.jpg",
    "source_id": "Woolworths - 1074015065",
    "barcode": null,
    "shop": "Woolworths",
    "weight": "10G",
    "prices": [
      {
        "state": "NSW",
        "price": "2400",
        "price_per_unit": "3429",
        "price_unit": "G"
      },
      {
        "state": "VIC",
        "price": "2400",
        "price_per_unit": "3429",
        "price_unit": "G"
      },
      {
        "state": "QLD",
        "price": "2400",
        "price_per_unit": "3429",
        "price_unit": "G"
      },
      {
        "state": "WA",
        "price": "2400",
        "price_per_unit": "3429",
        "price_unit": "G"
      },
      {
        "state": "SA",
        "price": "2400",
        "price_per_unit": "3429",
        "price_unit": "G"
      },
      {
        "state": "TAS",
        "price": "2400",
        "price_per_unit": "3429",
        "price_unit": "G"
      },
      {
        "state": "ACT",
        "price": "2400",
        "price_per_unit": "3429",
        "price_unit": "G"
      },
      {
        "state": "NT",
        "price": "2400",
        "price_per_unit": "3429",
        "price_unit": "G"
      }
    ]
  },
  {
    "source_url": "https://www.woolworths.com.au/shop/productdetails/1074015163/bys-diamond-highlighter-powder-face-eyes-body-makeup-energy-8g",
    "name": "BYS Diamond Highlighter Powder Face/Eyes/Body Makeup Energy 8g",
    "image_url": "https://cdn1.woolworths.media/content/wowproductimages/large/1074015163.jpg",
    "source_id": "Woolworths - 1074015163",
    "barcode": null,
    "shop": "Woolworths",
    "weight": "10G",
    "prices": [
      {
        "state": "NSW",
        "price": "2200",
        "price_per_unit": "2750",
        "price_unit": "G"
      },
      {
        "state": "VIC",
        "price": "2200",
        "price_per_unit": "2750",
        "price_unit": "G"
      },
      {
        "state": "QLD",
        "price": "2200",
        "price_per_unit": "2750",
        "price_unit": "G"
      },
      {
        "state": "WA",
        "price": "2200",
        "price_per_unit": "2750",
        "price_unit": "G"
      },
      {
        "state": "SA",
        "price": "2200",
        "price_per_unit": "2750",
        "price_unit": "G"
      },
      {
        "state": "TAS",
        "price": "2200",
        "price_per_unit": "2750",
        "price_unit": "G"
      },
      {
        "state": "ACT",
        "price": "2200",
        "price_per_unit": "2750",
        "price_unit": "G"
      },
      {
        "state": "NT",
        "price": "2200",
        "price_per_unit": "2750",
        "price_unit": "G"
      }
    ]
  },
  {
    "source_url": "https://www.woolworths.com.au/shop/productdetails/1074014978/bys-easy-apply-concealer-tube-makeup-medium-12ml",
    "name": "BYS Easy Apply Concealer Tube Makeup Medium 12ml",
    "image_url": "https://cdn1.woolworths.media/content/wowproductimages/large/1074014978.jpg",
    "source_id": "Woolworths - 1074014978",
    "barcode": null,
    "shop": "Woolworths",
    "weight": "10ML",
    "prices": [
      {
        "state": "NSW",
        "price": "2000",
        "price_per_unit": "1667",
        "price_unit": "ML"
      },
      {
        "state": "VIC",
        "price": "2000",
        "price_per_unit": "1667",
        "price_unit": "ML"
      },
      {
        "state": "QLD",
        "price": "2000",
        "price_per_unit": "1667",
        "price_unit": "ML"
      },
      {
        "state": "WA",
        "price": "2000",
        "price_per_unit": "1667",
        "price_unit": "ML"
      },
      {
        "state": "SA",
        "price": "2000",
        "price_per_unit": "1667",
        "price_unit": "ML"
      },
      {
        "state": "TAS",
        "price": "2000",
        "price_per_unit": "1667",
        "price_unit": "ML"
      },
      {
        "state": "ACT",
        "price": "2000",
        "price_per_unit": "1667",
        "price_unit": "ML"
      },
      {
        "state": "NT",
        "price": "2000",
        "price_per_unit": "1667",
        "price_unit": "ML"
      }
    ]
  },
  {
    "source_url": "https://www.woolworths.com.au/shop/productdetails/1074015026/bys-face-primer-for-oily-skin-aloe-vera-makeup-45ml",
    "name": "BYS Face Primer for Oily Skin Aloe Vera Makeup 45ml",
    "image_url": "https://cdn1.woolworths.media/content/wowproductimages/large/1074015026.jpg",
    "source_id": "Woolworths - 1074015026",
    "barcode": null,
    "shop": "Woolworths",
    "weight": "10ML",
    "prices": [
      {
        "state": "NSW",
        "price": "2000",
        "price_per_unit": "444",
        "price_unit": "ML"
      },
      {
        "state": "VIC",
        "price": "2000",
        "price_per_unit": "444",
        "price_unit": "ML"
      },
      {
        "state": "QLD",
        "price": "2000",
        "price_per_unit": "444",
        "price_unit": "ML"
      },
      {
        "state": "WA",
        "price": "2000",
        "price_per_unit": "444",
        "price_unit": "ML"
      },
      {
        "state": "SA",
        "price": "2000",
        "price_per_unit": "444",
        "price_unit": "ML"
      },
      {
        "state": "TAS",
        "price": "2000",
        "price_per_unit": "444",
        "price_unit": "ML"
      },
      {
        "state": "ACT",
        "price": "2000",
        "price_per_unit": "444",
        "price_unit": "ML"
      },
      {
        "state": "NT",
        "price": "2000",
        "price_per_unit": "444",
        "price_unit": "ML"
      }
    ]
  },
  {
    "source_url": "https://www.woolworths.com.au/shop/productdetails/1074015034/bys-face-primer-makeup-w-vitamin-e-45ml",
    "name": "BYS Face Primer Makeup w/ Vitamin E 45ml",
    "image_url": "https://cdn1.woolworths.media/content/wowproductimages/large/1074015034.jpg",
    "source_id": "Woolworths - 1074015034",
    "barcode": null,
    "shop": "Woolworths",
    "weight": "10ML",
    "prices": [
      {
        "state": "NSW",
        "price": "2500",
        "price_per_unit": "556",
        "price_unit": "ML"
      },
      {
        "state": "VIC",
        "price": "2500",
        "price_per_unit": "556",
        "price_unit": "ML"
      },
      {
        "state": "QLD",
        "price": "2500",
        "price_per_unit": "556",
        "price_unit": "ML"
      },
      {
        "state": "WA",
        "price": "2500",
        "price_per_unit": "556",
        "price_unit": "ML"
      },
      {
        "state": "SA",
        "price": "2500",
        "price_per_unit": "556",
        "price_unit": "ML"
      },
      {
        "state": "TAS",
        "price": "2500",
        "price_per_unit": "556",
        "price_unit": "ML"
      },
      {
        "state": "ACT",
        "price": "2500",
        "price_per_unit": "556",
        "price_unit": "ML"
      },
      {
        "state": "NT",
        "price": "2500",
        "price_per_unit": "556",
        "price_unit": "ML"
      }
    ]
  },
  {
    "source_url": "https://www.woolworths.com.au/shop/productdetails/1074015014/bys-face-primer-matte-shine-free-finish-makeup-45ml",
    "name": "BYS Face Primer Matte Shine-Free Finish Makeup 45ml",
    "image_url": "https://cdn1.woolworths.media/content/wowproductimages/large/1074015014.jpg",
    "source_id": "Woolworths - 1074015014",
    "barcode": null,
    "shop": "Woolworths",
    "weight": "10ML",
    "prices": [
      {
        "state": "NSW",
        "price": "2500",
        "price_per_unit": "556",
        "price_unit": "ML"
      },
      {
        "state": "VIC",
        "price": "2500",
        "price_per_unit": "556",
        "price_unit": "ML"
      },
      {
        "state": "QLD",
        "price": "2500",
        "price_per_unit": "556",
        "price_unit": "ML"
      },
      {
        "state": "WA",
        "price": "2500",
        "price_per_unit": "556",
        "price_unit": "ML"
      },
      {
        "state": "SA",
        "price": "2500",
        "price_per_unit": "556",
        "price_unit": "ML"
      },
      {
        "state": "TAS",
        "price": "2500",
        "price_per_unit": "556",
        "price_unit": "ML"
      },
      {
        "state": "ACT",
        "price": "2500",
        "price_per_unit": "556",
        "price_unit": "ML"
      },
      {
        "state": "NT",
        "price": "2500",
        "price_per_unit": "556",
        "price_unit": "ML"
      }
    ]
  },
  {
    "source_url": "https://www.woolworths.com.au/shop/productdetails/1074015004/bys-face-primer-w-gold-flakes-makeup-45ml",
    "name": "BYS Face Primer w/ Gold Flakes Makeup 45ml",
    "image_url": "https://cdn1.woolworths.media/content/wowproductimages/large/1074015004.jpg",
    "source_id": "Woolworths - 1074015004",
    "barcode": null,
    "shop": "Woolworths",
    "weight": "10ML",
    "prices": [
      {
        "state": "NSW",
        "price": "2500",
        "price_per_unit": "556",
        "price_unit": "ML"
      },
      {
        "state": "VIC",
        "price": "2500",
        "price_per_unit": "556",
        "price_unit": "ML"
      },
      {
        "state": "QLD",
        "price": "2500",
        "price_per_unit": "556",
        "price_unit": "ML"
      },
      {
        "state": "WA",
        "price": "2500",
        "price_per_unit": "556",
        "price_unit": "ML"
      },
      {
        "state": "SA",
        "price": "2500",
        "price_per_unit": "556",
        "price_unit": "ML"
      },
      {
        "state": "TAS",
        "price": "2500",
        "price_per_unit": "556",
        "price_unit": "ML"
      },
      {
        "state": "ACT",
        "price": "2500",
        "price_per_unit": "556",
        "price_unit": "ML"
      },
      {
        "state": "NT",
        "price": "2500",
        "price_per_unit": "556",
        "price_unit": "ML"
      }
    ]
  },
  {
    "source_url": "https://www.woolworths.com.au/shop/productdetails/1074015035/bys-finishing-powder-translucent-matte-face-makeup-green-8g",
    "name": "BYS Finishing Powder Translucent Matte Face Makeup - Green 8g",
    "image_url": "https://cdn1.woolworths.media/content/wowproductimages/large/1074015035.jpg",
    "source_id": "Woolworths - 1074015035",
    "barcode": null,
    "shop": "Woolworths",
    "weight": "10G",
    "prices": [
      {
        "state": "NSW",
        "price": "1800",
        "price_per_unit": "2250",
        "price_unit": "G"
      },
      {
        "state": "VIC",
        "price": "1800",
        "price_per_unit": "2250",
        "price_unit": "G"
      },
      {
        "state": "QLD",
        "price": "1800",
        "price_per_unit": "2250",
        "price_unit": "G"
      },
      {
        "state": "WA",
        "price": "1800",
        "price_per_unit": "2250",
        "price_unit": "G"
      },
      {
        "state": "SA",
        "price": "1800",
        "price_per_unit": "2250",
        "price_unit": "G"
      },
      {
        "state": "TAS",
        "price": "1800",
        "price_per_unit": "2250",
        "price_unit": "G"
      },
      {
        "state": "ACT",
        "price": "1800",
        "price_per_unit": "2250",
        "price_unit": "G"
      },
      {
        "state": "NT",
        "price": "1800",
        "price_per_unit": "2250",
        "price_unit": "G"
      }
    ]
  },
  {
    "source_url": "https://www.woolworths.com.au/shop/productdetails/1074014997/bys-foundation-face-primer-base-luminizing-makeup-20ml",
    "name": "BYS Foundation Face Primer Base Luminizing Makeup 20ml",
    "image_url": "https://cdn1.woolworths.media/content/wowproductimages/large/1074014997.jpg",
    "source_id": "Woolworths - 1074014997",
    "barcode": null,
    "shop": "Woolworths",
    "weight": "10ML",
    "prices": [
      {
        "state": "NSW",
        "price": "2500",
        "price_per_unit": "1250",
        "price_unit": "ML"
      },
      {
        "state": "VIC",
        "price": "2500",
        "price_per_unit": "1250",
        "price_unit": "ML"
      },
      {
        "state": "QLD",
        "price": "2500",
        "price_per_unit": "1250",
        "price_unit": "ML"
      },
      {
        "state": "WA",
        "price": "2500",
        "price_per_unit": "1250",
        "price_unit": "ML"
      },
      {
        "state": "SA",
        "price": "2500",
        "price_per_unit": "1250",
        "price_unit": "ML"
      },
      {
        "state": "TAS",
        "price": "2500",
        "price_per_unit": "1250",
        "price_unit": "ML"
      },
      {
        "state": "ACT",
        "price": "2500",
        "price_per_unit": "1250",
        "price_unit": "ML"
      },
      {
        "state": "NT",
        "price": "2500",
        "price_per_unit": "1250",
        "price_unit": "ML"
      }
    ]
  },
  {
    "source_url": "https://www.woolworths.com.au/shop/productdetails/1074014967/bys-foundation-primer-base-brightening-makeup-20ml",
    "name": "BYS Foundation Primer Base Brightening Makeup 20ml",
    "image_url": "https://cdn1.woolworths.media/content/wowproductimages/large/1074014967.jpg",
    "source_id": "Woolworths - 1074014967",
    "barcode": null,
    "shop": "Woolworths",
    "weight": "10ML",
    "prices": [
      {
        "state": "NSW",
        "price": "1900",
        "price_per_unit": "950",
        "price_unit": "ML"
      },
      {
        "state": "VIC",
        "price": "1900",
        "price_per_unit": "950",
        "price_unit": "ML"
      },
      {
        "state": "QLD",
        "price": "1900",
        "price_per_unit": "950",
        "price_unit": "ML"
      },
      {
        "state": "WA",
        "price": "1900",
        "price_per_unit": "950",
        "price_unit": "ML"
      },
      {
        "state": "SA",
        "price": "1900",
        "price_per_unit": "950",
        "price_unit": "ML"
      },
      {
        "state": "TAS",
        "price": "1900",
        "price_per_unit": "950",
        "price_unit": "ML"
      },
      {
        "state": "ACT",
        "price": "1900",
        "price_per_unit": "950",
        "price_unit": "ML"
      },
      {
        "state": "NT",
        "price": "1900",
        "price_per_unit": "950",
        "price_unit": "ML"
      }
    ]
  },
  {
    "source_url": "https://www.woolworths.com.au/shop/productdetails/1074015112/bys-full-coverage-pressed-powder-w-hyaluronic-acid-medium-beige-8g",
    "name": "BYS Full Coverage Pressed Powder w/ Hyaluronic Acid - Medium Beige 8g",
    "image_url": "https://cdn1.woolworths.media/content/wowproductimages/large/1074015112.jpg",
    "source_id": "Woolworths - 1074015112",
    "barcode": null,
    "shop": "Woolworths",
    "weight": "10G",
    "prices": [
      {
        "state": "NSW",
        "price": "2200",
        "price_per_unit": "2750",
        "price_unit": "G"
      },
      {
        "state": "VIC",
        "price": "2200",
        "price_per_unit": "2750",
        "price_unit": "G"
      },
      {
        "state": "QLD",
        "price": "2200",
        "price_per_unit": "2750",
        "price_unit": "G"
      },
      {
        "state": "WA",
        "price": "2200",
        "price_per_unit": "2750",
        "price_unit": "G"
      },
      {
        "state": "SA",
        "price": "2200",
        "price_per_unit": "2750",
        "price_unit": "G"
      },
      {
        "state": "TAS",
        "price": "2200",
        "price_per_unit": "2750",
        "price_unit": "G"
      },
      {
        "state": "ACT",
        "price": "2200",
        "price_per_unit": "2750",
        "price_unit": "G"
      },
      {
        "state": "NT",
        "price": "2200",
        "price_per_unit": "2750",
        "price_unit": "G"
      }
    ]
  },
  {
    "source_url": "https://www.woolworths.com.au/shop/productdetails/1074015085/bys-glass-glow-luminous-foundation-face-makeup-sand-beige-30ml",
    "name": "BYS Glass Glow Luminous Foundation Face Makeup - Sand Beige 30ml",
    "image_url": "https://cdn1.woolworths.media/content/wowproductimages/large/1074015085.jpg",
    "source_id": "Woolworths - 1074015085",
    "barcode": null,
    "shop": "Woolworths",
    "weight": "10ML",
    "prices": [
      {
        "state": "NSW",
        "price": "2000",
        "price_per_unit": "667",
        "price_unit": "ML"
      },
      {
        "state": "VIC",
        "price": "2000",
        "price_per_unit": "667",
        "price_unit": "ML"
      },
      {
        "state": "QLD",
        "price": "2000",
        "price_per_unit": "667",
        "price_unit": "ML"
      },
      {
        "state": "WA",
        "price": "2000",
        "price_per_unit": "667",
        "price_unit": "ML"
      },
      {
        "state": "TAS",
        "price": "2000",
        "price_per_unit": "667",
        "price_unit": "ML"
      },
      {
        "state": "ACT",
        "price": "2000",
        "price_per_unit": "667",
        "price_unit": "ML"
      },
      {
        "state": "NT",
        "price": "2000",
        "price_per_unit": "667",
        "price_unit": "ML"
      }
    ]
  },
  {
    "source_url": "https://www.woolworths.com.au/shop/productdetails/1074015046/bys-hd-microfinish-5g-loose-powder-makeup-cosmetics-ultra-fine",
    "name": "BYS HD Microfinish 5g Loose Powder Makeup Cosmetics - Ultra Fine",
    "image_url": "https://cdn1.woolworths.media/content/wowproductimages/large/1074015046.jpg",
    "source_id": "Woolworths - 1074015046",
    "barcode": null,
    "shop": "Woolworths",
    "weight": "1EA",
    "prices": [
      {
        "state": "NSW",
        "price": "1900",
        "price_per_unit": "1900",
        "price_unit": "EA"
      },
      {
        "state": "VIC",
        "price": "1900",
        "price_per_unit": "1900",
        "price_unit": "EA"
      },
      {
        "state": "QLD",
        "price": "1900",
        "price_per_unit": "1900",
        "price_unit": "EA"
      },
      {
        "state": "WA",
        "price": "1900",
        "price_per_unit": "1900",
        "price_unit": "EA"
      },
      {
        "state": "SA",
        "price": "1900",
        "price_per_unit": "1900",
        "price_unit": "EA"
      },
      {
        "state": "TAS",
        "price": "1900",
        "price_per_unit": "1900",
        "price_unit": "EA"
      },
      {
        "state": "ACT",
        "price": "1900",
        "price_per_unit": "1900",
        "price_unit": "EA"
      },
      {
        "state": "NT",
        "price": "1900",
        "price_per_unit": "1900",
        "price_unit": "EA"
      }
    ]
  },
  {
    "source_url": "https://www.woolworths.com.au/shop/productdetails/1074015153/bys-highlight-face-palette-cosmetic-makeup-36g",
    "name": "BYS Highlight Face Palette Cosmetic Makeup 36g",
    "image_url": "https://cdn1.woolworths.media/content/wowproductimages/large/1074015153.jpg",
    "source_id": "Woolworths - 1074015153",
    "barcode": null,
    "shop": "Woolworths",
    "weight": "10G",
    "prices": [
      {
        "state": "NSW",
        "price": "2500",
        "price_per_unit": "694",
        "price_unit": "G"
      },
      {
        "state": "VIC",
        "price": "2500",
        "price_per_unit": "694",
        "price_unit": "G"
      },
      {
        "state": "QLD",
        "price": "2500",
        "price_per_unit": "694",
        "price_unit": "G"
      },
      {
        "state": "WA",
        "price": "2500",
        "price_per_unit": "694",
        "price_unit": "G"
      },
      {
        "state": "SA",
        "price": "2500",
        "price_per_unit": "694",
        "price_unit": "G"
      },
      {
        "state": "TAS",
        "price": "2500",
        "price_per_unit": "694",
        "price_unit": "G"
      },
      {
        "state": "ACT",
        "price": "2500",
        "price_per_unit": "694",
        "price_unit": "G"
      },
      {
        "state": "NT",
        "price": "2500",
        "price_per_unit": "694",
        "price_unit": "G"
      }
    ]
  },
  {
    "source_url": "https://www.woolworths.com.au/shop/productdetails/1074015192/bys-highlighting-stick-glow-face-cosmetic-makeup-1-5g",
    "name": "BYS Highlighting Stick Glow Face Cosmetic Makeup 1.5g",
    "image_url": "https://cdn1.woolworths.media/content/wowproductimages/large/1074015192.jpg",
    "source_id": "Woolworths - 1074015192",
    "barcode": null,
    "shop": "Woolworths",
    "weight": "10G",
    "prices": [
      {
        "state": "NSW",
        "price": "2100",
        "price_per_unit": "14000",
        "price_unit": "G"
      },
      {
        "state": "VIC",
        "price": "2100",
        "price_per_unit": "14000",
        "price_unit": "G"
      },
      {
        "state": "QLD",
        "price": "2100",
        "price_per_unit": "14000",
        "price_unit": "G"
      },
      {
        "state": "WA",
        "price": "2100",
        "price_per_unit": "14000",
        "price_unit": "G"
      },
      {
        "state": "SA",
        "price": "2100",
        "price_per_unit": "14000",
        "price_unit": "G"
      },
      {
        "state": "TAS",
        "price": "2100",
        "price_per_unit": "14000",
        "price_unit": "G"
      },
      {
        "state": "ACT",
        "price": "2100",
        "price_per_unit": "14000",
        "price_unit": "G"
      },
      {
        "state": "NT",
        "price": "2100",
        "price_per_unit": "14000",
        "price_unit": "G"
      }
    ]
  },
  {
    "source_url": "https://www.woolworths.com.au/shop/productdetails/1074015211/bys-highlighting-trio-luminous-8g-palette-face-makeup",
    "name": "BYS Highlighting Trio Luminous 8g Palette Face Makeup",
    "image_url": "https://cdn1.woolworths.media/content/wowproductimages/large/1074015211.jpg",
    "source_id": "Woolworths - 1074015211",
    "barcode": null,
    "shop": "Woolworths",
    "weight": "1EA",
    "prices": [
      {
        "state": "NSW",
        "price": "1700",
        "price_per_unit": "1700",
        "price_unit": "EA"
      },
      {
        "state": "VIC",
        "price": "1700",
        "price_per_unit": "1700",
        "price_unit": "EA"
      },
      {
        "state": "QLD",
        "price": "1700",
        "price_per_unit": "1700",
        "price_unit": "EA"
      },
      {
        "state": "WA",
        "price": "1700",
        "price_per_unit": "1700",
        "price_unit": "EA"
      },
      {
        "state": "SA",
        "price": "1700",
        "price_per_unit": "1700",
        "price_unit": "EA"
      },
      {
        "state": "TAS",
        "price": "1700",
        "price_per_unit": "1700",
        "price_unit": "EA"
      },
      {
        "state": "ACT",
        "price": "1700",
        "price_per_unit": "1700",
        "price_unit": "EA"
      },
      {
        "state": "NT",
        "price": "1700",
        "price_per_unit": "1700",
        "price_unit": "EA"
      }
    ]
  },
  {
    "source_url": "https://www.woolworths.com.au/shop/productdetails/1074015104/bys-liquid-foundation-adjuster-lightener-w-glass-dropper-23ml",
    "name": "BYS Liquid Foundation Adjuster Lightener w/ Glass Dropper 23ml",
    "image_url": "https://cdn1.woolworths.media/content/wowproductimages/large/1074015104.jpg",
    "source_id": "Woolworths - 1074015104",
    "barcode": null,
    "shop": "Woolworths",
    "weight": "10ML",
    "prices": [
      {
        "state": "NSW",
        "price": "2600",
        "price_per_unit": "1130",
        "price_unit": "ML"
      },
      {
        "state": "VIC",
        "price": "2600",
        "price_per_unit": "1130",
        "price_unit": "ML"
      },
      {
        "state": "QLD",
        "price": "2600",
        "price_per_unit": "1130",
        "price_unit": "ML"
      },
      {
        "state": "WA",
        "price": "2600",
        "price_per_unit": "1130",
        "price_unit": "ML"
      },
      {
        "state": "SA",
        "price": "2600",
        "price_per_unit": "1130",
        "price_unit": "ML"
      },
      {
        "state": "TAS",
        "price": "2600",
        "price_per_unit": "1130",
        "price_unit": "ML"
      },
      {
        "state": "ACT",
        "price": "2600",
        "price_per_unit": "1130",
        "price_unit": "ML"
      },
      {
        "state": "NT",
        "price": "2600",
        "price_per_unit": "1130",
        "price_unit": "ML"
      }
    ]
  },
  {
    "source_url": "https://www.woolworths.com.au/shop/productdetails/1074014974/bys-liquid-illuminator-glow-face-cosmetic-makeup-strobe-20ml",
    "name": "BYS Liquid Illuminator Glow Face Cosmetic Makeup - Strobe 20ml",
    "image_url": "https://cdn1.woolworths.media/content/wowproductimages/large/1074014974.jpg",
    "source_id": "Woolworths - 1074014974",
    "barcode": null,
    "shop": "Woolworths",
    "weight": "10ML",
    "prices": [
      {
        "state": "NSW",
        "price": "1600",
        "price_per_unit": "800",
        "price_unit": "ML"
      },
      {
        "state": "VIC",
        "price": "1600",
        "price_per_unit": "800",
        "price_unit": "ML"
      },
      {
        "state": "QLD",
        "price": "1600",
        "price_per_unit": "800",
        "price_unit": "ML"
      },
      {
        "state": "WA",
        "price": "1600",
        "price_per_unit": "800",
        "price_unit": "ML"
      },
      {
        "state": "SA",
        "price": "1600",
        "price_per_unit": "800",
        "price_unit": "ML"
      },
      {
        "state": "TAS",
        "price": "1600",
        "price_per_unit": "800",
        "price_unit": "ML"
      },
      {
        "state": "ACT",
        "price": "1600",
        "price_per_unit": "800",
        "price_unit": "ML"
      },
      {
        "state": "NT",
        "price": "1600",
        "price_per_unit": "800",
        "price_unit": "ML"
      }
    ]
  },
  {
    "source_url": "https://www.woolworths.com.au/shop/productdetails/1074015032/bys-luminous-glow-illuminating-glow-face-body-spray-45ml",
    "name": "BYS Luminous Glow Illuminating Glow Face & Body Spray 45ml",
    "image_url": "https://cdn1.woolworths.media/content/wowproductimages/large/1074015032.jpg",
    "source_id": "Woolworths - 1074015032",
    "barcode": null,
    "shop": "Woolworths",
    "weight": "10G",
    "prices": [
      {
        "state": "NSW",
        "price": "1900",
        "price_per_unit": "6786",
        "price_unit": "G"
      },
      {
        "state": "VIC",
        "price": "1900",
        "price_per_unit": "6786",
        "price_unit": "G"
      },
      {
        "state": "QLD",
        "price": "1900",
        "price_per_unit": "6786",
        "price_unit": "G"
      },
      {
        "state": "WA",
        "price": "1900",
        "price_per_unit": "6786",
        "price_unit": "G"
      },
      {
        "state": "SA",
        "price": "1900",
        "price_per_unit": "6786",
        "price_unit": "G"
      },
      {
        "state": "TAS",
        "price": "1900",
        "price_per_unit": "6786",
        "price_unit": "G"
      },
      {
        "state": "ACT",
        "price": "1900",
        "price_per_unit": "6786",
        "price_unit": "G"
      },
      {
        "state": "NT",
        "price": "1900",
        "price_per_unit": "6786",
        "price_unit": "G"
      }
    ]
  },
  {
    "source_url": "https://www.woolworths.com.au/shop/productdetails/1074015070/bys-matte-bronzing-powder-face-cheek-makeup-2pk-7g",
    "name": "BYS Matte Bronzing Powder Face/Cheek Makeup 2PK 7g",
    "image_url": "https://cdn1.woolworths.media/content/wowproductimages/large/1074015070.jpg",
    "source_id": "Woolworths - 1074015070",
    "barcode": null,
    "shop": "Woolworths",
    "weight": "1EA",
    "prices": [
      {
        "state": "NSW",
        "price": "1900",
        "price_per_unit": "950",
        "price_unit": "EA"
      },
      {
        "state": "VIC",
        "price": "1900",
        "price_per_unit": "950",
        "price_unit": "EA"
      },
      {
        "state": "QLD",
        "price": "1900",
        "price_per_unit": "950",
        "price_unit": "EA"
      },
      {
        "state": "WA",
        "price": "1900",
        "price_per_unit": "950",
        "price_unit": "EA"
      },
      {
        "state": "SA",
        "price": "1900",
        "price_per_unit": "950",
        "price_unit": "EA"
      },
      {
        "state": "TAS",
        "price": "1900",
        "price_per_unit": "950",
        "price_unit": "EA"
      },
      {
        "state": "ACT",
        "price": "1900",
        "price_per_unit": "950",
        "price_unit": "EA"
      },
      {
        "state": "NT",
        "price": "1900",
        "price_per_unit": "950",
        "price_unit": "EA"
      }
    ]
  },
  {
    "source_url": "https://www.woolworths.com.au/shop/productdetails/1074014965/bys-matte-creme-foundation-face-makeup-cosmetic-medium-beige-10g",
    "name": "BYS Matte Creme Foundation Face Makeup Cosmetic - Medium Beige 10g",
    "image_url": "https://cdn1.woolworths.media/content/wowproductimages/large/1074014965.jpg",
    "source_id": "Woolworths - 1074014965",
    "barcode": null,
    "shop": "Woolworths",
    "weight": "10G",
    "prices": [
      {
        "state": "NSW",
        "price": "2000",
        "price_per_unit": "2000",
        "price_unit": "G"
      },
      {
        "state": "VIC",
        "price": "2000",
        "price_per_unit": "2000",
        "price_unit": "G"
      },
      {
        "state": "QLD",
        "price": "2000",
        "price_per_unit": "2000",
        "price_unit": "G"
      },
      {
        "state": "WA",
        "price": "2000",
        "price_per_unit": "2000",
        "price_unit": "G"
      },
      {
        "state": "SA",
        "price": "2000",
        "price_per_unit": "2000",
        "price_unit": "G"
      },
      {
        "state": "TAS",
        "price": "2000",
        "price_per_unit": "2000",
        "price_unit": "G"
      },
      {
        "state": "ACT",
        "price": "2000",
        "price_per_unit": "2000",
        "price_unit": "G"
      },
      {
        "state": "NT",
        "price": "2000",
        "price_per_unit": "2000",
        "price_unit": "G"
      }
    ]
  },
  {
    "source_url": "https://www.woolworths.com.au/shop/productdetails/1074014987/bys-matte-creme-foundation-face-makeup-cosmetic-natural-beige-10g",
    "name": "BYS Matte Creme Foundation Face Makeup Cosmetic - Natural Beige 10g",
    "image_url": "https://cdn1.woolworths.media/content/wowproductimages/large/1074014987.jpg",
    "source_id": "Woolworths - 1074014987",
    "barcode": null,
    "shop": "Woolworths",
    "weight": "10G",
    "prices": [
      {
        "state": "NSW",
        "price": "2500",
        "price_per_unit": "2500",
        "price_unit": "G"
      },
      {
        "state": "VIC",
        "price": "2500",
        "price_per_unit": "2500",
        "price_unit": "G"
      },
      {
        "state": "QLD",
        "price": "2500",
        "price_per_unit": "2500",
        "price_unit": "G"
      },
      {
        "state": "WA",
        "price": "2500",
        "price_per_unit": "2500",
        "price_unit": "G"
      },
      {
        "state": "SA",
        "price": "2500",
        "price_per_unit": "2500",
        "price_unit": "G"
      },
      {
        "state": "TAS",
        "price": "2500",
        "price_per_unit": "2500",
        "price_unit": "G"
      },
      {
        "state": "ACT",
        "price": "2500",
        "price_per_unit": "2500",
        "price_unit": "G"
      },
      {
        "state": "NT",
        "price": "2500",
        "price_per_unit": "2500",
        "price_unit": "G"
      }
    ]
  },
  {
    "source_url": "https://www.woolworths.com.au/shop/productdetails/1074015023/bys-matte-creme-foundation-face-makeup-cosmetic-sand-beige-10g",
    "name": "BYS Matte Creme Foundation Face Makeup Cosmetic - Sand Beige 10g",
    "image_url": "https://cdn1.woolworths.media/content/wowproductimages/large/1074015023.jpg",
    "source_id": "Woolworths - 1074015023",
    "barcode": null,
    "shop": "Woolworths",
    "weight": "10G",
    "prices": [
      {
        "state": "NSW",
        "price": "2500",
        "price_per_unit": "2500",
        "price_unit": "G"
      },
      {
        "state": "VIC",
        "price": "2500",
        "price_per_unit": "2500",
        "price_unit": "G"
      },
      {
        "state": "QLD",
        "price": "2500",
        "price_per_unit": "2500",
        "price_unit": "G"
      },
      {
        "state": "WA",
        "price": "2500",
        "price_per_unit": "2500",
        "price_unit": "G"
      },
      {
        "state": "SA",
        "price": "2500",
        "price_per_unit": "2500",
        "price_unit": "G"
      },
      {
        "state": "TAS",
        "price": "2500",
        "price_per_unit": "2500",
        "price_unit": "G"
      },
      {
        "state": "ACT",
        "price": "2500",
        "price_per_unit": "2500",
        "price_unit": "G"
      },
      {
        "state": "NT",
        "price": "2500",
        "price_per_unit": "2500",
        "price_unit": "G"
      }
    ]
  },
  {
    "source_url": "https://www.woolworths.com.au/shop/productdetails/1074015055/bys-matte-finish-compact-powder-face-makeup-natural-beige-10g",
    "name": "BYS Matte Finish Compact Powder Face Makeup - Natural Beige 10g",
    "image_url": "https://cdn1.woolworths.media/content/wowproductimages/large/1074015055.jpg",
    "source_id": "Woolworths - 1074015055",
    "barcode": null,
    "shop": "Woolworths",
    "weight": "10G",
    "prices": [
      {
        "state": "NSW",
        "price": "2300",
        "price_per_unit": "2300",
        "price_unit": "G"
      },
      {
        "state": "VIC",
        "price": "2300",
        "price_per_unit": "2300",
        "price_unit": "G"
      },
      {
        "state": "QLD",
        "price": "2300",
        "price_per_unit": "2300",
        "price_unit": "G"
      },
      {
        "state": "WA",
        "price": "2300",
        "price_per_unit": "2300",
        "price_unit": "G"
      },
      {
        "state": "SA",
        "price": "2300",
        "price_per_unit": "2300",
        "price_unit": "G"
      },
      {
        "state": "TAS",
        "price": "2300",
        "price_per_unit": "2300",
        "price_unit": "G"
      },
      {
        "state": "ACT",
        "price": "2300",
        "price_per_unit": "2300",
        "price_unit": "G"
      },
      {
        "state": "NT",
        "price": "2300",
        "price_per_unit": "2300",
        "price_unit": "G"
      }
    ]
  },
  {
    "source_url": "https://www.woolworths.com.au/shop/productdetails/1074015191/bys-matte-finish-loose-powder-face-makeup-natural-beige-12g",
    "name": "BYS Matte Finish Loose Powder Face Makeup - Natural Beige 12g",
    "image_url": "https://cdn1.woolworths.media/content/wowproductimages/large/1074015191.jpg",
    "source_id": "Woolworths - 1074015191",
    "barcode": null,
    "shop": "Woolworths",
    "weight": "10G",
    "prices": [
      {
        "state": "NSW",
        "price": "2200",
        "price_per_unit": "1833",
        "price_unit": "G"
      },
      {
        "state": "VIC",
        "price": "2200",
        "price_per_unit": "1833",
        "price_unit": "G"
      },
      {
        "state": "QLD",
        "price": "2200",
        "price_per_unit": "1833",
        "price_unit": "G"
      },
      {
        "state": "WA",
        "price": "2200",
        "price_per_unit": "1833",
        "price_unit": "G"
      },
      {
        "state": "SA",
        "price": "2200",
        "price_per_unit": "1833",
        "price_unit": "G"
      },
      {
        "state": "TAS",
        "price": "2200",
        "price_per_unit": "1833",
        "price_unit": "G"
      },
      {
        "state": "ACT",
        "price": "2200",
        "price_per_unit": "1833",
        "price_unit": "G"
      },
      {
        "state": "NT",
        "price": "2200",
        "price_per_unit": "1833",
        "price_unit": "G"
      }
    ]
  },
  {
    "source_url": "https://www.woolworths.com.au/shop/productdetails/1074015244/bys-matte-liquid-foundation-full-coverage-face-makeup-classic-ivory-30ml",
    "name": "BYS Matte Liquid Foundation Full Coverage Face Makeup - Classic Ivory 30ml",
    "image_url": "https://cdn1.woolworths.media/content/wowproductimages/large/1074015244.jpg",
    "source_id": "Woolworths - 1074015244",
    "barcode": null,
    "shop": "Woolworths",
    "weight": "10ML",
    "prices": [
      {
        "state": "NSW",
        "price": "2500",
        "price_per_unit": "833",
        "price_unit": "ML"
      },
      {
        "state": "VIC",
        "price": "2500",
        "price_per_unit": "833",
        "price_unit": "ML"
      },
      {
        "state": "QLD",
        "price": "2500",
        "price_per_unit": "833",
        "price_unit": "ML"
      },
      {
        "state": "WA",
        "price": "2500",
        "price_per_unit": "833",
        "price_unit": "ML"
      },
      {
        "state": "SA",
        "price": "2500",
        "price_per_unit": "833",
        "price_unit": "ML"
      },
      {
        "state": "TAS",
        "price": "2500",
        "price_per_unit": "833",
        "price_unit": "ML"
      },
      {
        "state": "ACT",
        "price": "2500",
        "price_per_unit": "833",
        "price_unit": "ML"
      },
      {
        "state": "NT",
        "price": "2500",
        "price_per_unit": "833",
        "price_unit": "ML"
      }
    ]
  },
  {
    "source_url": "https://www.woolworths.com.au/shop/productdetails/1074015253/bys-matte-liquid-foundation-full-coverage-face-makeup-natural-beige-30ml",
    "name": "BYS Matte Liquid Foundation Full Coverage Face Makeup - Natural Beige 30ml",
    "image_url": "https://cdn1.woolworths.media/content/wowproductimages/large/1074015253.jpg",
    "source_id": "Woolworths - 1074015253",
    "barcode": null,
    "shop": "Woolworths",
    "weight": "10ML",
    "prices": [
      {
        "state": "NSW",
        "price": "2500",
        "price_per_unit": "833",
        "price_unit": "ML"
      },
      {
        "state": "VIC",
        "price": "2500",
        "price_per_unit": "833",
        "price_unit": "ML"
      },
      {
        "state": "QLD",
        "price": "2500",
        "price_per_unit": "833",
        "price_unit": "ML"
      },
      {
        "state": "WA",
        "price": "2500",
        "price_per_unit": "833",
        "price_unit": "ML"
      },
      {
        "state": "SA",
        "price": "2500",
        "price_per_unit": "833",
        "price_unit": "ML"
      },
      {
        "state": "TAS",
        "price": "2500",
        "price_per_unit": "833",
        "price_unit": "ML"
      },
      {
        "state": "ACT",
        "price": "2500",
        "price_per_unit": "833",
        "price_unit": "ML"
      },
      {
        "state": "NT",
        "price": "2500",
        "price_per_unit": "833",
        "price_unit": "ML"
      }
    ]
  },
  {
    "source_url": "https://www.woolworths.com.au/shop/productdetails/1074015226/bys-minerals-naturale-compact-foundation-medium-beige-10g",
    "name": "BYS Minerals Naturale Compact Foundation - Medium Beige 10g",
    "image_url": "https://cdn1.woolworths.media/content/wowproductimages/large/1074015226.jpg",
    "source_id": "Woolworths - 1074015226",
    "barcode": null,
    "shop": "Woolworths",
    "weight": "10G",
    "prices": [
      {
        "state": "NSW",
        "price": "1900",
        "price_per_unit": "1900",
        "price_unit": "G"
      },
      {
        "state": "VIC",
        "price": "1900",
        "price_per_unit": "1900",
        "price_unit": "G"
      },
      {
        "state": "QLD",
        "price": "1900",
        "price_per_unit": "1900",
        "price_unit": "G"
      },
      {
        "state": "WA",
        "price": "1900",
        "price_per_unit": "1900",
        "price_unit": "G"
      },
      {
        "state": "SA",
        "price": "1900",
        "price_per_unit": "1900",
        "price_unit": "G"
      },
      {
        "state": "TAS",
        "price": "1900",
        "price_per_unit": "1900",
        "price_unit": "G"
      },
      {
        "state": "ACT",
        "price": "1900",
        "price_per_unit": "1900",
        "price_unit": "G"
      },
      {
        "state": "NT",
        "price": "1900",
        "price_per_unit": "1900",
        "price_unit": "G"
      }
    ]
  },
  {
    "source_url": "https://www.woolworths.com.au/shop/productdetails/1074015215/bys-minerals-naturale-compact-foundation-sand-beige-10g",
    "name": "BYS Minerals Naturale Compact Foundation - Sand Beige 10g",
    "image_url": "https://cdn1.woolworths.media/content/wowproductimages/large/1074015215.jpg",
    "source_id": "Woolworths - 1074015215",
    "barcode": null,
    "shop": "Woolworths",
    "weight": "10G",
    "prices": [
      {
        "state": "NSW",
        "price": "1900",
        "price_per_unit": "1900",
        "price_unit": "G"
      },
      {
        "state": "VIC",
        "price": "1900",
        "price_per_unit": "1900",
        "price_unit": "G"
      },
      {
        "state": "QLD",
        "price": "1900",
        "price_per_unit": "1900",
        "price_unit": "G"
      },
      {
        "state": "WA",
        "price": "1900",
        "price_per_unit": "1900",
        "price_unit": "G"
      },
      {
        "state": "SA",
        "price": "1900",
        "price_per_unit": "1900",
        "price_unit": "G"
      },
      {
        "state": "TAS",
        "price": "1900",
        "price_per_unit": "1900",
        "price_unit": "G"
      },
      {
        "state": "ACT",
        "price": "1900",
        "price_per_unit": "1900",
        "price_unit": "G"
      },
      {
        "state": "NT",
        "price": "1900",
        "price_per_unit": "1900",
        "price_unit": "G"
      }
    ]
  },
  {
    "source_url": "https://www.woolworths.com.au/shop/productdetails/1074014968/bys-pure-silk-illuminating-drops-makeup-cosmetic-sun-glow-23ml",
    "name": "BYS Pure Silk Illuminating Drops Makeup Cosmetic - Sun Glow 23ml",
    "image_url": "https://cdn1.woolworths.media/content/wowproductimages/large/1074014968.jpg",
    "source_id": "Woolworths - 1074014968",
    "barcode": null,
    "shop": "Woolworths",
    "weight": "10ML",
    "prices": [
      {
        "state": "NSW",
        "price": "2500",
        "price_per_unit": "1087",
        "price_unit": "ML"
      },
      {
        "state": "VIC",
        "price": "2500",
        "price_per_unit": "1087",
        "price_unit": "ML"
      },
      {
        "state": "QLD",
        "price": "2500",
        "price_per_unit": "1087",
        "price_unit": "ML"
      },
      {
        "state": "WA",
        "price": "2500",
        "price_per_unit": "1087",
        "price_unit": "ML"
      },
      {
        "state": "SA",
        "price": "2500",
        "price_per_unit": "1087",
        "price_unit": "ML"
      },
      {
        "state": "TAS",
        "price": "2500",
        "price_per_unit": "1087",
        "price_unit": "ML"
      },
      {
        "state": "ACT",
        "price": "2500",
        "price_per_unit": "1087",
        "price_unit": "ML"
      },
      {
        "state": "NT",
        "price": "2500",
        "price_per_unit": "1087",
        "price_unit": "ML"
      }
    ]
  },
  {
    "source_url": "https://www.woolworths.com.au/shop/productdetails/1074014959/bys-pure-silk-illuminating-drops-makeup-cosmetic-very-berry-glow-23ml",
    "name": "BYS Pure Silk Illuminating Drops Makeup Cosmetic - Very Berry Glow 23ml",
    "image_url": "https://cdn1.woolworths.media/content/wowproductimages/large/1074014959.jpg",
    "source_id": "Woolworths - 1074014959",
    "barcode": null,
    "shop": "Woolworths",
    "weight": "10ML",
    "prices": [
      {
        "state": "NSW",
        "price": "2000",
        "price_per_unit": "870",
        "price_unit": "ML"
      },
      {
        "state": "VIC",
        "price": "2000",
        "price_per_unit": "870",
        "price_unit": "ML"
      },
      {
        "state": "QLD",
        "price": "2000",
        "price_per_unit": "870",
        "price_unit": "ML"
      },
      {
        "state": "WA",
        "price": "2000",
        "price_per_unit": "870",
        "price_unit": "ML"
      },
      {
        "state": "SA",
        "price": "2000",
        "price_per_unit": "870",
        "price_unit": "ML"
      },
      {
        "state": "TAS",
        "price": "2000",
        "price_per_unit": "870",
        "price_unit": "ML"
      },
      {
        "state": "ACT",
        "price": "2000",
        "price_per_unit": "870",
        "price_unit": "ML"
      },
      {
        "state": "NT",
        "price": "2000",
        "price_per_unit": "870",
        "price_unit": "ML"
      }
    ]
  },
  {
    "source_url": "https://www.woolworths.com.au/shop/productdetails/1074015116/bys-pure-silk-serum-foundation-buildable-coverage-true-beige-23ml",
    "name": "BYS Pure Silk Serum Foundation Buildable Coverage - True Beige 23ml",
    "image_url": "https://cdn1.woolworths.media/content/wowproductimages/large/1074015116.jpg",
    "source_id": "Woolworths - 1074015116",
    "barcode": null,
    "shop": "Woolworths",
    "weight": "10ML",
    "prices": [
      {
        "state": "NSW",
        "price": "2300",
        "price_per_unit": "1000",
        "price_unit": "ML"
      },
      {
        "state": "VIC",
        "price": "2300",
        "price_per_unit": "1000",
        "price_unit": "ML"
      },
      {
        "state": "QLD",
        "price": "2300",
        "price_per_unit": "1000",
        "price_unit": "ML"
      },
      {
        "state": "WA",
        "price": "2300",
        "price_per_unit": "1000",
        "price_unit": "ML"
      },
      {
        "state": "SA",
        "price": "2300",
        "price_per_unit": "1000",
        "price_unit": "ML"
      },
      {
        "state": "TAS",
        "price": "2300",
        "price_per_unit": "1000",
        "price_unit": "ML"
      },
      {
        "state": "ACT",
        "price": "2300",
        "price_per_unit": "1000",
        "price_unit": "ML"
      },
      {
        "state": "NT",
        "price": "2300",
        "price_per_unit": "1000",
        "price_unit": "ML"
      }
    ]
  },
  {
    "source_url": "https://www.woolworths.com.au/shop/productdetails/1074014980/bys-roll-on-shimmer-face-body-makeup-cosmetic-atlantic-blue-2-8g",
    "name": "BYS Roll On Shimmer Face/Body Makeup Cosmetic - Atlantic Blue 2.8g",
    "image_url": "https://cdn1.woolworths.media/content/wowproductimages/large/1074014980.jpg",
    "source_id": "Woolworths - 1074014980",
    "barcode": null,
    "shop": "Woolworths",
    "weight": "10G",
    "prices": [
      {
        "state": "NSW",
        "price": "2100",
        "price_per_unit": "7500",
        "price_unit": "G"
      },
      {
        "state": "VIC",
        "price": "2100",
        "price_per_unit": "7500",
        "price_unit": "G"
      },
      {
        "state": "QLD",
        "price": "2100",
        "price_per_unit": "7500",
        "price_unit": "G"
      },
      {
        "state": "WA",
        "price": "2100",
        "price_per_unit": "7500",
        "price_unit": "G"
      },
      {
        "state": "SA",
        "price": "2100",
        "price_per_unit": "7500",
        "price_unit": "G"
      },
      {
        "state": "TAS",
        "price": "2100",
        "price_per_unit": "7500",
        "price_unit": "G"
      },
      {
        "state": "ACT",
        "price": "2100",
        "price_per_unit": "7500",
        "price_unit": "G"
      },
      {
        "state": "NT",
        "price": "2100",
        "price_per_unit": "7500",
        "price_unit": "G"
      }
    ]
  },
  {
    "source_url": "https://www.woolworths.com.au/shop/productdetails/1074014992/bys-roll-on-shimmer-face-body-makeup-cosmetic-deep-terracotta-2-8g",
    "name": "BYS Roll On Shimmer Face/Body Makeup Cosmetic - Deep Terracotta 2.8g",
    "image_url": "https://cdn1.woolworths.media/content/wowproductimages/large/1074014992.jpg",
    "source_id": "Woolworths - 1074014992",
    "barcode": null,
    "shop": "Woolworths",
    "weight": "10G",
    "prices": [
      {
        "state": "NSW",
        "price": "1600",
        "price_per_unit": "5714",
        "price_unit": "G"
      },
      {
        "state": "VIC",
        "price": "1600",
        "price_per_unit": "5714",
        "price_unit": "G"
      },
      {
        "state": "QLD",
        "price": "1600",
        "price_per_unit": "5714",
        "price_unit": "G"
      },
      {
        "state": "WA",
        "price": "1600",
        "price_per_unit": "5714",
        "price_unit": "G"
      },
      {
        "state": "SA",
        "price": "1600",
        "price_per_unit": "5714",
        "price_unit": "G"
      },
      {
        "state": "TAS",
        "price": "1600",
        "price_per_unit": "5714",
        "price_unit": "G"
      },
      {
        "state": "ACT",
        "price": "1600",
        "price_per_unit": "5714",
        "price_unit": "G"
      },
      {
        "state": "NT",
        "price": "1600",
        "price_per_unit": "5714",
        "price_unit": "G"
      }
    ]
  },
  {
    "source_url": "https://www.woolworths.com.au/shop/productdetails/1074015000/bys-roll-on-shimmer-face-body-makeup-cosmetic-electric-silver-2-8g",
    "name": "BYS Roll On Shimmer Face/Body Makeup Cosmetic - Electric Silver 2.8g",
    "image_url": "https://cdn1.woolworths.media/content/wowproductimages/large/1074015000.jpg",
    "source_id": "Woolworths - 1074015000",
    "barcode": null,
    "shop": "Woolworths",
    "weight": "10G",
    "prices": [
      {
        "state": "NSW",
        "price": "2100",
        "price_per_unit": "7500",
        "price_unit": "G"
      },
      {
        "state": "VIC",
        "price": "2100",
        "price_per_unit": "7500",
        "price_unit": "G"
      },
      {
        "state": "QLD",
        "price": "2100",
        "price_per_unit": "7500",
        "price_unit": "G"
      },
      {
        "state": "WA",
        "price": "2100",
        "price_per_unit": "7500",
        "price_unit": "G"
      },
      {
        "state": "SA",
        "price": "2100",
        "price_per_unit": "7500",
        "price_unit": "G"
      },
      {
        "state": "TAS",
        "price": "2100",
        "price_per_unit": "7500",
        "price_unit": "G"
      },
      {
        "state": "ACT",
        "price": "2100",
        "price_per_unit": "7500",
        "price_unit": "G"
      },
      {
        "state": "NT",
        "price": "2100",
        "price_per_unit": "7500",
        "price_unit": "G"
      }
    ]
  },
  {
    "source_url": "https://www.woolworths.com.au/shop/productdetails/1074015008/bys-roll-on-shimmer-face-body-makeup-cosmetic-olive-green-2-8g",
    "name": "BYS Roll On Shimmer Face/Body Makeup Cosmetic - Olive Green 2.8g",
    "image_url": "https://cdn1.woolworths.media/content/wowproductimages/large/1074015008.jpg",
    "source_id": "Woolworths - 1074015008",
    "barcode": null,
    "shop": "Woolworths",
    "weight": "10G",
    "prices": [
      {
        "state": "NSW",
        "price": "2100",
        "price_per_unit": "7500",
        "price_unit": "G"
      },
      {
        "state": "VIC",
        "price": "2100",
        "price_per_unit": "7500",
        "price_unit": "G"
      },
      {
        "state": "QLD",
        "price": "2100",
        "price_per_unit": "7500",
        "price_unit": "G"
      },
      {
        "state": "WA",
        "price": "2100",
        "price_per_unit": "7500",
        "price_unit": "G"
      },
      {
        "state": "SA",
        "price": "2100",
        "price_per_unit": "7500",
        "price_unit": "G"
      },
      {
        "state": "TAS",
        "price": "2100",
        "price_per_unit": "7500",
        "price_unit": "G"
      },
      {
        "state": "ACT",
        "price": "2100",
        "price_per_unit": "7500",
        "price_unit": "G"
      },
      {
        "state": "NT",
        "price": "2100",
        "price_per_unit": "7500",
        "price_unit": "G"
      }
    ]
  },
  {
    "source_url": "https://www.woolworths.com.au/shop/productdetails/1074015019/bys-roll-on-shimmer-face-body-makeup-cosmetic-snow-white-2-8g",
    "name": "BYS Roll On Shimmer Face/Body Makeup Cosmetic - Snow White 2.8g",
    "image_url": "https://cdn1.woolworths.media/content/wowproductimages/large/1074015019.jpg",
    "source_id": "Woolworths - 1074015019",
    "barcode": null,
    "shop": "Woolworths",
    "weight": "10G",
    "prices": [
      {
        "state": "NSW",
        "price": "2200",
        "price_per_unit": "7857",
        "price_unit": "G"
      },
      {
        "state": "VIC",
        "price": "2200",
        "price_per_unit": "7857",
        "price_unit": "G"
      },
      {
        "state": "QLD",
        "price": "2200",
        "price_per_unit": "7857",
        "price_unit": "G"
      },
      {
        "state": "WA",
        "price": "2200",
        "price_per_unit": "7857",
        "price_unit": "G"
      },
      {
        "state": "SA",
        "price": "2200",
        "price_per_unit": "7857",
        "price_unit": "G"
      },
      {
        "state": "TAS",
        "price": "2200",
        "price_per_unit": "7857",
        "price_unit": "G"
      },
      {
        "state": "ACT",
        "price": "2200",
        "price_per_unit": "7857",
        "price_unit": "G"
      },
      {
        "state": "NT",
        "price": "2200",
        "price_per_unit": "7857",
        "price_unit": "G"
      }
    ]
  },
  {
    "source_url": "https://www.woolworths.com.au/shop/productdetails/1074015145/bys-sweet-cheeks-face-palette-makeup-12-shades-1-8g",
    "name": "BYS Sweet Cheeks Face Palette Makeup 12 Shades 1.8g",
    "image_url": "https://cdn1.woolworths.media/content/wowproductimages/large/1074015145.jpg",
    "source_id": "Woolworths - 1074015145",
    "barcode": null,
    "shop": "Woolworths",
    "weight": "10G",
    "prices": [
      {
        "state": "NSW",
        "price": "2500",
        "price_per_unit": "13889",
        "price_unit": "G"
      },
      {
        "state": "VIC",
        "price": "2500",
        "price_per_unit": "13889",
        "price_unit": "G"
      },
      {
        "state": "QLD",
        "price": "2500",
        "price_per_unit": "13889",
        "price_unit": "G"
      },
      {
        "state": "WA",
        "price": "2500",
        "price_per_unit": "13889",
        "price_unit": "G"
      },
      {
        "state": "SA",
        "price": "2500",
        "price_per_unit": "13889",
        "price_unit": "G"
      },
      {
        "state": "TAS",
        "price": "2500",
        "price_per_unit": "13889",
        "price_unit": "G"
      },
      {
        "state": "ACT",
        "price": "2500",
        "price_per_unit": "13889",
        "price_unit": "G"
      },
      {
        "state": "NT",
        "price": "2500",
        "price_per_unit": "13889",
        "price_unit": "G"
      }
    ]
  },
  {
    "source_url": "https://www.woolworths.com.au/shop/productdetails/1074015067/bys-translucent-loose-powder-makeup-cosmetics-natural-18g",
    "name": "BYS Translucent Loose Powder Makeup Cosmetics - Natural 18g",
    "image_url": "https://cdn1.woolworths.media/content/wowproductimages/large/1074015067.jpg",
    "source_id": "Woolworths - 1074015067",
    "barcode": null,
    "shop": "Woolworths",
    "weight": "1EA",
    "prices": [
      {
        "state": "NSW",
        "price": "2400",
        "price_per_unit": "2400",
        "price_unit": "EA"
      },
      {
        "state": "VIC",
        "price": "2400",
        "price_per_unit": "2400",
        "price_unit": "EA"
      },
      {
        "state": "QLD",
        "price": "2400",
        "price_per_unit": "2400",
        "price_unit": "EA"
      },
      {
        "state": "WA",
        "price": "2400",
        "price_per_unit": "2400",
        "price_unit": "EA"
      },
      {
        "state": "SA",
        "price": "2400",
        "price_per_unit": "2400",
        "price_unit": "EA"
      },
      {
        "state": "TAS",
        "price": "2400",
        "price_per_unit": "2400",
        "price_unit": "EA"
      },
      {
        "state": "ACT",
        "price": "2400",
        "price_per_unit": "2400",
        "price_unit": "EA"
      },
      {
        "state": "NT",
        "price": "2400",
        "price_per_unit": "2400",
        "price_unit": "EA"
      }
    ]
  },
  {
    "source_url": "https://www.woolworths.com.au/shop/productdetails/1074015267/bys-tube-liquid-foundation-buildable-coverage-face-makeup-light-2pk-30ml",
    "name": "BYS Tube Liquid Foundation Buildable Coverage Face Makeup - Light 2PK 30ml",
    "image_url": "https://cdn1.woolworths.media/content/wowproductimages/large/1074015267.jpg",
    "source_id": "Woolworths - 1074015267",
    "barcode": null,
    "shop": "Woolworths",
    "weight": "10ML",
    "prices": [
      {
        "state": "NSW",
        "price": "2400",
        "price_per_unit": "800",
        "price_unit": "ML"
      },
      {
        "state": "VIC",
        "price": "2400",
        "price_per_unit": "800",
        "price_unit": "ML"
      },
      {
        "state": "QLD",
        "price": "2400",
        "price_per_unit": "800",
        "price_unit": "ML"
      },
      {
        "state": "WA",
        "price": "2400",
        "price_per_unit": "800",
        "price_unit": "ML"
      },
      {
        "state": "SA",
        "price": "2400",
        "price_per_unit": "800",
        "price_unit": "ML"
      },
      {
        "state": "TAS",
        "price": "2400",
        "price_per_unit": "800",
        "price_unit": "ML"
      },
      {
        "state": "ACT",
        "price": "2400",
        "price_per_unit": "800",
        "price_unit": "ML"
      },
      {
        "state": "NT",
        "price": "2400",
        "price_per_unit": "800",
        "price_unit": "ML"
      }
    ]
  },
  {
    "source_url": "https://www.woolworths.com.au/shop/productdetails/1074015277/bys-tube-liquid-foundation-buildable-coverage-face-makeup-medium-2pk-30ml",
    "name": "BYS Tube Liquid Foundation Buildable Coverage Face Makeup - Medium 2PK 30ml",
    "image_url": "https://cdn1.woolworths.media/content/wowproductimages/large/1074015277.jpg",
    "source_id": "Woolworths - 1074015277",
    "barcode": null,
    "shop": "Woolworths",
    "weight": "1EA",
    "prices": [
      {
        "state": "NSW",
        "price": "2300",
        "price_per_unit": "1150",
        "price_unit": "EA"
      },
      {
        "state": "VIC",
        "price": "2300",
        "price_per_unit": "1150",
        "price_unit": "EA"
      },
      {
        "state": "QLD",
        "price": "2300",
        "price_per_unit": "1150",
        "price_unit": "EA"
      },
      {
        "state": "WA",
        "price": "2300",
        "price_per_unit": "1150",
        "price_unit": "EA"
      },
      {
        "state": "SA",
        "price": "2300",
        "price_per_unit": "1150",
        "price_unit": "EA"
      },
      {
        "state": "TAS",
        "price": "2300",
        "price_per_unit": "1150",
        "price_unit": "EA"
      },
      {
        "state": "ACT",
        "price": "2300",
        "price_per_unit": "1150",
        "price_unit": "EA"
      },
      {
        "state": "NT",
        "price": "2300",
        "price_per_unit": "1150",
        "price_unit": "EA"
      }
    ]
  },
  {
    "source_url": "https://www.woolworths.com.au/shop/productdetails/1074014958/bys-tube-liquid-foundation-creamy-blendable-makeup-medium-to-dark-2pk-30ml",
    "name": "BYS Tube Liquid Foundation Creamy Blendable Makeup - Medium to Dark 2PK 30ml",
    "image_url": "https://cdn1.woolworths.media/content/wowproductimages/large/1074014958.jpg",
    "source_id": "Woolworths - 1074014958",
    "barcode": null,
    "shop": "Woolworths",
    "weight": "1EA",
    "prices": [
      {
        "state": "NSW",
        "price": "2200",
        "price_per_unit": "1100",
        "price_unit": "EA"
      },
      {
        "state": "VIC",
        "price": "2200",
        "price_per_unit": "1100",
        "price_unit": "EA"
      },
      {
        "state": "QLD",
        "price": "2200",
        "price_per_unit": "1100",
        "price_unit": "EA"
      },
      {
        "state": "WA",
        "price": "2200",
        "price_per_unit": "1100",
        "price_unit": "EA"
      },
      {
        "state": "SA",
        "price": "2200",
        "price_per_unit": "1100",
        "price_unit": "EA"
      },
      {
        "state": "TAS",
        "price": "2200",
        "price_per_unit": "1100",
        "price_unit": "EA"
      },
      {
        "state": "ACT",
        "price": "2200",
        "price_per_unit": "1100",
        "price_unit": "EA"
      },
      {
        "state": "NT",
        "price": "2200",
        "price_per_unit": "1100",
        "price_unit": "EA"
      }
    ]
  },
  {
    "source_url": "https://www.woolworths.com.au/shop/productdetails/1074015079/bys-two-way-wet-dry-cake-foundation-medium-beige-7g",
    "name": "BYS Two-Way Wet & Dry Cake Foundation - Medium Beige 7g",
    "image_url": "https://cdn1.woolworths.media/content/wowproductimages/large/1074015079.jpg",
    "source_id": "Woolworths - 1074015079",
    "barcode": null,
    "shop": "Woolworths",
    "weight": "10G",
    "prices": [
      {
        "state": "NSW",
        "price": "2400",
        "price_per_unit": "3429",
        "price_unit": "G"
      },
      {
        "state": "VIC",
        "price": "2400",
        "price_per_unit": "3429",
        "price_unit": "G"
      },
      {
        "state": "QLD",
        "price": "2400",
        "price_per_unit": "3429",
        "price_unit": "G"
      },
      {
        "state": "WA",
        "price": "2400",
        "price_per_unit": "3429",
        "price_unit": "G"
      },
      {
        "state": "SA",
        "price": "2400",
        "price_per_unit": "3429",
        "price_unit": "G"
      },
      {
        "state": "TAS",
        "price": "2400",
        "price_per_unit": "3429",
        "price_unit": "G"
      },
      {
        "state": "ACT",
        "price": "2400",
        "price_per_unit": "3429",
        "price_unit": "G"
      },
      {
        "state": "NT",
        "price": "2400",
        "price_per_unit": "3429",
        "price_unit": "G"
      }
    ]
  },
  {
    "source_url": "https://www.woolworths.com.au/shop/productdetails/1074015088/bys-two-way-wet-dry-cake-foundation-sand-beige-8g",
    "name": "BYS Two-Way Wet & Dry Cake Foundation - Sand Beige 8g",
    "image_url": "https://cdn1.woolworths.media/content/wowproductimages/large/1074015088.jpg",
    "source_id": "Woolworths - 1074015088",
    "barcode": null,
    "shop": "Woolworths",
    "weight": "10G",
    "prices": [
      {
        "state": "NSW",
        "price": "2400",
        "price_per_unit": "3000",
        "price_unit": "G"
      },
      {
        "state": "VIC",
        "price": "2400",
        "price_per_unit": "3000",
        "price_unit": "G"
      },
      {
        "state": "QLD",
        "price": "2400",
        "price_per_unit": "3000",
        "price_unit": "G"
      },
      {
        "state": "WA",
        "price": "2400",
        "price_per_unit": "3000",
        "price_unit": "G"
      },
      {
        "state": "SA",
        "price": "2400",
        "price_per_unit": "3000",
        "price_unit": "G"
      },
      {
        "state": "TAS",
        "price": "2400",
        "price_per_unit": "3000",
        "price_unit": "G"
      },
      {
        "state": "ACT",
        "price": "2400",
        "price_per_unit": "3000",
        "price_unit": "G"
      },
      {
        "state": "NT",
        "price": "2400",
        "price_per_unit": "3000",
        "price_unit": "G"
      }
    ]
  },
  {
    "source_url": "https://www.woolworths.com.au/shop/productdetails/1074543730/calvin-klein-escape-eau-de-parfum-spray-100ml",
    "name": "Calvin Klein Escape Eau De Parfum Spray 100ml",
    "image_url": "https://cdn1.woolworths.media/content/wowproductimages/large/1074543730.jpg",
    "source_id": "Woolworths - 1074543730",
    "barcode": null,
    "shop": "Woolworths",
    "weight": "10ML",
    "prices": [
      {
        "state": "NSW",
        "price": "12870",
        "price_per_unit": "1287",
        "price_unit": "ML"
      },
      {
        "state": "VIC",
        "price": "12870",
        "price_per_unit": "1287",
        "price_unit": "ML"
      },
      {
        "state": "QLD",
        "price": "12870",
        "price_per_unit": "1287",
        "price_unit": "ML"
      },
      {
        "state": "WA",
        "price": "12870",
        "price_per_unit": "1287",
        "price_unit": "ML"
      },
      {
        "state": "SA",
        "price": "12870",
        "price_per_unit": "1287",
        "price_unit": "ML"
      },
      {
        "state": "TAS",
        "price": "12870",
        "price_per_unit": "1287",
        "price_unit": "ML"
      },
      {
        "state": "ACT",
        "price": "12870",
        "price_per_unit": "1287",
        "price_unit": "ML"
      },
      {
        "state": "NT",
        "price": "12870",
        "price_per_unit": "1287",
        "price_unit": "ML"
      }
    ]
  },
  {
    "source_url": "https://www.woolworths.com.au/shop/productdetails/1074925037/cargo-hd-picture-perfect-illuminating-palette-3x3-6g-0-13oz",
    "name": "Cargo HD Picture Perfect Illuminating Palette 3x3.6g/0.13oz",
    "image_url": "https://cdn1.woolworths.media/content/wowproductimages/large/1074925037.jpg",
    "source_id": "Woolworths - 1074925037",
    "barcode": null,
    "shop": "Woolworths",
    "weight": "10G",
    "prices": [
      {
        "state": "NSW",
        "price": "3600",
        "price_per_unit": "10000",
        "price_unit": "G"
      },
      {
        "state": "VIC",
        "price": "3600",
        "price_per_unit": "10000",
        "price_unit": "G"
      },
      {
        "state": "QLD",
        "price": "3600",
        "price_per_unit": "10000",
        "price_unit": "G"
      },
      {
        "state": "WA",
        "price": "3600",
        "price_per_unit": "10000",
        "price_unit": "G"
      },
      {
        "state": "SA",
        "price": "3600",
        "price_per_unit": "10000",
        "price_unit": "G"
      },
      {
        "state": "TAS",
        "price": "3600",
        "price_per_unit": "10000",
        "price_unit": "G"
      },
      {
        "state": "ACT",
        "price": "3600",
        "price_per_unit": "10000",
        "price_unit": "G"
      },
      {
        "state": "NT",
        "price": "3600",
        "price_per_unit": "10000",
        "price_unit": "G"
      }
    ]
  },
  {
    "source_url": "https://www.woolworths.com.au/shop/productdetails/1074925039/cargo-liquid-foundation-60-creamy-cafe-au-lait-40ml-1-33oz",
    "name": "Cargo Liquid Foundation - # 60 (Creamy Cafe Au Lait) 40ml/1.33oz",
    "image_url": "https://cdn1.woolworths.media/content/wowproductimages/large/1074925039.jpg",
    "source_id": "Woolworths - 1074925039",
    "barcode": null,
    "shop": "Woolworths",
    "weight": "10ML",
    "prices": [
      {
        "state": "NSW",
        "price": "5900",
        "price_per_unit": "1475",
        "price_unit": "ML"
      },
      {
        "state": "VIC",
        "price": "5900",
        "price_per_unit": "1475",
        "price_unit": "ML"
      },
      {
        "state": "QLD",
        "price": "5900",
        "price_per_unit": "1475",
        "price_unit": "ML"
      },
      {
        "state": "WA",
        "price": "5900",
        "price_per_unit": "1475",
        "price_unit": "ML"
      },
      {
        "state": "SA",
        "price": "5900",
        "price_per_unit": "1475",
        "price_unit": "ML"
      },
      {
        "state": "TAS",
        "price": "5900",
        "price_per_unit": "1475",
        "price_unit": "ML"
      },
      {
        "state": "ACT",
        "price": "5900",
        "price_per_unit": "1475",
        "price_unit": "ML"
      },
      {
        "state": "NT",
        "price": "5900",
        "price_per_unit": "1475",
        "price_unit": "ML"
      }
    ]
  },
  {
    "source_url": "https://www.woolworths.com.au/shop/productdetails/1074925041/cargo-swimmables-longwear-foundation-50-30ml-1oz",
    "name": "Cargo Swimmables Longwear Foundation - # 50 30ml/1oz",
    "image_url": "https://cdn1.woolworths.media/content/wowproductimages/large/1074925041.jpg",
    "source_id": "Woolworths - 1074925041",
    "barcode": null,
    "shop": "Woolworths",
    "weight": "10ML",
    "prices": [
      {
        "state": "NSW",
        "price": "5800",
        "price_per_unit": "1933",
        "price_unit": "ML"
      },
      {
        "state": "VIC",
        "price": "5800",
        "price_per_unit": "1933",
        "price_unit": "ML"
      },
      {
        "state": "QLD",
        "price": "5800",
        "price_per_unit": "1933",
        "price_unit": "ML"
      },
      {
        "state": "WA",
        "price": "5800",
        "price_per_unit": "1933",
        "price_unit": "ML"
      },
      {
        "state": "SA",
        "price": "5800",
        "price_per_unit": "1933",
        "price_unit": "ML"
      },
      {
        "state": "TAS",
        "price": "5800",
        "price_per_unit": "1933",
        "price_unit": "ML"
      },
      {
        "state": "ACT",
        "price": "5800",
        "price_per_unit": "1933",
        "price_unit": "ML"
      },
      {
        "state": "NT",
        "price": "5800",
        "price_per_unit": "1933",
        "price_unit": "ML"
      }
    ]
  },
  {
    "source_url": "https://www.woolworths.com.au/shop/productdetails/1074925059/chanel-le-correcteur-de-chanel-longwear-colour-corrector-abricot-7-5g-0-26oz",
    "name": "Chanel Le Correcteur De Chanel Longwear Colour Corrector - # Abricot 7.5g/0.26oz",
    "image_url": "https://cdn1.woolworths.media/content/wowproductimages/large/1074925059.jpg",
    "source_id": "Woolworths - 1074925059",
    "barcode": null,
    "shop": "Woolworths",
    "weight": "10G",
    "prices": [
      {
        "state": "NSW",
        "price": "9200",
        "price_per_unit": "12267",
        "price_unit": "G"
      },
      {
        "state": "VIC",
        "price": "9200",
        "price_per_unit": "12267",
        "price_unit": "G"
      },
      {
        "state": "QLD",
        "price": "9200",
        "price_per_unit": "12267",
        "price_unit": "G"
      },
      {
        "state": "WA",
        "price": "9200",
        "price_per_unit": "12267",
        "price_unit": "G"
      },
      {
        "state": "SA",
        "price": "9200",
        "price_per_unit": "12267",
        "price_unit": "G"
      },
      {
        "state": "TAS",
        "price": "9200",
        "price_per_unit": "12267",
        "price_unit": "G"
      },
      {
        "state": "ACT",
        "price": "9200",
        "price_per_unit": "12267",
        "price_unit": "G"
      },
      {
        "state": "NT",
        "price": "9200",
        "price_per_unit": "12267",
        "price_unit": "G"
      }
    ]
  },
  {
    "source_url": "https://www.woolworths.com.au/shop/productdetails/1074925061/chanel-le-correcteur-de-chanel-longwear-concealer-b30-7-5g-0-26oz",
    "name": "Chanel Le Correcteur De Chanel Longwear Concealer - # B30 7.5g/0.26oz",
    "image_url": "https://cdn1.woolworths.media/content/wowproductimages/large/1074925061.jpg",
    "source_id": "Woolworths - 1074925061",
    "barcode": null,
    "shop": "Woolworths",
    "weight": "10G",
    "prices": [
      {
        "state": "NSW",
        "price": "9200",
        "price_per_unit": "12267",
        "price_unit": "G"
      },
      {
        "state": "VIC",
        "price": "9200",
        "price_per_unit": "12267",
        "price_unit": "G"
      },
      {
        "state": "QLD",
        "price": "9200",
        "price_per_unit": "12267",
        "price_unit": "G"
      },
      {
        "state": "WA",
        "price": "9200",
        "price_per_unit": "12267",
        "price_unit": "G"
      },
      {
        "state": "SA",
        "price": "9200",
        "price_per_unit": "12267",
        "price_unit": "G"
      },
      {
        "state": "TAS",
        "price": "9200",
        "price_per_unit": "12267",
        "price_unit": "G"
      },
      {
        "state": "ACT",
        "price": "9200",
        "price_per_unit": "12267",
        "price_unit": "G"
      },
      {
        "state": "NT",
        "price": "9200",
        "price_per_unit": "12267",
        "price_unit": "G"
      }
    ]
  },
  {
    "source_url": "https://www.woolworths.com.au/shop/productdetails/1074925062/chanel-le-correcteur-de-chanel-longwear-concealer-b40-7-5g-0-26oz",
    "name": "Chanel Le Correcteur De Chanel Longwear Concealer - # B40 7.5g/0.26oz",
    "image_url": "https://cdn1.woolworths.media/content/wowproductimages/large/1074925062.jpg",
    "source_id": "Woolworths - 1074925062",
    "barcode": null,
    "shop": "Woolworths",
    "weight": "10G",
    "prices": [
      {
        "state": "NSW",
        "price": "9200",
        "price_per_unit": "12267",
        "price_unit": "G"
      },
      {
        "state": "VIC",
        "price": "9200",
        "price_per_unit": "12267",
        "price_unit": "G"
      },
      {
        "state": "QLD",
        "price": "9200",
        "price_per_unit": "12267",
        "price_unit": "G"
      },
      {
        "state": "WA",
        "price": "9200",
        "price_per_unit": "12267",
        "price_unit": "G"
      },
      {
        "state": "SA",
        "price": "9200",
        "price_per_unit": "12267",
        "price_unit": "G"
      },
      {
        "state": "TAS",
        "price": "9200",
        "price_per_unit": "12267",
        "price_unit": "G"
      },
      {
        "state": "ACT",
        "price": "9200",
        "price_per_unit": "12267",
        "price_unit": "G"
      },
      {
        "state": "NT",
        "price": "9200",
        "price_per_unit": "12267",
        "price_unit": "G"
      }
    ]
  },
  {
    "source_url": "https://www.woolworths.com.au/shop/productdetails/1074925063/chanel-le-correcteur-de-chanel-longwear-concealer-bd121-7-5g-0-26oz",
    "name": "Chanel Le Correcteur De Chanel Longwear Concealer - # BD121 7.5g/0.26oz",
    "image_url": "https://cdn1.woolworths.media/content/wowproductimages/large/1074925063.jpg",
    "source_id": "Woolworths - 1074925063",
    "barcode": null,
    "shop": "Woolworths",
    "weight": "10G",
    "prices": [
      {
        "state": "NSW",
        "price": "8100",
        "price_per_unit": "10800",
        "price_unit": "G"
      },
      {
        "state": "VIC",
        "price": "8100",
        "price_per_unit": "10800",
        "price_unit": "G"
      },
      {
        "state": "QLD",
        "price": "8100",
        "price_per_unit": "10800",
        "price_unit": "G"
      },
      {
        "state": "WA",
        "price": "8100",
        "price_per_unit": "10800",
        "price_unit": "G"
      },
      {
        "state": "SA",
        "price": "8100",
        "price_per_unit": "10800",
        "price_unit": "G"
      },
      {
        "state": "TAS",
        "price": "8100",
        "price_per_unit": "10800",
        "price_unit": "G"
      },
      {
        "state": "ACT",
        "price": "8100",
        "price_per_unit": "10800",
        "price_unit": "G"
      },
      {
        "state": "NT",
        "price": "8100",
        "price_per_unit": "10800",
        "price_unit": "G"
      }
    ]
  },
  {
    "source_url": "https://www.woolworths.com.au/shop/productdetails/1074925064/chanel-le-correcteur-de-chanel-longwear-concealer-br132-7-5g-0-26oz",
    "name": "Chanel Le Correcteur De Chanel Longwear Concealer - # BR132 7.5g/0.26oz",
    "image_url": "https://cdn1.woolworths.media/content/wowproductimages/large/1074925064.jpg",
    "source_id": "Woolworths - 1074925064",
    "barcode": null,
    "shop": "Woolworths",
    "weight": "10G",
    "prices": [
      {
        "state": "NSW",
        "price": "8100",
        "price_per_unit": "10800",
        "price_unit": "G"
      },
      {
        "state": "VIC",
        "price": "8100",
        "price_per_unit": "10800",
        "price_unit": "G"
      },
      {
        "state": "QLD",
        "price": "8100",
        "price_per_unit": "10800",
        "price_unit": "G"
      },
      {
        "state": "WA",
        "price": "8100",
        "price_per_unit": "10800",
        "price_unit": "G"
      },
      {
        "state": "SA",
        "price": "8100",
        "price_per_unit": "10800",
        "price_unit": "G"
      },
      {
        "state": "TAS",
        "price": "8100",
        "price_per_unit": "10800",
        "price_unit": "G"
      },
      {
        "state": "ACT",
        "price": "8100",
        "price_per_unit": "10800",
        "price_unit": "G"
      },
      {
        "state": "NT",
        "price": "8100",
        "price_per_unit": "10800",
        "price_unit": "G"
      }
    ]
  },
  {
    "source_url": "https://www.woolworths.com.au/shop/productdetails/1074925098/chanel-les-beiges-teint-belle-mine-naturelle-healthy-glow-hydration-and-longwear-foundation-b30-30ml-1oz",
    "name": "Chanel Les Beiges Teint Belle Mine Naturelle Healthy Glow Hydration And Longwear Foundation - # B30 30ml/1oz",
    "image_url": "https://cdn1.woolworths.media/content/wowproductimages/large/1074925098.jpg",
    "source_id": "Woolworths - 1074925098",
    "barcode": null,
    "shop": "Woolworths",
    "weight": "10ML",
    "prices": [
      {
        "state": "NSW",
        "price": "11500",
        "price_per_unit": "3833",
        "price_unit": "ML"
      },
      {
        "state": "VIC",
        "price": "11500",
        "price_per_unit": "3833",
        "price_unit": "ML"
      },
      {
        "state": "QLD",
        "price": "11500",
        "price_per_unit": "3833",
        "price_unit": "ML"
      },
      {
        "state": "WA",
        "price": "11500",
        "price_per_unit": "3833",
        "price_unit": "ML"
      },
      {
        "state": "SA",
        "price": "11500",
        "price_per_unit": "3833",
        "price_unit": "ML"
      },
      {
        "state": "TAS",
        "price": "11500",
        "price_per_unit": "3833",
        "price_unit": "ML"
      },
      {
        "state": "ACT",
        "price": "11500",
        "price_per_unit": "3833",
        "price_unit": "ML"
      },
      {
        "state": "NT",
        "price": "11500",
        "price_per_unit": "3833",
        "price_unit": "ML"
      }
    ]
  },
  {
    "source_url": "https://www.woolworths.com.au/shop/productdetails/1075105216/chanel-les-beiges-water-fresh-blush-intense-coral-15ml-0-5oz",
    "name": "Chanel Les Beiges Water Fresh Blush - # Intense Coral 15ml/0.5oz",
    "image_url": "https://cdn1.woolworths.media/content/wowproductimages/large/1075105216.jpg",
    "source_id": "Woolworths - 1075105216",
    "barcode": null,
    "shop": "Woolworths",
    "weight": "10ML",
    "prices": [
      {
        "state": "NSW",
        "price": "11100",
        "price_per_unit": "7400",
        "price_unit": "ML"
      },
      {
        "state": "VIC",
        "price": "11100",
        "price_per_unit": "7400",
        "price_unit": "ML"
      },
      {
        "state": "QLD",
        "price": "11100",
        "price_per_unit": "7400",
        "price_unit": "ML"
      },
      {
        "state": "WA",
        "price": "11100",
        "price_per_unit": "7400",
        "price_unit": "ML"
      },
      {
        "state": "SA",
        "price": "11100",
        "price_per_unit": "7400",
        "price_unit": "ML"
      },
      {
        "state": "TAS",
        "price": "11100",
        "price_per_unit": "7400",
        "price_unit": "ML"
      },
      {
        "state": "ACT",
        "price": "11100",
        "price_per_unit": "7400",
        "price_unit": "ML"
      },
      {
        "state": "NT",
        "price": "11100",
        "price_per_unit": "7400",
        "price_unit": "ML"
      }
    ]
  },
  {
    "source_url": "https://www.woolworths.com.au/shop/productdetails/1075121694/chanel-n-1-de-chanel-red-camellia-revitalizing-foundation-b20-30ml-1oz",
    "name": "Chanel N1 De Chanel Red Camellia Revitalizing Foundation - # B20 30ml/1oz",
    "image_url": "https://cdn1.woolworths.media/content/wowproductimages/large/1075121694.jpg",
    "source_id": "Woolworths - 1075121694",
    "barcode": null,
    "shop": "Woolworths",
    "weight": "10ML",
    "prices": [
      {
        "state": "NSW",
        "price": "17600",
        "price_per_unit": "5867",
        "price_unit": "ML"
      },
      {
        "state": "VIC",
        "price": "17600",
        "price_per_unit": "5867",
        "price_unit": "ML"
      },
      {
        "state": "QLD",
        "price": "17600",
        "price_per_unit": "5867",
        "price_unit": "ML"
      },
      {
        "state": "WA",
        "price": "17600",
        "price_per_unit": "5867",
        "price_unit": "ML"
      },
      {
        "state": "SA",
        "price": "17600",
        "price_per_unit": "5867",
        "price_unit": "ML"
      },
      {
        "state": "TAS",
        "price": "17600",
        "price_per_unit": "5867",
        "price_unit": "ML"
      },
      {
        "state": "ACT",
        "price": "17600",
        "price_per_unit": "5867",
        "price_unit": "ML"
      },
      {
        "state": "NT",
        "price": "17600",
        "price_per_unit": "5867",
        "price_unit": "ML"
      }
    ]
  },
  {
    "source_url": "https://www.woolworths.com.au/shop/productdetails/1075121695/chanel-n-1-de-chanel-red-camellia-revitalizing-foundation-b30-30ml-1oz",
    "name": "Chanel N1 De Chanel Red Camellia Revitalizing Foundation - # B30 30ml/1oz",
    "image_url": "https://cdn1.woolworths.media/content/wowproductimages/large/1075121695.jpg",
    "source_id": "Woolworths - 1075121695",
    "barcode": null,
    "shop": "Woolworths",
    "weight": "10ML",
    "prices": [
      {
        "state": "NSW",
        "price": "17600",
        "price_per_unit": "5867",
        "price_unit": "ML"
      },
      {
        "state": "VIC",
        "price": "17600",
        "price_per_unit": "5867",
        "price_unit": "ML"
      },
      {
        "state": "QLD",
        "price": "17600",
        "price_per_unit": "5867",
        "price_unit": "ML"
      },
      {
        "state": "WA",
        "price": "17600",
        "price_per_unit": "5867",
        "price_unit": "ML"
      },
      {
        "state": "SA",
        "price": "17600",
        "price_per_unit": "5867",
        "price_unit": "ML"
      },
      {
        "state": "TAS",
        "price": "17600",
        "price_per_unit": "5867",
        "price_unit": "ML"
      },
      {
        "state": "ACT",
        "price": "17600",
        "price_per_unit": "5867",
        "price_unit": "ML"
      },
      {
        "state": "NT",
        "price": "17600",
        "price_per_unit": "5867",
        "price_unit": "ML"
      }
    ]
  },
  {
    "source_url": "https://www.woolworths.com.au/shop/productdetails/1075121702/chanel-n-1-de-chanel-red-camellia-revitalizing-foundation-br12-30ml-1oz",
    "name": "Chanel N1 De Chanel Red Camellia Revitalizing Foundation - # BR12 30ml/1oz",
    "image_url": "https://cdn1.woolworths.media/content/wowproductimages/large/1075121702.jpg",
    "source_id": "Woolworths - 1075121702",
    "barcode": null,
    "shop": "Woolworths",
    "weight": "10ML",
    "prices": [
      {
        "state": "NSW",
        "price": "17600",
        "price_per_unit": "5867",
        "price_unit": "ML"
      },
      {
        "state": "VIC",
        "price": "17600",
        "price_per_unit": "5867",
        "price_unit": "ML"
      },
      {
        "state": "QLD",
        "price": "17600",
        "price_per_unit": "5867",
        "price_unit": "ML"
      },
      {
        "state": "WA",
        "price": "17600",
        "price_per_unit": "5867",
        "price_unit": "ML"
      },
      {
        "state": "SA",
        "price": "17600",
        "price_per_unit": "5867",
        "price_unit": "ML"
      },
      {
        "state": "TAS",
        "price": "17600",
        "price_per_unit": "5867",
        "price_unit": "ML"
      },
      {
        "state": "ACT",
        "price": "17600",
        "price_per_unit": "5867",
        "price_unit": "ML"
      },
      {
        "state": "NT",
        "price": "17600",
        "price_per_unit": "5867",
        "price_unit": "ML"
      }
    ]
  },
  {
    "source_url": "https://www.woolworths.com.au/shop/productdetails/1074925110/chanel-poudre-lumiere-highlighting-powder-10-ivory-gold-8-5g-0-3oz",
    "name": "Chanel Poudre Lumiere Highlighting Powder - # 10 Ivory Gold 8.5g/0.3oz",
    "image_url": "https://cdn1.woolworths.media/content/wowproductimages/large/1074925110.jpg",
    "source_id": "Woolworths - 1074925110",
    "barcode": null,
    "shop": "Woolworths",
    "weight": "10G",
    "prices": [
      {
        "state": "NSW",
        "price": "11000",
        "price_per_unit": "12941",
        "price_unit": "G"
      },
      {
        "state": "VIC",
        "price": "11000",
        "price_per_unit": "12941",
        "price_unit": "G"
      },
      {
        "state": "QLD",
        "price": "11000",
        "price_per_unit": "12941",
        "price_unit": "G"
      },
      {
        "state": "WA",
        "price": "11000",
        "price_per_unit": "12941",
        "price_unit": "G"
      },
      {
        "state": "SA",
        "price": "11000",
        "price_per_unit": "12941",
        "price_unit": "G"
      },
      {
        "state": "TAS",
        "price": "11000",
        "price_per_unit": "12941",
        "price_unit": "G"
      },
      {
        "state": "ACT",
        "price": "11000",
        "price_per_unit": "12941",
        "price_unit": "G"
      },
      {
        "state": "NT",
        "price": "11000",
        "price_per_unit": "12941",
        "price_unit": "G"
      }
    ]
  },
  {
    "source_url": "https://www.woolworths.com.au/shop/productdetails/1074925111/chanel-poudre-lumiere-highlighting-powder-20-warm-gold-8-5g-0-3oz",
    "name": "Chanel Poudre Lumiere Highlighting Powder - # 20 Warm Gold 8.5g/0.3oz",
    "image_url": "https://cdn1.woolworths.media/content/wowproductimages/large/1074925111.jpg",
    "source_id": "Woolworths - 1074925111",
    "barcode": null,
    "shop": "Woolworths",
    "weight": "10G",
    "prices": [
      {
        "state": "NSW",
        "price": "11700",
        "price_per_unit": "13765",
        "price_unit": "G"
      },
      {
        "state": "VIC",
        "price": "11700",
        "price_per_unit": "13765",
        "price_unit": "G"
      },
      {
        "state": "QLD",
        "price": "11700",
        "price_per_unit": "13765",
        "price_unit": "G"
      },
      {
        "state": "WA",
        "price": "11700",
        "price_per_unit": "13765",
        "price_unit": "G"
      },
      {
        "state": "SA",
        "price": "11700",
        "price_per_unit": "13765",
        "price_unit": "G"
      },
      {
        "state": "TAS",
        "price": "11700",
        "price_per_unit": "13765",
        "price_unit": "G"
      },
      {
        "state": "ACT",
        "price": "11700",
        "price_per_unit": "13765",
        "price_unit": "G"
      },
      {
        "state": "NT",
        "price": "11700",
        "price_per_unit": "13765",
        "price_unit": "G"
      }
    ]
  },
  {
    "source_url": "https://www.woolworths.com.au/shop/productdetails/1074925114/chanel-powder-blush-no-430-foschia-rosa-6g-0-21oz",
    "name": "Chanel Powder Blush - No. 430 Foschia Rosa 6g/0.21oz",
    "image_url": "https://cdn1.woolworths.media/content/wowproductimages/large/1074925114.jpg",
    "source_id": "Woolworths - 1074925114",
    "barcode": null,
    "shop": "Woolworths",
    "weight": "10G",
    "prices": [
      {
        "state": "NSW",
        "price": "10700",
        "price_per_unit": "17833",
        "price_unit": "G"
      },
      {
        "state": "VIC",
        "price": "10700",
        "price_per_unit": "17833",
        "price_unit": "G"
      },
      {
        "state": "QLD",
        "price": "10700",
        "price_per_unit": "17833",
        "price_unit": "G"
      },
      {
        "state": "WA",
        "price": "10700",
        "price_per_unit": "17833",
        "price_unit": "G"
      },
      {
        "state": "SA",
        "price": "10700",
        "price_per_unit": "17833",
        "price_unit": "G"
      },
      {
        "state": "TAS",
        "price": "10700",
        "price_per_unit": "17833",
        "price_unit": "G"
      },
      {
        "state": "ACT",
        "price": "10700",
        "price_per_unit": "17833",
        "price_unit": "G"
      },
      {
        "state": "NT",
        "price": "10700",
        "price_per_unit": "17833",
        "price_unit": "G"
      }
    ]
  },
  {
    "source_url": "https://www.woolworths.com.au/shop/productdetails/1074925115/chanel-powder-blush-no-71-malice-3-5g-0-12oz",
    "name": "Chanel Powder Blush - No. 71 Malice 3.5g/0.12oz",
    "image_url": "https://cdn1.woolworths.media/content/wowproductimages/large/1074925115.jpg",
    "source_id": "Woolworths - 1074925115",
    "barcode": null,
    "shop": "Woolworths",
    "weight": "10G",
    "prices": [
      {
        "state": "NSW",
        "price": "11300",
        "price_per_unit": "32286",
        "price_unit": "G"
      },
      {
        "state": "VIC",
        "price": "11300",
        "price_per_unit": "32286",
        "price_unit": "G"
      },
      {
        "state": "QLD",
        "price": "11300",
        "price_per_unit": "32286",
        "price_unit": "G"
      },
      {
        "state": "WA",
        "price": "11300",
        "price_per_unit": "32286",
        "price_unit": "G"
      },
      {
        "state": "SA",
        "price": "11300",
        "price_per_unit": "32286",
        "price_unit": "G"
      },
      {
        "state": "TAS",
        "price": "11300",
        "price_per_unit": "32286",
        "price_unit": "G"
      },
      {
        "state": "ACT",
        "price": "11300",
        "price_per_unit": "32286",
        "price_unit": "G"
      },
      {
        "state": "NT",
        "price": "11300",
        "price_per_unit": "32286",
        "price_unit": "G"
      }
    ]
  },
  {
    "source_url": "https://www.woolworths.com.au/shop/productdetails/1074925116/chanel-powder-blush-no-72-rose-initiale-3-5g-0-12oz",
    "name": "Chanel Powder Blush - No. 72 Rose Initiale 3.5g/0.12oz",
    "image_url": "https://cdn1.woolworths.media/content/wowproductimages/large/1074925116.jpg",
    "source_id": "Woolworths - 1074925116",
    "barcode": null,
    "shop": "Woolworths",
    "weight": "10G",
    "prices": [
      {
        "state": "NSW",
        "price": "11300",
        "price_per_unit": "32286",
        "price_unit": "G"
      },
      {
        "state": "VIC",
        "price": "11300",
        "price_per_unit": "32286",
        "price_unit": "G"
      },
      {
        "state": "QLD",
        "price": "11300",
        "price_per_unit": "32286",
        "price_unit": "G"
      },
      {
        "state": "WA",
        "price": "11300",
        "price_per_unit": "32286",
        "price_unit": "G"
      },
      {
        "state": "SA",
        "price": "11300",
        "price_per_unit": "32286",
        "price_unit": "G"
      },
      {
        "state": "TAS",
        "price": "11300",
        "price_per_unit": "32286",
        "price_unit": "G"
      },
      {
        "state": "ACT",
        "price": "11300",
        "price_per_unit": "32286",
        "price_unit": "G"
      },
      {
        "state": "NT",
        "price": "11300",
        "price_per_unit": "32286",
        "price_unit": "G"
      }
    ]
  },
  {
    "source_url": "https://www.woolworths.com.au/shop/productdetails/1074925194/chanel-ultra-le-teint-ultrawear-all-day-comfort-flawless-finish-foundation-b10-30ml-1oz",
    "name": "Chanel Ultra Le Teint Ultrawear All Day Comfort Flawless Finish Foundation - # B10 30ml/1oz",
    "image_url": "https://cdn1.woolworths.media/content/wowproductimages/large/1074925194.jpg",
    "source_id": "Woolworths - 1074925194",
    "barcode": null,
    "shop": "Woolworths",
    "weight": "10ML",
    "prices": [
      {
        "state": "NSW",
        "price": "11100",
        "price_per_unit": "3700",
        "price_unit": "ML"
      },
      {
        "state": "VIC",
        "price": "11100",
        "price_per_unit": "3700",
        "price_unit": "ML"
      },
      {
        "state": "QLD",
        "price": "11100",
        "price_per_unit": "3700",
        "price_unit": "ML"
      },
      {
        "state": "WA",
        "price": "11100",
        "price_per_unit": "3700",
        "price_unit": "ML"
      },
      {
        "state": "SA",
        "price": "11100",
        "price_per_unit": "3700",
        "price_unit": "ML"
      },
      {
        "state": "TAS",
        "price": "11100",
        "price_per_unit": "3700",
        "price_unit": "ML"
      },
      {
        "state": "ACT",
        "price": "11100",
        "price_per_unit": "3700",
        "price_unit": "ML"
      },
      {
        "state": "NT",
        "price": "11100",
        "price_per_unit": "3700",
        "price_unit": "ML"
      }
    ]
  },
  {
    "source_url": "https://www.woolworths.com.au/shop/productdetails/1074925195/chanel-ultra-le-teint-ultrawear-all-day-comfort-flawless-finish-foundation-b20-30ml-1oz",
    "name": "Chanel Ultra Le Teint Ultrawear All Day Comfort Flawless Finish Foundation - # B20 30ml/1oz",
    "image_url": "https://cdn1.woolworths.media/content/wowproductimages/large/1074925195.jpg",
    "source_id": "Woolworths - 1074925195",
    "barcode": null,
    "shop": "Woolworths",
    "weight": "10ML",
    "prices": [
      {
        "state": "NSW",
        "price": "11100",
        "price_per_unit": "3700",
        "price_unit": "ML"
      },
      {
        "state": "VIC",
        "price": "11100",
        "price_per_unit": "3700",
        "price_unit": "ML"
      },
      {
        "state": "QLD",
        "price": "11100",
        "price_per_unit": "3700",
        "price_unit": "ML"
      },
      {
        "state": "WA",
        "price": "11100",
        "price_per_unit": "3700",
        "price_unit": "ML"
      },
      {
        "state": "SA",
        "price": "11100",
        "price_per_unit": "3700",
        "price_unit": "ML"
      },
      {
        "state": "TAS",
        "price": "11100",
        "price_per_unit": "3700",
        "price_unit": "ML"
      },
      {
        "state": "ACT",
        "price": "11100",
        "price_per_unit": "3700",
        "price_unit": "ML"
      },
      {
        "state": "NT",
        "price": "11100",
        "price_per_unit": "3700",
        "price_unit": "ML"
      }
    ]
  },
  {
    "source_url": "https://www.woolworths.com.au/shop/productdetails/1074925196/chanel-ultra-le-teint-ultrawear-all-day-comfort-flawless-finish-foundation-b30-30ml-1oz",
    "name": "Chanel Ultra Le Teint Ultrawear All Day Comfort Flawless Finish Foundation - # B30 30ml/1oz",
    "image_url": "https://cdn1.woolworths.media/content/wowproductimages/large/1074925196.jpg",
    "source_id": "Woolworths - 1074925196",
    "barcode": null,
    "shop": "Woolworths",
    "weight": "10ML",
    "prices": [
      {
        "state": "NSW",
        "price": "11800",
        "price_per_unit": "3933",
        "price_unit": "ML"
      },
      {
        "state": "VIC",
        "price": "11800",
        "price_per_unit": "3933",
        "price_unit": "ML"
      },
      {
        "state": "QLD",
        "price": "11800",
        "price_per_unit": "3933",
        "price_unit": "ML"
      },
      {
        "state": "WA",
        "price": "11800",
        "price_per_unit": "3933",
        "price_unit": "ML"
      },
      {
        "state": "SA",
        "price": "11800",
        "price_per_unit": "3933",
        "price_unit": "ML"
      },
      {
        "state": "TAS",
        "price": "11800",
        "price_per_unit": "3933",
        "price_unit": "ML"
      },
      {
        "state": "ACT",
        "price": "11800",
        "price_per_unit": "3933",
        "price_unit": "ML"
      },
      {
        "state": "NT",
        "price": "11800",
        "price_per_unit": "3933",
        "price_unit": "ML"
      }
    ]
  },
  {
    "source_url": "https://www.woolworths.com.au/shop/productdetails/1074925197/chanel-ultra-le-teint-ultrawear-all-day-comfort-flawless-finish-foundation-b40-30ml-1oz",
    "name": "Chanel Ultra Le Teint Ultrawear All Day Comfort Flawless Finish Foundation - # B40 30ml/1oz",
    "image_url": "https://cdn1.woolworths.media/content/wowproductimages/large/1074925197.jpg",
    "source_id": "Woolworths - 1074925197",
    "barcode": null,
    "shop": "Woolworths",
    "weight": "10ML",
    "prices": [
      {
        "state": "NSW",
        "price": "11100",
        "price_per_unit": "3700",
        "price_unit": "ML"
      },
      {
        "state": "VIC",
        "price": "11100",
        "price_per_unit": "3700",
        "price_unit": "ML"
      },
      {
        "state": "QLD",
        "price": "11100",
        "price_per_unit": "3700",
        "price_unit": "ML"
      },
      {
        "state": "WA",
        "price": "11100",
        "price_per_unit": "3700",
        "price_unit": "ML"
      },
      {
        "state": "SA",
        "price": "11100",
        "price_per_unit": "3700",
        "price_unit": "ML"
      },
      {
        "state": "TAS",
        "price": "11100",
        "price_per_unit": "3700",
        "price_unit": "ML"
      },
      {
        "state": "ACT",
        "price": "11100",
        "price_per_unit": "3700",
        "price_unit": "ML"
      },
      {
        "state": "NT",
        "price": "11100",
        "price_per_unit": "3700",
        "price_unit": "ML"
      }
    ]
  },
  {
    "source_url": "https://www.woolworths.com.au/shop/productdetails/1074925198/chanel-ultra-le-teint-ultrawear-all-day-comfort-flawless-finish-foundation-b50-30ml-1oz",
    "name": "Chanel Ultra Le Teint Ultrawear All Day Comfort Flawless Finish Foundation - # B50 30ml/1oz",
    "image_url": "https://cdn1.woolworths.media/content/wowproductimages/large/1074925198.jpg",
    "source_id": "Woolworths - 1074925198",
    "barcode": null,
    "shop": "Woolworths",
    "weight": "10ML",
    "prices": [
      {
        "state": "NSW",
        "price": "11800",
        "price_per_unit": "3933",
        "price_unit": "ML"
      },
      {
        "state": "VIC",
        "price": "11800",
        "price_per_unit": "3933",
        "price_unit": "ML"
      },
      {
        "state": "QLD",
        "price": "11800",
        "price_per_unit": "3933",
        "price_unit": "ML"
      },
      {
        "state": "WA",
        "price": "11800",
        "price_per_unit": "3933",
        "price_unit": "ML"
      },
      {
        "state": "SA",
        "price": "11800",
        "price_per_unit": "3933",
        "price_unit": "ML"
      },
      {
        "state": "TAS",
        "price": "11800",
        "price_per_unit": "3933",
        "price_unit": "ML"
      },
      {
        "state": "ACT",
        "price": "11800",
        "price_per_unit": "3933",
        "price_unit": "ML"
      },
      {
        "state": "NT",
        "price": "11800",
        "price_per_unit": "3933",
        "price_unit": "ML"
      }
    ]
  },
  {
    "source_url": "https://www.woolworths.com.au/shop/productdetails/1075993472/chantecaille-compact-makeup-powder-foundation-camel-10g-0-35oz",
    "name": "Chantecaille Compact Makeup Powder Foundation - Camel 10g/0.35oz",
    "image_url": "https://cdn1.woolworths.media/content/wowproductimages/large/default.png",
    "source_id": "Woolworths - 1075993472",
    "barcode": null,
    "shop": "Woolworths",
    "weight": "10G",
    "prices": [
      {
        "state": "NSW",
        "price": "15000",
        "price_per_unit": "15000",
        "price_unit": "G"
      },
      {
        "state": "VIC",
        "price": "15000",
        "price_per_unit": "15000",
        "price_unit": "G"
      },
      {
        "state": "QLD",
        "price": "15000",
        "price_per_unit": "15000",
        "price_unit": "G"
      },
      {
        "state": "WA",
        "price": "15000",
        "price_per_unit": "15000",
        "price_unit": "G"
      },
      {
        "state": "SA",
        "price": "15000",
        "price_per_unit": "15000",
        "price_unit": "G"
      },
      {
        "state": "TAS",
        "price": "15000",
        "price_per_unit": "15000",
        "price_unit": "G"
      },
      {
        "state": "ACT",
        "price": "15000",
        "price_per_unit": "15000",
        "price_unit": "G"
      },
      {
        "state": "NT",
        "price": "15000",
        "price_per_unit": "15000",
        "price_unit": "G"
      }
    ]
  },
  {
    "source_url": "https://www.woolworths.com.au/shop/productdetails/1074925259/chantecaille-future-skin-oil-free-gel-foundation-banana-30g-1oz",
    "name": "Chantecaille Future Skin Oil Free Gel Foundation - Banana 30g/1oz",
    "image_url": "https://cdn1.woolworths.media/content/wowproductimages/large/1074925259.jpg",
    "source_id": "Woolworths - 1074925259",
    "barcode": null,
    "shop": "Woolworths",
    "weight": "10G",
    "prices": [
      {
        "state": "NSW",
        "price": "14500",
        "price_per_unit": "4833",
        "price_unit": "G"
      },
      {
        "state": "VIC",
        "price": "14500",
        "price_per_unit": "4833",
        "price_unit": "G"
      },
      {
        "state": "QLD",
        "price": "14500",
        "price_per_unit": "4833",
        "price_unit": "G"
      },
      {
        "state": "WA",
        "price": "14500",
        "price_per_unit": "4833",
        "price_unit": "G"
      },
      {
        "state": "SA",
        "price": "14500",
        "price_per_unit": "4833",
        "price_unit": "G"
      },
      {
        "state": "TAS",
        "price": "14500",
        "price_per_unit": "4833",
        "price_unit": "G"
      },
      {
        "state": "ACT",
        "price": "14500",
        "price_per_unit": "4833",
        "price_unit": "G"
      },
      {
        "state": "NT",
        "price": "14500",
        "price_per_unit": "4833",
        "price_unit": "G"
      }
    ]
  },
  {
    "source_url": "https://www.woolworths.com.au/shop/productdetails/1075993477/chantecaille-future-skin-oil-free-gel-foundation-ivory-30g-1oz",
    "name": "Chantecaille Future Skin Oil Free Gel Foundation - Ivory 30g/1oz",
    "image_url": "https://cdn1.woolworths.media/content/wowproductimages/large/default.png",
    "source_id": "Woolworths - 1075993477",
    "barcode": null,
    "shop": "Woolworths",
    "weight": "10G",
    "prices": [
      {
        "state": "NSW",
        "price": "16600",
        "price_per_unit": "5533",
        "price_unit": "G"
      },
      {
        "state": "VIC",
        "price": "16600",
        "price_per_unit": "5533",
        "price_unit": "G"
      },
      {
        "state": "QLD",
        "price": "16600",
        "price_per_unit": "5533",
        "price_unit": "G"
      },
      {
        "state": "WA",
        "price": "16600",
        "price_per_unit": "5533",
        "price_unit": "G"
      },
      {
        "state": "SA",
        "price": "16600",
        "price_per_unit": "5533",
        "price_unit": "G"
      },
      {
        "state": "TAS",
        "price": "16600",
        "price_per_unit": "5533",
        "price_unit": "G"
      },
      {
        "state": "ACT",
        "price": "16600",
        "price_per_unit": "5533",
        "price_unit": "G"
      },
      {
        "state": "NT",
        "price": "16600",
        "price_per_unit": "5533",
        "price_unit": "G"
      }
    ]
  },
  {
    "source_url": "https://www.woolworths.com.au/shop/productdetails/1075993478/chantecaille-future-skin-oil-free-gel-foundation-sand-30g-1oz",
    "name": "Chantecaille Future Skin Oil Free Gel Foundation - Sand 30g/1oz",
    "image_url": "https://cdn1.woolworths.media/content/wowproductimages/large/default.png",
    "source_id": "Woolworths - 1075993478",
    "barcode": null,
    "shop": "Woolworths",
    "weight": "10G",
    "prices": [
      {
        "state": "NSW",
        "price": "16600",
        "price_per_unit": "5533",
        "price_unit": "G"
      },
      {
        "state": "VIC",
        "price": "16600",
        "price_per_unit": "5533",
        "price_unit": "G"
      },
      {
        "state": "QLD",
        "price": "16600",
        "price_per_unit": "5533",
        "price_unit": "G"
      },
      {
        "state": "WA",
        "price": "16600",
        "price_per_unit": "5533",
        "price_unit": "G"
      },
      {
        "state": "SA",
        "price": "16600",
        "price_per_unit": "5533",
        "price_unit": "G"
      },
      {
        "state": "TAS",
        "price": "16600",
        "price_per_unit": "5533",
        "price_unit": "G"
      },
      {
        "state": "ACT",
        "price": "16600",
        "price_per_unit": "5533",
        "price_unit": "G"
      },
      {
        "state": "NT",
        "price": "16600",
        "price_per_unit": "5533",
        "price_unit": "G"
      }
    ]
  },
  {
    "source_url": "https://www.woolworths.com.au/shop/productdetails/1074925260/chantecaille-future-skin-oil-free-gel-foundation-suntan-30g-1oz",
    "name": "Chantecaille Future Skin Oil Free Gel Foundation - Suntan 30g/1oz",
    "image_url": "https://cdn1.woolworths.media/content/wowproductimages/large/1074925260.jpg",
    "source_id": "Woolworths - 1074925260",
    "barcode": null,
    "shop": "Woolworths",
    "weight": "10G",
    "prices": [
      {
        "state": "NSW",
        "price": "14500",
        "price_per_unit": "4833",
        "price_unit": "G"
      },
      {
        "state": "VIC",
        "price": "14500",
        "price_per_unit": "4833",
        "price_unit": "G"
      },
      {
        "state": "QLD",
        "price": "14500",
        "price_per_unit": "4833",
        "price_unit": "G"
      },
      {
        "state": "WA",
        "price": "14500",
        "price_per_unit": "4833",
        "price_unit": "G"
      },
      {
        "state": "SA",
        "price": "14500",
        "price_per_unit": "4833",
        "price_unit": "G"
      },
      {
        "state": "TAS",
        "price": "14500",
        "price_per_unit": "4833",
        "price_unit": "G"
      },
      {
        "state": "ACT",
        "price": "14500",
        "price_per_unit": "4833",
        "price_unit": "G"
      },
      {
        "state": "NT",
        "price": "14500",
        "price_per_unit": "4833",
        "price_unit": "G"
      }
    ]
  },
  {
    "source_url": "https://www.woolworths.com.au/shop/productdetails/1075993479/chantecaille-future-skin-oil-free-gel-foundation-wheat-30g-1oz",
    "name": "Chantecaille Future Skin Oil Free Gel Foundation - Wheat 30g/1oz",
    "image_url": "https://cdn1.woolworths.media/content/wowproductimages/large/default.png",
    "source_id": "Woolworths - 1075993479",
    "barcode": null,
    "shop": "Woolworths",
    "weight": "10G",
    "prices": [
      {
        "state": "NSW",
        "price": "16600",
        "price_per_unit": "5533",
        "price_unit": "G"
      },
      {
        "state": "VIC",
        "price": "16600",
        "price_per_unit": "5533",
        "price_unit": "G"
      },
      {
        "state": "QLD",
        "price": "16600",
        "price_per_unit": "5533",
        "price_unit": "G"
      },
      {
        "state": "WA",
        "price": "16600",
        "price_per_unit": "5533",
        "price_unit": "G"
      },
      {
        "state": "SA",
        "price": "16600",
        "price_per_unit": "5533",
        "price_unit": "G"
      },
      {
        "state": "TAS",
        "price": "16600",
        "price_per_unit": "5533",
        "price_unit": "G"
      },
      {
        "state": "ACT",
        "price": "16600",
        "price_per_unit": "5533",
        "price_unit": "G"
      },
      {
        "state": "NT",
        "price": "16600",
        "price_per_unit": "5533",
        "price_unit": "G"
      }
    ]
  },
  {
    "source_url": "https://www.woolworths.com.au/shop/productdetails/1075993480/chantecaille-le-camouflage-stylo-anti-fatigue-corrector-pen-3-1-8ml-0-06oz",
    "name": "Chantecaille Le Camouflage Stylo Anti Fatigue Corrector Pen - #3 1.8ml/0.06oz",
    "image_url": "https://cdn1.woolworths.media/content/wowproductimages/large/default.png",
    "source_id": "Woolworths - 1075993480",
    "barcode": null,
    "shop": "Woolworths",
    "weight": "10ML",
    "prices": [
      {
        "state": "NSW",
        "price": "11200",
        "price_per_unit": "62222",
        "price_unit": "ML"
      },
      {
        "state": "VIC",
        "price": "11200",
        "price_per_unit": "62222",
        "price_unit": "ML"
      },
      {
        "state": "QLD",
        "price": "11200",
        "price_per_unit": "62222",
        "price_unit": "ML"
      },
      {
        "state": "WA",
        "price": "11200",
        "price_per_unit": "62222",
        "price_unit": "ML"
      },
      {
        "state": "SA",
        "price": "11200",
        "price_per_unit": "62222",
        "price_unit": "ML"
      },
      {
        "state": "TAS",
        "price": "11200",
        "price_per_unit": "62222",
        "price_unit": "ML"
      },
      {
        "state": "ACT",
        "price": "11200",
        "price_per_unit": "62222",
        "price_unit": "ML"
      },
      {
        "state": "NT",
        "price": "11200",
        "price_per_unit": "62222",
        "price_unit": "ML"
      }
    ]
  },
  {
    "source_url": "https://www.woolworths.com.au/shop/productdetails/1074925303/charlotte-tilbury-charlotte-s-beautiful-skin-foundation-3-neutral-30ml-1oz",
    "name": "Charlotte Tilbury Charlotte's Beautiful Skin Foundation - # 3 Neutral 30ml/1oz",
    "image_url": "https://cdn1.woolworths.media/content/wowproductimages/large/1074925303.jpg",
    "source_id": "Woolworths - 1074925303",
    "barcode": null,
    "shop": "Woolworths",
    "weight": "10ML",
    "prices": [
      {
        "state": "NSW",
        "price": "11200",
        "price_per_unit": "3733",
        "price_unit": "ML"
      },
      {
        "state": "VIC",
        "price": "11200",
        "price_per_unit": "3733",
        "price_unit": "ML"
      },
      {
        "state": "QLD",
        "price": "11200",
        "price_per_unit": "3733",
        "price_unit": "ML"
      },
      {
        "state": "WA",
        "price": "11200",
        "price_per_unit": "3733",
        "price_unit": "ML"
      },
      {
        "state": "SA",
        "price": "11200",
        "price_per_unit": "3733",
        "price_unit": "ML"
      },
      {
        "state": "TAS",
        "price": "11200",
        "price_per_unit": "3733",
        "price_unit": "ML"
      },
      {
        "state": "ACT",
        "price": "11200",
        "price_per_unit": "3733",
        "price_unit": "ML"
      },
      {
        "state": "NT",
        "price": "11200",
        "price_per_unit": "3733",
        "price_unit": "ML"
      }
    ]
  },
  {
    "source_url": "https://www.woolworths.com.au/shop/productdetails/1074925305/charlotte-tilbury-charlotte-s-beautiful-skin-foundation-7-cool-30ml-1oz",
    "name": "Charlotte Tilbury Charlotte's Beautiful Skin Foundation - # 7 Cool 30ml/1oz",
    "image_url": "https://cdn1.woolworths.media/content/wowproductimages/large/1074925305.jpg",
    "source_id": "Woolworths - 1074925305",
    "barcode": null,
    "shop": "Woolworths",
    "weight": "10ML",
    "prices": [
      {
        "state": "NSW",
        "price": "11700",
        "price_per_unit": "3900",
        "price_unit": "ML"
      },
      {
        "state": "VIC",
        "price": "11700",
        "price_per_unit": "3900",
        "price_unit": "ML"
      },
      {
        "state": "QLD",
        "price": "11700",
        "price_per_unit": "3900",
        "price_unit": "ML"
      },
      {
        "state": "WA",
        "price": "11700",
        "price_per_unit": "3900",
        "price_unit": "ML"
      },
      {
        "state": "SA",
        "price": "11700",
        "price_per_unit": "3900",
        "price_unit": "ML"
      },
      {
        "state": "TAS",
        "price": "11700",
        "price_per_unit": "3900",
        "price_unit": "ML"
      },
      {
        "state": "ACT",
        "price": "11700",
        "price_per_unit": "3900",
        "price_unit": "ML"
      },
      {
        "state": "NT",
        "price": "11700",
        "price_per_unit": "3900",
        "price_unit": "ML"
      }
    ]
  },
  {
    "source_url": "https://www.woolworths.com.au/shop/productdetails/1075462777/charlotte-tilbury-magic-away-liquid-concealer-2-fair-fairest-with-pink-undertones-4ml-0-13oz",
    "name": "Charlotte Tilbury Magic Away Liquid Concealer - # 2 Fair (Fairest With Pink Undertones) 4ml/0.13oz",
    "image_url": "https://cdn1.woolworths.media/content/wowproductimages/large/1075462777.jpg",
    "source_id": "Woolworths - 1075462777",
    "barcode": null,
    "shop": "Woolworths",
    "weight": "10ML",
    "prices": [
      {
        "state": "NSW",
        "price": "7400",
        "price_per_unit": "18500",
        "price_unit": "ML"
      },
      {
        "state": "VIC",
        "price": "7400",
        "price_per_unit": "18500",
        "price_unit": "ML"
      },
      {
        "state": "QLD",
        "price": "7400",
        "price_per_unit": "18500",
        "price_unit": "ML"
      },
      {
        "state": "WA",
        "price": "7400",
        "price_per_unit": "18500",
        "price_unit": "ML"
      },
      {
        "state": "SA",
        "price": "7400",
        "price_per_unit": "18500",
        "price_unit": "ML"
      },
      {
        "state": "TAS",
        "price": "7400",
        "price_per_unit": "18500",
        "price_unit": "ML"
      },
      {
        "state": "ACT",
        "price": "7400",
        "price_per_unit": "18500",
        "price_unit": "ML"
      },
      {
        "state": "NT",
        "price": "7400",
        "price_per_unit": "18500",
        "price_unit": "ML"
      }
    ]
  },
  {
    "source_url": "https://www.woolworths.com.au/shop/productdetails/1074925350/charlotte-tilbury-magic-vanish-colour-corrector-1-fair-2-5g-0-08oz",
    "name": "Charlotte Tilbury Magic Vanish Colour Corrector - # 1 Fair 2.5g/0.08oz",
    "image_url": "https://cdn1.woolworths.media/content/wowproductimages/large/1074925350.jpg",
    "source_id": "Woolworths - 1074925350",
    "barcode": null,
    "shop": "Woolworths",
    "weight": "10G",
    "prices": [
      {
        "state": "NSW",
        "price": "7500",
        "price_per_unit": "30000",
        "price_unit": "G"
      },
      {
        "state": "VIC",
        "price": "7500",
        "price_per_unit": "30000",
        "price_unit": "G"
      },
      {
        "state": "QLD",
        "price": "7500",
        "price_per_unit": "30000",
        "price_unit": "G"
      },
      {
        "state": "WA",
        "price": "7500",
        "price_per_unit": "30000",
        "price_unit": "G"
      },
      {
        "state": "SA",
        "price": "7500",
        "price_per_unit": "30000",
        "price_unit": "G"
      },
      {
        "state": "TAS",
        "price": "7500",
        "price_per_unit": "30000",
        "price_unit": "G"
      },
      {
        "state": "ACT",
        "price": "7500",
        "price_per_unit": "30000",
        "price_unit": "G"
      },
      {
        "state": "NT",
        "price": "7500",
        "price_per_unit": "30000",
        "price_unit": "G"
      }
    ]
  },
  {
    "source_url": "https://www.woolworths.com.au/shop/productdetails/1075500634/charlotte-tilbury-magic-vanish-colour-corrector-2-medium-2-5g-0-08oz",
    "name": "Charlotte Tilbury Magic Vanish Colour Corrector - # 2 Medium 2.5g/0.08oz",
    "image_url": "https://cdn1.woolworths.media/content/wowproductimages/large/1075500634.jpg",
    "source_id": "Woolworths - 1075500634",
    "barcode": null,
    "shop": "Woolworths",
    "weight": "10G",
    "prices": [
      {
        "state": "NSW",
        "price": "7500",
        "price_per_unit": "30000",
        "price_unit": "G"
      },
      {
        "state": "VIC",
        "price": "7500",
        "price_per_unit": "30000",
        "price_unit": "G"
      },
      {
        "state": "QLD",
        "price": "7500",
        "price_per_unit": "30000",
        "price_unit": "G"
      },
      {
        "state": "WA",
        "price": "7500",
        "price_per_unit": "30000",
        "price_unit": "G"
      },
      {
        "state": "SA",
        "price": "7500",
        "price_per_unit": "30000",
        "price_unit": "G"
      },
      {
        "state": "TAS",
        "price": "7500",
        "price_per_unit": "30000",
        "price_unit": "G"
      },
      {
        "state": "ACT",
        "price": "7500",
        "price_per_unit": "30000",
        "price_unit": "G"
      },
      {
        "state": "NT",
        "price": "7500",
        "price_per_unit": "30000",
        "price_unit": "G"
      }
    ]
  },
  {
    "source_url": "https://www.woolworths.com.au/shop/productdetails/1075006159/chopard-brilliant-wish-eau-de-parfum-spray-30ml",
    "name": "Chopard Brilliant Wish Eau De Parfum Spray 30ml",
    "image_url": "https://cdn1.woolworths.media/content/wowproductimages/large/1075006159.jpg",
    "source_id": "Woolworths - 1075006159",
    "barcode": null,
    "shop": "Woolworths",
    "weight": "10ML",
    "prices": [
      {
        "state": "NSW",
        "price": "7810",
        "price_per_unit": "2603",
        "price_unit": "ML"
      },
      {
        "state": "VIC",
        "price": "7810",
        "price_per_unit": "2603",
        "price_unit": "ML"
      },
      {
        "state": "QLD",
        "price": "7810",
        "price_per_unit": "2603",
        "price_unit": "ML"
      },
      {
        "state": "WA",
        "price": "7810",
        "price_per_unit": "2603",
        "price_unit": "ML"
      },
      {
        "state": "SA",
        "price": "7810",
        "price_per_unit": "2603",
        "price_unit": "ML"
      },
      {
        "state": "TAS",
        "price": "7810",
        "price_per_unit": "2603",
        "price_unit": "ML"
      },
      {
        "state": "ACT",
        "price": "7810",
        "price_per_unit": "2603",
        "price_unit": "ML"
      },
      {
        "state": "NT",
        "price": "7810",
        "price_per_unit": "2603",
        "price_unit": "ML"
      }
    ]
  },
  {
    "source_url": "https://www.woolworths.com.au/shop/productdetails/1074995127/christian-dior-backstage-rosy-glow-color-awakening-universal-blush-004-coral-4-4g-0-15oz",
    "name": "Christian Dior Backstage Rosy Glow Color Awakening Universal Blush - # 004 Coral 4.4g/0.15oz",
    "image_url": "https://cdn1.woolworths.media/content/wowproductimages/large/1074995127.jpg",
    "source_id": "Woolworths - 1074995127",
    "barcode": null,
    "shop": "Woolworths",
    "weight": "10G",
    "prices": [
      {
        "state": "NSW",
        "price": "8700",
        "price_per_unit": "19773",
        "price_unit": "G"
      },
      {
        "state": "VIC",
        "price": "8700",
        "price_per_unit": "19773",
        "price_unit": "G"
      },
      {
        "state": "QLD",
        "price": "8700",
        "price_per_unit": "19773",
        "price_unit": "G"
      },
      {
        "state": "WA",
        "price": "8700",
        "price_per_unit": "19773",
        "price_unit": "G"
      },
      {
        "state": "SA",
        "price": "8700",
        "price_per_unit": "19773",
        "price_unit": "G"
      },
      {
        "state": "TAS",
        "price": "8700",
        "price_per_unit": "19773",
        "price_unit": "G"
      },
      {
        "state": "ACT",
        "price": "8700",
        "price_per_unit": "19773",
        "price_unit": "G"
      },
      {
        "state": "NT",
        "price": "8700",
        "price_per_unit": "19773",
        "price_unit": "G"
      }
    ]
  },
  {
    "source_url": "https://www.woolworths.com.au/shop/productdetails/1074995129/christian-dior-backstage-rosy-glow-color-awakening-universal-blush-015-cherry-4-4g-0-15oz",
    "name": "Christian Dior Backstage Rosy Glow Color Awakening Universal Blush - # 015 Cherry 4.4g/0.15oz",
    "image_url": "https://cdn1.woolworths.media/content/wowproductimages/large/1074995129.jpg",
    "source_id": "Woolworths - 1074995129",
    "barcode": null,
    "shop": "Woolworths",
    "weight": "10G",
    "prices": [
      {
        "state": "NSW",
        "price": "8700",
        "price_per_unit": "19773",
        "price_unit": "G"
      },
      {
        "state": "VIC",
        "price": "8700",
        "price_per_unit": "19773",
        "price_unit": "G"
      },
      {
        "state": "QLD",
        "price": "8700",
        "price_per_unit": "19773",
        "price_unit": "G"
      },
      {
        "state": "WA",
        "price": "8700",
        "price_per_unit": "19773",
        "price_unit": "G"
      },
      {
        "state": "SA",
        "price": "8700",
        "price_per_unit": "19773",
        "price_unit": "G"
      },
      {
        "state": "TAS",
        "price": "8700",
        "price_per_unit": "19773",
        "price_unit": "G"
      },
      {
        "state": "ACT",
        "price": "8700",
        "price_per_unit": "19773",
        "price_unit": "G"
      },
      {
        "state": "NT",
        "price": "8700",
        "price_per_unit": "19773",
        "price_unit": "G"
      }
    ]
  },
  {
    "source_url": "https://www.woolworths.com.au/shop/productdetails/1074925516/christian-dior-dior-forever-natural-nude-24h-wear-foundation-1-5-neutral-30ml-1oz",
    "name": "Christian Dior Dior Forever Natural Nude 24H Wear Foundation - # 1.5 Neutral 30ml/1oz",
    "image_url": "https://cdn1.woolworths.media/content/wowproductimages/large/1074925516.jpg",
    "source_id": "Woolworths - 1074925516",
    "barcode": null,
    "shop": "Woolworths",
    "weight": "10ML",
    "prices": [
      {
        "state": "NSW",
        "price": "11400",
        "price_per_unit": "3800",
        "price_unit": "ML"
      },
      {
        "state": "VIC",
        "price": "11400",
        "price_per_unit": "3800",
        "price_unit": "ML"
      },
      {
        "state": "QLD",
        "price": "11400",
        "price_per_unit": "3800",
        "price_unit": "ML"
      },
      {
        "state": "WA",
        "price": "11400",
        "price_per_unit": "3800",
        "price_unit": "ML"
      },
      {
        "state": "SA",
        "price": "11400",
        "price_per_unit": "3800",
        "price_unit": "ML"
      },
      {
        "state": "TAS",
        "price": "11400",
        "price_per_unit": "3800",
        "price_unit": "ML"
      },
      {
        "state": "ACT",
        "price": "11400",
        "price_per_unit": "3800",
        "price_unit": "ML"
      },
      {
        "state": "NT",
        "price": "11400",
        "price_per_unit": "3800",
        "price_unit": "ML"
      }
    ]
  },
  {
    "source_url": "https://www.woolworths.com.au/shop/productdetails/1074925518/christian-dior-dior-forever-natural-nude-24h-wear-foundation-2-5n-neutral-30ml-1oz",
    "name": "Christian Dior Dior Forever Natural Nude 24H Wear Foundation - # 2.5N Neutral 30ml/1oz",
    "image_url": "https://cdn1.woolworths.media/content/wowproductimages/large/1074925518.jpg",
    "source_id": "Woolworths - 1074925518",
    "barcode": null,
    "shop": "Woolworths",
    "weight": "10ML",
    "prices": [
      {
        "state": "NSW",
        "price": "10400",
        "price_per_unit": "3467",
        "price_unit": "ML"
      },
      {
        "state": "VIC",
        "price": "10400",
        "price_per_unit": "3467",
        "price_unit": "ML"
      },
      {
        "state": "QLD",
        "price": "10400",
        "price_per_unit": "3467",
        "price_unit": "ML"
      },
      {
        "state": "WA",
        "price": "10400",
        "price_per_unit": "3467",
        "price_unit": "ML"
      },
      {
        "state": "SA",
        "price": "10400",
        "price_per_unit": "3467",
        "price_unit": "ML"
      },
      {
        "state": "TAS",
        "price": "10400",
        "price_per_unit": "3467",
        "price_unit": "ML"
      },
      {
        "state": "ACT",
        "price": "10400",
        "price_per_unit": "3467",
        "price_unit": "ML"
      },
      {
        "state": "NT",
        "price": "10400",
        "price_per_unit": "3467",
        "price_unit": "ML"
      }
    ]
  },
  {
    "source_url": "https://www.woolworths.com.au/shop/productdetails/1074925519/christian-dior-dior-forever-natural-nude-24h-wear-foundation-2n-neutral-30ml-1oz",
    "name": "Christian Dior Dior Forever Natural Nude 24H Wear Foundation - # 2N Neutral 30ml/1oz",
    "image_url": "https://cdn1.woolworths.media/content/wowproductimages/large/1074925519.jpg",
    "source_id": "Woolworths - 1074925519",
    "barcode": null,
    "shop": "Woolworths",
    "weight": "10ML",
    "prices": [
      {
        "state": "NSW",
        "price": "10700",
        "price_per_unit": "3567",
        "price_unit": "ML"
      },
      {
        "state": "VIC",
        "price": "10700",
        "price_per_unit": "3567",
        "price_unit": "ML"
      },
      {
        "state": "QLD",
        "price": "10700",
        "price_per_unit": "3567",
        "price_unit": "ML"
      },
      {
        "state": "WA",
        "price": "10700",
        "price_per_unit": "3567",
        "price_unit": "ML"
      },
      {
        "state": "SA",
        "price": "10700",
        "price_per_unit": "3567",
        "price_unit": "ML"
      },
      {
        "state": "TAS",
        "price": "10700",
        "price_per_unit": "3567",
        "price_unit": "ML"
      },
      {
        "state": "ACT",
        "price": "10700",
        "price_per_unit": "3567",
        "price_unit": "ML"
      },
      {
        "state": "NT",
        "price": "10700",
        "price_per_unit": "3567",
        "price_unit": "ML"
      }
    ]
  },
  {
    "source_url": "https://www.woolworths.com.au/shop/productdetails/1074925520/christian-dior-dior-forever-natural-nude-24h-wear-foundation-2w-warm-30ml-1oz",
    "name": "Christian Dior Dior Forever Natural Nude 24H Wear Foundation - # 2W Warm 30ml/1oz",
    "image_url": "https://cdn1.woolworths.media/content/wowproductimages/large/1074925520.jpg",
    "source_id": "Woolworths - 1074925520",
    "barcode": null,
    "shop": "Woolworths",
    "weight": "10ML",
    "prices": [
      {
        "state": "NSW",
        "price": "10000",
        "price_per_unit": "3333",
        "price_unit": "ML"
      },
      {
        "state": "VIC",
        "price": "10000",
        "price_per_unit": "3333",
        "price_unit": "ML"
      },
      {
        "state": "QLD",
        "price": "10000",
        "price_per_unit": "3333",
        "price_unit": "ML"
      },
      {
        "state": "WA",
        "price": "10000",
        "price_per_unit": "3333",
        "price_unit": "ML"
      },
      {
        "state": "SA",
        "price": "10000",
        "price_per_unit": "3333",
        "price_unit": "ML"
      },
      {
        "state": "TAS",
        "price": "10000",
        "price_per_unit": "3333",
        "price_unit": "ML"
      },
      {
        "state": "ACT",
        "price": "10000",
        "price_per_unit": "3333",
        "price_unit": "ML"
      },
      {
        "state": "NT",
        "price": "10000",
        "price_per_unit": "3333",
        "price_unit": "ML"
      }
    ]
  },
  {
    "source_url": "https://www.woolworths.com.au/shop/productdetails/1074925521/christian-dior-dior-forever-natural-nude-24h-wear-foundation-3-5n-neutral-30ml-1oz",
    "name": "Christian Dior Dior Forever Natural Nude 24H Wear Foundation - # 3.5N Neutral 30ml/1oz",
    "image_url": "https://cdn1.woolworths.media/content/wowproductimages/large/1074925521.jpg",
    "source_id": "Woolworths - 1074925521",
    "barcode": null,
    "shop": "Woolworths",
    "weight": "10ML",
    "prices": [
      {
        "state": "NSW",
        "price": "10400",
        "price_per_unit": "3467",
        "price_unit": "ML"
      },
      {
        "state": "VIC",
        "price": "10400",
        "price_per_unit": "3467",
        "price_unit": "ML"
      },
      {
        "state": "QLD",
        "price": "10400",
        "price_per_unit": "3467",
        "price_unit": "ML"
      },
      {
        "state": "WA",
        "price": "10400",
        "price_per_unit": "3467",
        "price_unit": "ML"
      },
      {
        "state": "SA",
        "price": "10400",
        "price_per_unit": "3467",
        "price_unit": "ML"
      },
      {
        "state": "TAS",
        "price": "10400",
        "price_per_unit": "3467",
        "price_unit": "ML"
      },
      {
        "state": "ACT",
        "price": "10400",
        "price_per_unit": "3467",
        "price_unit": "ML"
      },
      {
        "state": "NT",
        "price": "10400",
        "price_per_unit": "3467",
        "price_unit": "ML"
      }
    ]
  },
  {
    "source_url": "https://www.woolworths.com.au/shop/productdetails/1074925522/christian-dior-dior-forever-natural-nude-24h-wear-foundation-3cr-cool-rosy-30ml-1oz",
    "name": "Christian Dior Dior Forever Natural Nude 24H Wear Foundation - # 3CR Cool Rosy 30ml/1oz",
    "image_url": "https://cdn1.woolworths.media/content/wowproductimages/large/1074925522.jpg",
    "source_id": "Woolworths - 1074925522",
    "barcode": null,
    "shop": "Woolworths",
    "weight": "10ML",
    "prices": [
      {
        "state": "NSW",
        "price": "10300",
        "price_per_unit": "3433",
        "price_unit": "ML"
      },
      {
        "state": "VIC",
        "price": "10300",
        "price_per_unit": "3433",
        "price_unit": "ML"
      },
      {
        "state": "QLD",
        "price": "10300",
        "price_per_unit": "3433",
        "price_unit": "ML"
      },
      {
        "state": "WA",
        "price": "10300",
        "price_per_unit": "3433",
        "price_unit": "ML"
      },
      {
        "state": "SA",
        "price": "10300",
        "price_per_unit": "3433",
        "price_unit": "ML"
      },
      {
        "state": "TAS",
        "price": "10300",
        "price_per_unit": "3433",
        "price_unit": "ML"
      },
      {
        "state": "ACT",
        "price": "10300",
        "price_per_unit": "3433",
        "price_unit": "ML"
      },
      {
        "state": "NT",
        "price": "10300",
        "price_per_unit": "3433",
        "price_unit": "ML"
      }
    ]
  },
  {
    "source_url": "https://www.woolworths.com.au/shop/productdetails/1074925523/christian-dior-dior-forever-natural-nude-24h-wear-foundation-3n-neutral-30ml-1oz",
    "name": "Christian Dior Dior Forever Natural Nude 24H Wear Foundation - # 3N Neutral 30ml/1oz",
    "image_url": "https://cdn1.woolworths.media/content/wowproductimages/large/1074925523.jpg",
    "source_id": "Woolworths - 1074925523",
    "barcode": null,
    "shop": "Woolworths",
    "weight": "10ML",
    "prices": [
      {
        "state": "NSW",
        "price": "10100",
        "price_per_unit": "3367",
        "price_unit": "ML"
      },
      {
        "state": "VIC",
        "price": "10100",
        "price_per_unit": "3367",
        "price_unit": "ML"
      },
      {
        "state": "QLD",
        "price": "10100",
        "price_per_unit": "3367",
        "price_unit": "ML"
      },
      {
        "state": "WA",
        "price": "10100",
        "price_per_unit": "3367",
        "price_unit": "ML"
      },
      {
        "state": "SA",
        "price": "10100",
        "price_per_unit": "3367",
        "price_unit": "ML"
      },
      {
        "state": "TAS",
        "price": "10100",
        "price_per_unit": "3367",
        "price_unit": "ML"
      },
      {
        "state": "ACT",
        "price": "10100",
        "price_per_unit": "3367",
        "price_unit": "ML"
      },
      {
        "state": "NT",
        "price": "10100",
        "price_per_unit": "3367",
        "price_unit": "ML"
      }
    ]
  },
  {
    "source_url": "https://www.woolworths.com.au/shop/productdetails/1074925524/christian-dior-dior-forever-natural-nude-24h-wear-foundation-4-5n-neutral-30ml-1oz",
    "name": "Christian Dior Dior Forever Natural Nude 24H Wear Foundation - # 4.5N Neutral 30ml/1oz",
    "image_url": "https://cdn1.woolworths.media/content/wowproductimages/large/1074925524.jpg",
    "source_id": "Woolworths - 1074925524",
    "barcode": null,
    "shop": "Woolworths",
    "weight": "10ML",
    "prices": [
      {
        "state": "NSW",
        "price": "10400",
        "price_per_unit": "3467",
        "price_unit": "ML"
      },
      {
        "state": "VIC",
        "price": "10400",
        "price_per_unit": "3467",
        "price_unit": "ML"
      },
      {
        "state": "QLD",
        "price": "10400",
        "price_per_unit": "3467",
        "price_unit": "ML"
      },
      {
        "state": "WA",
        "price": "10400",
        "price_per_unit": "3467",
        "price_unit": "ML"
      },
      {
        "state": "SA",
        "price": "10400",
        "price_per_unit": "3467",
        "price_unit": "ML"
      },
      {
        "state": "TAS",
        "price": "10400",
        "price_per_unit": "3467",
        "price_unit": "ML"
      },
      {
        "state": "ACT",
        "price": "10400",
        "price_per_unit": "3467",
        "price_unit": "ML"
      },
      {
        "state": "NT",
        "price": "10400",
        "price_per_unit": "3467",
        "price_unit": "ML"
      }
    ]
  },
  {
    "source_url": "https://www.woolworths.com.au/shop/productdetails/1074925525/christian-dior-dior-forever-natural-nude-24h-wear-foundation-4n-neutral-30ml-1oz",
    "name": "Christian Dior Dior Forever Natural Nude 24H Wear Foundation - # 4N Neutral 30ml/1oz",
    "image_url": "https://cdn1.woolworths.media/content/wowproductimages/large/1074925525.jpg",
    "source_id": "Woolworths - 1074925525",
    "barcode": null,
    "shop": "Woolworths",
    "weight": "10ML",
    "prices": [
      {
        "state": "NSW",
        "price": "10400",
        "price_per_unit": "3467",
        "price_unit": "ML"
      },
      {
        "state": "VIC",
        "price": "10400",
        "price_per_unit": "3467",
        "price_unit": "ML"
      },
      {
        "state": "QLD",
        "price": "10400",
        "price_per_unit": "3467",
        "price_unit": "ML"
      },
      {
        "state": "WA",
        "price": "10400",
        "price_per_unit": "3467",
        "price_unit": "ML"
      },
      {
        "state": "SA",
        "price": "10400",
        "price_per_unit": "3467",
        "price_unit": "ML"
      },
      {
        "state": "TAS",
        "price": "10400",
        "price_per_unit": "3467",
        "price_unit": "ML"
      },
      {
        "state": "ACT",
        "price": "10400",
        "price_per_unit": "3467",
        "price_unit": "ML"
      },
      {
        "state": "NT",
        "price": "10400",
        "price_per_unit": "3467",
        "price_unit": "ML"
      }
    ]
  },
  {
    "source_url": "https://www.woolworths.com.au/shop/productdetails/1074925526/christian-dior-dior-forever-natural-nude-24h-wear-foundation-5n-neutral-30ml-1oz",
    "name": "Christian Dior Dior Forever Natural Nude 24H Wear Foundation - # 5N Neutral 30ml/1oz",
    "image_url": "https://cdn1.woolworths.media/content/wowproductimages/large/1074925526.jpg",
    "source_id": "Woolworths - 1074925526",
    "barcode": null,
    "shop": "Woolworths",
    "weight": "10ML",
    "prices": [
      {
        "state": "NSW",
        "price": "10500",
        "price_per_unit": "3500",
        "price_unit": "ML"
      },
      {
        "state": "VIC",
        "price": "10500",
        "price_per_unit": "3500",
        "price_unit": "ML"
      },
      {
        "state": "QLD",
        "price": "10500",
        "price_per_unit": "3500",
        "price_unit": "ML"
      },
      {
        "state": "WA",
        "price": "10500",
        "price_per_unit": "3500",
        "price_unit": "ML"
      },
      {
        "state": "SA",
        "price": "10500",
        "price_per_unit": "3500",
        "price_unit": "ML"
      },
      {
        "state": "TAS",
        "price": "10500",
        "price_per_unit": "3500",
        "price_unit": "ML"
      },
      {
        "state": "ACT",
        "price": "10500",
        "price_per_unit": "3500",
        "price_unit": "ML"
      },
      {
        "state": "NT",
        "price": "10500",
        "price_per_unit": "3500",
        "price_unit": "ML"
      }
    ]
  },
  {
    "source_url": "https://www.woolworths.com.au/shop/productdetails/1075138019/christian-dior-dior-forever-skin-glow-24h-wear-radiant-foundation-spf-20-1-5n-neutral-glow-30ml-1oz",
    "name": "Christian Dior Dior Forever Skin Glow 24H Wear Radiant Foundation SPF 20 - # 1.5N Neutral/Glow 30ml/1oz",
    "image_url": "https://cdn1.woolworths.media/content/wowproductimages/large/1075138019.jpg",
    "source_id": "Woolworths - 1075138019",
    "barcode": null,
    "shop": "Woolworths",
    "weight": "10ML",
    "prices": [
      {
        "state": "NSW",
        "price": "11300",
        "price_per_unit": "3767",
        "price_unit": "ML"
      },
      {
        "state": "VIC",
        "price": "11300",
        "price_per_unit": "3767",
        "price_unit": "ML"
      },
      {
        "state": "QLD",
        "price": "11300",
        "price_per_unit": "3767",
        "price_unit": "ML"
      },
      {
        "state": "WA",
        "price": "11300",
        "price_per_unit": "3767",
        "price_unit": "ML"
      },
      {
        "state": "SA",
        "price": "11300",
        "price_per_unit": "3767",
        "price_unit": "ML"
      },
      {
        "state": "TAS",
        "price": "11300",
        "price_per_unit": "3767",
        "price_unit": "ML"
      },
      {
        "state": "ACT",
        "price": "11300",
        "price_per_unit": "3767",
        "price_unit": "ML"
      },
      {
        "state": "NT",
        "price": "11300",
        "price_per_unit": "3767",
        "price_unit": "ML"
      }
    ]
  },
  {
    "source_url": "https://www.woolworths.com.au/shop/productdetails/1074925564/christian-dior-diorskin-forever-undercover-24h-wear-full-coverage-water-based-foundation-035-desert-beige-40ml-1-3oz",
    "name": "Christian Dior Diorskin Forever Undercover 24H Wear Full Coverage Water Based Foundation - # 035 Desert Beige 40ml/1.3oz",
    "image_url": "https://cdn1.woolworths.media/content/wowproductimages/large/1074925564.jpg",
    "source_id": "Woolworths - 1074925564",
    "barcode": null,
    "shop": "Woolworths",
    "weight": "10ML",
    "prices": [
      {
        "state": "NSW",
        "price": "9700",
        "price_per_unit": "2425",
        "price_unit": "ML"
      },
      {
        "state": "VIC",
        "price": "9700",
        "price_per_unit": "2425",
        "price_unit": "ML"
      },
      {
        "state": "QLD",
        "price": "9700",
        "price_per_unit": "2425",
        "price_unit": "ML"
      },
      {
        "state": "WA",
        "price": "9700",
        "price_per_unit": "2425",
        "price_unit": "ML"
      },
      {
        "state": "SA",
        "price": "9700",
        "price_per_unit": "2425",
        "price_unit": "ML"
      },
      {
        "state": "TAS",
        "price": "9700",
        "price_per_unit": "2425",
        "price_unit": "ML"
      },
      {
        "state": "ACT",
        "price": "9700",
        "price_per_unit": "2425",
        "price_unit": "ML"
      },
      {
        "state": "NT",
        "price": "9700",
        "price_per_unit": "2425",
        "price_unit": "ML"
      }
    ]
  },
  {
    "source_url": "https://www.woolworths.com.au/shop/productdetails/1074925565/christian-dior-diorskin-forever-undercover-24h-wear-full-coverage-water-based-foundation-040-honey-beige-40ml-1-3oz",
    "name": "Christian Dior Diorskin Forever Undercover 24H Wear Full Coverage Water Based Foundation - # 040 Honey Beige 40ml/1.3oz",
    "image_url": "https://cdn1.woolworths.media/content/wowproductimages/large/1074925565.jpg",
    "source_id": "Woolworths - 1074925565",
    "barcode": null,
    "shop": "Woolworths",
    "weight": "10ML",
    "prices": [
      {
        "state": "NSW",
        "price": "10300",
        "price_per_unit": "2575",
        "price_unit": "ML"
      },
      {
        "state": "VIC",
        "price": "10300",
        "price_per_unit": "2575",
        "price_unit": "ML"
      },
      {
        "state": "QLD",
        "price": "10300",
        "price_per_unit": "2575",
        "price_unit": "ML"
      },
      {
        "state": "WA",
        "price": "10300",
        "price_per_unit": "2575",
        "price_unit": "ML"
      },
      {
        "state": "SA",
        "price": "10300",
        "price_per_unit": "2575",
        "price_unit": "ML"
      },
      {
        "state": "TAS",
        "price": "10300",
        "price_per_unit": "2575",
        "price_unit": "ML"
      },
      {
        "state": "ACT",
        "price": "10300",
        "price_per_unit": "2575",
        "price_unit": "ML"
      },
      {
        "state": "NT",
        "price": "10300",
        "price_per_unit": "2575",
        "price_unit": "ML"
      }
    ]
  },
  {
    "source_url": "https://www.woolworths.com.au/shop/productdetails/1074925613/cinema-secrets-dual-fx-foundation-powder-caramel-8g-0-28oz",
    "name": "Cinema Secrets Dual Fx Foundation Powder - # Caramel 8g/0.28oz",
    "image_url": "https://cdn1.woolworths.media/content/wowproductimages/large/1074925613.jpg",
    "source_id": "Woolworths - 1074925613",
    "barcode": null,
    "shop": "Woolworths",
    "weight": "10G",
    "prices": [
      {
        "state": "NSW",
        "price": "6500",
        "price_per_unit": "8125",
        "price_unit": "G"
      },
      {
        "state": "VIC",
        "price": "6500",
        "price_per_unit": "8125",
        "price_unit": "G"
      },
      {
        "state": "QLD",
        "price": "6500",
        "price_per_unit": "8125",
        "price_unit": "G"
      },
      {
        "state": "WA",
        "price": "6500",
        "price_per_unit": "8125",
        "price_unit": "G"
      },
      {
        "state": "SA",
        "price": "6500",
        "price_per_unit": "8125",
        "price_unit": "G"
      },
      {
        "state": "TAS",
        "price": "6500",
        "price_per_unit": "8125",
        "price_unit": "G"
      },
      {
        "state": "ACT",
        "price": "6500",
        "price_per_unit": "8125",
        "price_unit": "G"
      },
      {
        "state": "NT",
        "price": "6500",
        "price_per_unit": "8125",
        "price_unit": "G"
      }
    ]
  },
  {
    "source_url": "https://www.woolworths.com.au/shop/productdetails/1074925614/cinema-secrets-dual-fx-foundation-powder-fawn-8g-0-28oz",
    "name": "Cinema Secrets Dual Fx Foundation Powder - # Fawn 8g/0.28oz",
    "image_url": "https://cdn1.woolworths.media/content/wowproductimages/large/1074925614.jpg",
    "source_id": "Woolworths - 1074925614",
    "barcode": null,
    "shop": "Woolworths",
    "weight": "10G",
    "prices": [
      {
        "state": "NSW",
        "price": "6100",
        "price_per_unit": "7625",
        "price_unit": "G"
      },
      {
        "state": "VIC",
        "price": "6100",
        "price_per_unit": "7625",
        "price_unit": "G"
      },
      {
        "state": "QLD",
        "price": "6100",
        "price_per_unit": "7625",
        "price_unit": "G"
      },
      {
        "state": "WA",
        "price": "6100",
        "price_per_unit": "7625",
        "price_unit": "G"
      },
      {
        "state": "SA",
        "price": "6100",
        "price_per_unit": "7625",
        "price_unit": "G"
      },
      {
        "state": "TAS",
        "price": "6100",
        "price_per_unit": "7625",
        "price_unit": "G"
      },
      {
        "state": "ACT",
        "price": "6100",
        "price_per_unit": "7625",
        "price_unit": "G"
      },
      {
        "state": "NT",
        "price": "6100",
        "price_per_unit": "7625",
        "price_unit": "G"
      }
    ]
  },
  {
    "source_url": "https://www.woolworths.com.au/shop/productdetails/1074925615/cinema-secrets-dual-fx-foundation-powder-olive-8g-0-28oz",
    "name": "Cinema Secrets Dual Fx Foundation Powder - # Olive 8g/0.28oz",
    "image_url": "https://cdn1.woolworths.media/content/wowproductimages/large/1074925615.jpg",
    "source_id": "Woolworths - 1074925615",
    "barcode": null,
    "shop": "Woolworths",
    "weight": "10G",
    "prices": [
      {
        "state": "NSW",
        "price": "6100",
        "price_per_unit": "7625",
        "price_unit": "G"
      },
      {
        "state": "VIC",
        "price": "6100",
        "price_per_unit": "7625",
        "price_unit": "G"
      },
      {
        "state": "QLD",
        "price": "6100",
        "price_per_unit": "7625",
        "price_unit": "G"
      },
      {
        "state": "WA",
        "price": "6100",
        "price_per_unit": "7625",
        "price_unit": "G"
      },
      {
        "state": "SA",
        "price": "6100",
        "price_per_unit": "7625",
        "price_unit": "G"
      },
      {
        "state": "TAS",
        "price": "6100",
        "price_per_unit": "7625",
        "price_unit": "G"
      },
      {
        "state": "ACT",
        "price": "6100",
        "price_per_unit": "7625",
        "price_unit": "G"
      },
      {
        "state": "NT",
        "price": "6100",
        "price_per_unit": "7625",
        "price_unit": "G"
      }
    ]
  },
  {
    "source_url": "https://www.woolworths.com.au/shop/productdetails/1074925627/cinema-secrets-ultralucent-illuminating-powder-candlelight-16g-0-56oz",
    "name": "Cinema Secrets Ultralucent Illuminating Powder - # Candlelight 16g/0.56oz",
    "image_url": "https://cdn1.woolworths.media/content/wowproductimages/large/1074925627.jpg",
    "source_id": "Woolworths - 1074925627",
    "barcode": null,
    "shop": "Woolworths",
    "weight": "10G",
    "prices": [
      {
        "state": "NSW",
        "price": "4800",
        "price_per_unit": "3000",
        "price_unit": "G"
      },
      {
        "state": "VIC",
        "price": "4800",
        "price_per_unit": "3000",
        "price_unit": "G"
      },
      {
        "state": "QLD",
        "price": "4800",
        "price_per_unit": "3000",
        "price_unit": "G"
      },
      {
        "state": "WA",
        "price": "4800",
        "price_per_unit": "3000",
        "price_unit": "G"
      },
      {
        "state": "SA",
        "price": "4800",
        "price_per_unit": "3000",
        "price_unit": "G"
      },
      {
        "state": "TAS",
        "price": "4800",
        "price_per_unit": "3000",
        "price_unit": "G"
      },
      {
        "state": "ACT",
        "price": "4800",
        "price_per_unit": "3000",
        "price_unit": "G"
      },
      {
        "state": "NT",
        "price": "4800",
        "price_per_unit": "3000",
        "price_unit": "G"
      }
    ]
  },
  {
    "source_url": "https://www.woolworths.com.au/shop/productdetails/1074925667/clarins-ever-bronze-compact-powder-01-light-10g-0-3oz",
    "name": "Clarins Ever Bronze Compact Powder - # 01 Light 10g/0.3oz",
    "image_url": "https://cdn1.woolworths.media/content/wowproductimages/large/1074925667.jpg",
    "source_id": "Woolworths - 1074925667",
    "barcode": null,
    "shop": "Woolworths",
    "weight": "10G",
    "prices": [
      {
        "state": "NSW",
        "price": "7100",
        "price_per_unit": "7100",
        "price_unit": "G"
      },
      {
        "state": "VIC",
        "price": "7100",
        "price_per_unit": "7100",
        "price_unit": "G"
      },
      {
        "state": "QLD",
        "price": "7100",
        "price_per_unit": "7100",
        "price_unit": "G"
      },
      {
        "state": "WA",
        "price": "7100",
        "price_per_unit": "7100",
        "price_unit": "G"
      },
      {
        "state": "SA",
        "price": "7100",
        "price_per_unit": "7100",
        "price_unit": "G"
      },
      {
        "state": "TAS",
        "price": "7100",
        "price_per_unit": "7100",
        "price_unit": "G"
      },
      {
        "state": "ACT",
        "price": "7100",
        "price_per_unit": "7100",
        "price_unit": "G"
      },
      {
        "state": "NT",
        "price": "7100",
        "price_per_unit": "7100",
        "price_unit": "G"
      }
    ]
  },
  {
    "source_url": "https://www.woolworths.com.au/shop/productdetails/1074925668/clarins-ever-bronze-compact-powder-02-medium-10g-0-3oz",
    "name": "Clarins Ever Bronze Compact Powder - # 02 Medium 10g/0.3oz",
    "image_url": "https://cdn1.woolworths.media/content/wowproductimages/large/1074925668.jpg",
    "source_id": "Woolworths - 1074925668",
    "barcode": null,
    "shop": "Woolworths",
    "weight": "10G",
    "prices": [
      {
        "state": "NSW",
        "price": "7100",
        "price_per_unit": "7100",
        "price_unit": "G"
      },
      {
        "state": "VIC",
        "price": "7100",
        "price_per_unit": "7100",
        "price_unit": "G"
      },
      {
        "state": "QLD",
        "price": "7100",
        "price_per_unit": "7100",
        "price_unit": "G"
      },
      {
        "state": "WA",
        "price": "7100",
        "price_per_unit": "7100",
        "price_unit": "G"
      },
      {
        "state": "SA",
        "price": "7100",
        "price_per_unit": "7100",
        "price_unit": "G"
      },
      {
        "state": "TAS",
        "price": "7100",
        "price_per_unit": "7100",
        "price_unit": "G"
      },
      {
        "state": "ACT",
        "price": "7100",
        "price_per_unit": "7100",
        "price_unit": "G"
      },
      {
        "state": "NT",
        "price": "7100",
        "price_per_unit": "7100",
        "price_unit": "G"
      }
    ]
  },
  {
    "source_url": "https://www.woolworths.com.au/shop/productdetails/1074925669/clarins-ever-matte-compact-powder-01-very-light-10g-0-3oz",
    "name": "Clarins Ever Matte Compact Powder - # 01 Very Light 10g/0.3oz",
    "image_url": "https://cdn1.woolworths.media/content/wowproductimages/large/1074925669.jpg",
    "source_id": "Woolworths - 1074925669",
    "barcode": null,
    "shop": "Woolworths",
    "weight": "10G",
    "prices": [
      {
        "state": "NSW",
        "price": "6900",
        "price_per_unit": "6900",
        "price_unit": "G"
      },
      {
        "state": "VIC",
        "price": "6900",
        "price_per_unit": "6900",
        "price_unit": "G"
      },
      {
        "state": "QLD",
        "price": "6900",
        "price_per_unit": "6900",
        "price_unit": "G"
      },
      {
        "state": "WA",
        "price": "6900",
        "price_per_unit": "6900",
        "price_unit": "G"
      },
      {
        "state": "SA",
        "price": "6900",
        "price_per_unit": "6900",
        "price_unit": "G"
      },
      {
        "state": "TAS",
        "price": "6900",
        "price_per_unit": "6900",
        "price_unit": "G"
      },
      {
        "state": "ACT",
        "price": "6900",
        "price_per_unit": "6900",
        "price_unit": "G"
      },
      {
        "state": "NT",
        "price": "6900",
        "price_per_unit": "6900",
        "price_unit": "G"
      }
    ]
  },
  {
    "source_url": "https://www.woolworths.com.au/shop/productdetails/1075209753/clarins-ever-matte-compact-powder-02-light-10g-0-3oz",
    "name": "Clarins Ever Matte Compact Powder - # 02 light 10g/0.3oz",
    "image_url": "https://cdn1.woolworths.media/content/wowproductimages/large/1075209753.jpg",
    "source_id": "Woolworths - 1075209753",
    "barcode": null,
    "shop": "Woolworths",
    "weight": "10G",
    "prices": [
      {
        "state": "NSW",
        "price": "7200",
        "price_per_unit": "7200",
        "price_unit": "G"
      },
      {
        "state": "VIC",
        "price": "7200",
        "price_per_unit": "7200",
        "price_unit": "G"
      },
      {
        "state": "QLD",
        "price": "7200",
        "price_per_unit": "7200",
        "price_unit": "G"
      },
      {
        "state": "WA",
        "price": "7200",
        "price_per_unit": "7200",
        "price_unit": "G"
      },
      {
        "state": "SA",
        "price": "7200",
        "price_per_unit": "7200",
        "price_unit": "G"
      },
      {
        "state": "TAS",
        "price": "7200",
        "price_per_unit": "7200",
        "price_unit": "G"
      },
      {
        "state": "ACT",
        "price": "7200",
        "price_per_unit": "7200",
        "price_unit": "G"
      },
      {
        "state": "NT",
        "price": "7200",
        "price_per_unit": "7200",
        "price_unit": "G"
      }
    ]
  },
  {
    "source_url": "https://www.woolworths.com.au/shop/productdetails/1075468216/clarins-ever-matte-compact-powder-03-light-medium-10g-0-3oz",
    "name": "Clarins Ever Matte Compact Powder - # 03 Light Medium 10g/0.3oz",
    "image_url": "https://cdn1.woolworths.media/content/wowproductimages/large/1075468216.jpg",
    "source_id": "Woolworths - 1075468216",
    "barcode": null,
    "shop": "Woolworths",
    "weight": "10G",
    "prices": [
      {
        "state": "NSW",
        "price": "7200",
        "price_per_unit": "7200",
        "price_unit": "G"
      },
      {
        "state": "VIC",
        "price": "7200",
        "price_per_unit": "7200",
        "price_unit": "G"
      },
      {
        "state": "QLD",
        "price": "7200",
        "price_per_unit": "7200",
        "price_unit": "G"
      },
      {
        "state": "WA",
        "price": "7200",
        "price_per_unit": "7200",
        "price_unit": "G"
      },
      {
        "state": "SA",
        "price": "7200",
        "price_per_unit": "7200",
        "price_unit": "G"
      },
      {
        "state": "TAS",
        "price": "7200",
        "price_per_unit": "7200",
        "price_unit": "G"
      },
      {
        "state": "ACT",
        "price": "7200",
        "price_per_unit": "7200",
        "price_unit": "G"
      },
      {
        "state": "NT",
        "price": "7200",
        "price_per_unit": "7200",
        "price_unit": "G"
      }
    ]
  },
  {
    "source_url": "https://www.woolworths.com.au/shop/productdetails/1075468217/clarins-ever-matte-compact-powder-04-medium-10g-0-3oz",
    "name": "Clarins Ever Matte Compact Powder - # 04 Medium 10g/0.3oz",
    "image_url": "https://cdn1.woolworths.media/content/wowproductimages/large/1075468217.jpg",
    "source_id": "Woolworths - 1075468217",
    "barcode": null,
    "shop": "Woolworths",
    "weight": "10G",
    "prices": [
      {
        "state": "NSW",
        "price": "7200",
        "price_per_unit": "7200",
        "price_unit": "G"
      },
      {
        "state": "VIC",
        "price": "7200",
        "price_per_unit": "7200",
        "price_unit": "G"
      },
      {
        "state": "QLD",
        "price": "7200",
        "price_per_unit": "7200",
        "price_unit": "G"
      },
      {
        "state": "WA",
        "price": "7200",
        "price_per_unit": "7200",
        "price_unit": "G"
      },
      {
        "state": "SA",
        "price": "7200",
        "price_per_unit": "7200",
        "price_unit": "G"
      },
      {
        "state": "TAS",
        "price": "7200",
        "price_per_unit": "7200",
        "price_unit": "G"
      },
      {
        "state": "ACT",
        "price": "7200",
        "price_per_unit": "7200",
        "price_unit": "G"
      },
      {
        "state": "NT",
        "price": "7200",
        "price_per_unit": "7200",
        "price_unit": "G"
      }
    ]
  },
  {
    "source_url": "https://www.woolworths.com.au/shop/productdetails/1074925670/clarins-ever-matte-compact-powder-06-deep-10g-0-3oz",
    "name": "Clarins Ever Matte Compact Powder - # 06 Deep 10g/0.3oz",
    "image_url": "https://cdn1.woolworths.media/content/wowproductimages/large/1074925670.jpg",
    "source_id": "Woolworths - 1074925670",
    "barcode": null,
    "shop": "Woolworths",
    "weight": "10G",
    "prices": [
      {
        "state": "NSW",
        "price": "6900",
        "price_per_unit": "6900",
        "price_unit": "G"
      },
      {
        "state": "VIC",
        "price": "6900",
        "price_per_unit": "6900",
        "price_unit": "G"
      },
      {
        "state": "QLD",
        "price": "6900",
        "price_per_unit": "6900",
        "price_unit": "G"
      },
      {
        "state": "WA",
        "price": "6900",
        "price_per_unit": "6900",
        "price_unit": "G"
      },
      {
        "state": "SA",
        "price": "6900",
        "price_per_unit": "6900",
        "price_unit": "G"
      },
      {
        "state": "TAS",
        "price": "6900",
        "price_per_unit": "6900",
        "price_unit": "G"
      },
      {
        "state": "ACT",
        "price": "6900",
        "price_per_unit": "6900",
        "price_unit": "G"
      },
      {
        "state": "NT",
        "price": "6900",
        "price_per_unit": "6900",
        "price_unit": "G"
      }
    ]
  },
  {
    "source_url": "https://www.woolworths.com.au/shop/productdetails/1074925671/clarins-ever-matte-loose-powder-01-universal-light-15g-0-5oz",
    "name": "Clarins Ever Matte Loose Powder - # 01 Universal Light 15g/0.5oz",
    "image_url": "https://cdn1.woolworths.media/content/wowproductimages/large/1074925671.jpg",
    "source_id": "Woolworths - 1074925671",
    "barcode": null,
    "shop": "Woolworths",
    "weight": "10G",
    "prices": [
      {
        "state": "NSW",
        "price": "7500",
        "price_per_unit": "5000",
        "price_unit": "G"
      },
      {
        "state": "VIC",
        "price": "7500",
        "price_per_unit": "5000",
        "price_unit": "G"
      },
      {
        "state": "QLD",
        "price": "7500",
        "price_per_unit": "5000",
        "price_unit": "G"
      },
      {
        "state": "WA",
        "price": "7500",
        "price_per_unit": "5000",
        "price_unit": "G"
      },
      {
        "state": "SA",
        "price": "7500",
        "price_per_unit": "5000",
        "price_unit": "G"
      },
      {
        "state": "TAS",
        "price": "7500",
        "price_per_unit": "5000",
        "price_unit": "G"
      },
      {
        "state": "ACT",
        "price": "7500",
        "price_per_unit": "5000",
        "price_unit": "G"
      },
      {
        "state": "NT",
        "price": "7500",
        "price_per_unit": "5000",
        "price_unit": "G"
      }
    ]
  },
  {
    "source_url": "https://www.woolworths.com.au/shop/productdetails/1075041385/clarins-ever-matte-loose-powder-02-universal-medium-15g-0-5oz",
    "name": "Clarins Ever Matte Loose Powder - # 02 Universal Medium 15g/0.5oz",
    "image_url": "https://cdn1.woolworths.media/content/wowproductimages/large/1075041385.jpg",
    "source_id": "Woolworths - 1075041385",
    "barcode": null,
    "shop": "Woolworths",
    "weight": "10G",
    "prices": [
      {
        "state": "NSW",
        "price": "7000",
        "price_per_unit": "4667",
        "price_unit": "G"
      },
      {
        "state": "VIC",
        "price": "7000",
        "price_per_unit": "4667",
        "price_unit": "G"
      },
      {
        "state": "QLD",
        "price": "7000",
        "price_per_unit": "4667",
        "price_unit": "G"
      },
      {
        "state": "WA",
        "price": "7000",
        "price_per_unit": "4667",
        "price_unit": "G"
      },
      {
        "state": "SA",
        "price": "7000",
        "price_per_unit": "4667",
        "price_unit": "G"
      },
      {
        "state": "TAS",
        "price": "7000",
        "price_per_unit": "4667",
        "price_unit": "G"
      },
      {
        "state": "ACT",
        "price": "7000",
        "price_per_unit": "4667",
        "price_unit": "G"
      },
      {
        "state": "NT",
        "price": "7000",
        "price_per_unit": "4667",
        "price_unit": "G"
      }
    ]
  },
  {
    "source_url": "https://www.woolworths.com.au/shop/productdetails/1074925672/clarins-ever-matte-loose-powder-03-universal-deep-15g-0-5oz",
    "name": "Clarins Ever Matte Loose Powder - # 03 Universal Deep 15g/0.5oz",
    "image_url": "https://cdn1.woolworths.media/content/wowproductimages/large/1074925672.jpg",
    "source_id": "Woolworths - 1074925672",
    "barcode": null,
    "shop": "Woolworths",
    "weight": "10G",
    "prices": [
      {
        "state": "NSW",
        "price": "6900",
        "price_per_unit": "4600",
        "price_unit": "G"
      },
      {
        "state": "VIC",
        "price": "6900",
        "price_per_unit": "4600",
        "price_unit": "G"
      },
      {
        "state": "QLD",
        "price": "6900",
        "price_per_unit": "4600",
        "price_unit": "G"
      },
      {
        "state": "WA",
        "price": "6900",
        "price_per_unit": "4600",
        "price_unit": "G"
      },
      {
        "state": "SA",
        "price": "6900",
        "price_per_unit": "4600",
        "price_unit": "G"
      },
      {
        "state": "TAS",
        "price": "6900",
        "price_per_unit": "4600",
        "price_unit": "G"
      },
      {
        "state": "ACT",
        "price": "6900",
        "price_per_unit": "4600",
        "price_unit": "G"
      },
      {
        "state": "NT",
        "price": "6900",
        "price_per_unit": "4600",
        "price_unit": "G"
      }
    ]
  },
  {
    "source_url": "https://www.woolworths.com.au/shop/productdetails/1074925673/clarins-everlasting-concealer-01-light-12ml-0-4oz",
    "name": "Clarins Everlasting Concealer - # 01 Light 12ml/0.4oz",
    "image_url": "https://cdn1.woolworths.media/content/wowproductimages/large/1074925673.jpg",
    "source_id": "Woolworths - 1074925673",
    "barcode": null,
    "shop": "Woolworths",
    "weight": "10ML",
    "prices": [
      {
        "state": "NSW",
        "price": "5500",
        "price_per_unit": "4583",
        "price_unit": "ML"
      },
      {
        "state": "VIC",
        "price": "5500",
        "price_per_unit": "4583",
        "price_unit": "ML"
      },
      {
        "state": "QLD",
        "price": "5500",
        "price_per_unit": "4583",
        "price_unit": "ML"
      },
      {
        "state": "WA",
        "price": "5500",
        "price_per_unit": "4583",
        "price_unit": "ML"
      },
      {
        "state": "SA",
        "price": "5500",
        "price_per_unit": "4583",
        "price_unit": "ML"
      },
      {
        "state": "TAS",
        "price": "5500",
        "price_per_unit": "4583",
        "price_unit": "ML"
      },
      {
        "state": "ACT",
        "price": "5500",
        "price_per_unit": "4583",
        "price_unit": "ML"
      },
      {
        "state": "NT",
        "price": "5500",
        "price_per_unit": "4583",
        "price_unit": "ML"
      }
    ]
  },
  {
    "source_url": "https://www.woolworths.com.au/shop/productdetails/1075708106/clarins-everlasting-concealer-02-light-medium-12ml-0-4oz",
    "name": "Clarins Everlasting Concealer - # 02 Light Medium 12ml/0.4oz",
    "image_url": "https://cdn1.woolworths.media/content/wowproductimages/large/1075708106.jpg",
    "source_id": "Woolworths - 1075708106",
    "barcode": null,
    "shop": "Woolworths",
    "weight": "10ML",
    "prices": [
      {
        "state": "NSW",
        "price": "5800",
        "price_per_unit": "4833",
        "price_unit": "ML"
      },
      {
        "state": "VIC",
        "price": "5800",
        "price_per_unit": "4833",
        "price_unit": "ML"
      },
      {
        "state": "QLD",
        "price": "5800",
        "price_per_unit": "4833",
        "price_unit": "ML"
      },
      {
        "state": "WA",
        "price": "5800",
        "price_per_unit": "4833",
        "price_unit": "ML"
      },
      {
        "state": "SA",
        "price": "5800",
        "price_per_unit": "4833",
        "price_unit": "ML"
      },
      {
        "state": "TAS",
        "price": "5800",
        "price_per_unit": "4833",
        "price_unit": "ML"
      },
      {
        "state": "ACT",
        "price": "5800",
        "price_per_unit": "4833",
        "price_unit": "ML"
      },
      {
        "state": "NT",
        "price": "5800",
        "price_per_unit": "4833",
        "price_unit": "ML"
      }
    ]
  },
  {
    "source_url": "https://www.woolworths.com.au/shop/productdetails/1074752459/clarins-everlasting-concealer-02-5-medium-12ml-0-4oz",
    "name": "Clarins Everlasting Concealer - # 02.5 Medium 12ml/0.4oz",
    "image_url": "https://cdn1.woolworths.media/content/wowproductimages/large/1074752459.jpg",
    "source_id": "Woolworths - 1074752459",
    "barcode": null,
    "shop": "Woolworths",
    "weight": "10ML",
    "prices": [
      {
        "state": "NSW",
        "price": "9680",
        "price_per_unit": "8067",
        "price_unit": "ML"
      },
      {
        "state": "VIC",
        "price": "9680",
        "price_per_unit": "8067",
        "price_unit": "ML"
      },
      {
        "state": "QLD",
        "price": "9680",
        "price_per_unit": "8067",
        "price_unit": "ML"
      },
      {
        "state": "WA",
        "price": "9680",
        "price_per_unit": "8067",
        "price_unit": "ML"
      },
      {
        "state": "SA",
        "price": "9680",
        "price_per_unit": "8067",
        "price_unit": "ML"
      },
      {
        "state": "TAS",
        "price": "9680",
        "price_per_unit": "8067",
        "price_unit": "ML"
      },
      {
        "state": "ACT",
        "price": "9680",
        "price_per_unit": "8067",
        "price_unit": "ML"
      },
      {
        "state": "NT",
        "price": "9680",
        "price_per_unit": "8067",
        "price_unit": "ML"
      }
    ]
  },
  {
    "source_url": "https://www.woolworths.com.au/shop/productdetails/1075284781/clarins-everlasting-concealer-03-medium-deep-12ml-0-4oz",
    "name": "Clarins Everlasting Concealer - # 03 Medium Deep 12ml/0.4oz",
    "image_url": "https://cdn1.woolworths.media/content/wowproductimages/large/1075284781.jpg",
    "source_id": "Woolworths - 1075284781",
    "barcode": null,
    "shop": "Woolworths",
    "weight": "10ML",
    "prices": [
      {
        "state": "NSW",
        "price": "5800",
        "price_per_unit": "4833",
        "price_unit": "ML"
      },
      {
        "state": "VIC",
        "price": "5800",
        "price_per_unit": "4833",
        "price_unit": "ML"
      },
      {
        "state": "QLD",
        "price": "5800",
        "price_per_unit": "4833",
        "price_unit": "ML"
      },
      {
        "state": "WA",
        "price": "5800",
        "price_per_unit": "4833",
        "price_unit": "ML"
      },
      {
        "state": "SA",
        "price": "5800",
        "price_per_unit": "4833",
        "price_unit": "ML"
      },
      {
        "state": "TAS",
        "price": "5800",
        "price_per_unit": "4833",
        "price_unit": "ML"
      },
      {
        "state": "ACT",
        "price": "5800",
        "price_per_unit": "4833",
        "price_unit": "ML"
      },
      {
        "state": "NT",
        "price": "5800",
        "price_per_unit": "4833",
        "price_unit": "ML"
      }
    ]
  },
  {
    "source_url": "https://www.woolworths.com.au/shop/productdetails/1074925675/clarins-everlasting-long-wearing-hydrating-matte-foundation-105n-nude-30ml-1oz",
    "name": "Clarins Everlasting Long Wearing & Hydrating Matte Foundation - # 105N Nude 30ml/1oz",
    "image_url": "https://cdn1.woolworths.media/content/wowproductimages/large/1074925675.jpg",
    "source_id": "Woolworths - 1074925675",
    "barcode": null,
    "shop": "Woolworths",
    "weight": "10ML",
    "prices": [
      {
        "state": "NSW",
        "price": "8000",
        "price_per_unit": "2667",
        "price_unit": "ML"
      },
      {
        "state": "VIC",
        "price": "8000",
        "price_per_unit": "2667",
        "price_unit": "ML"
      },
      {
        "state": "QLD",
        "price": "8000",
        "price_per_unit": "2667",
        "price_unit": "ML"
      },
      {
        "state": "WA",
        "price": "8000",
        "price_per_unit": "2667",
        "price_unit": "ML"
      },
      {
        "state": "SA",
        "price": "8000",
        "price_per_unit": "2667",
        "price_unit": "ML"
      },
      {
        "state": "TAS",
        "price": "8000",
        "price_per_unit": "2667",
        "price_unit": "ML"
      },
      {
        "state": "ACT",
        "price": "8000",
        "price_per_unit": "2667",
        "price_unit": "ML"
      },
      {
        "state": "NT",
        "price": "8000",
        "price_per_unit": "2667",
        "price_unit": "ML"
      }
    ]
  },
  {
    "source_url": "https://www.woolworths.com.au/shop/productdetails/1074925676/clarins-everlasting-long-wearing-hydrating-matte-foundation-107c-beige-30ml-1oz",
    "name": "Clarins Everlasting Long Wearing & Hydrating Matte Foundation - # 107C Beige 30ml/1oz",
    "image_url": "https://cdn1.woolworths.media/content/wowproductimages/large/1074925676.jpg",
    "source_id": "Woolworths - 1074925676",
    "barcode": null,
    "shop": "Woolworths",
    "weight": "10ML",
    "prices": [
      {
        "state": "NSW",
        "price": "8000",
        "price_per_unit": "2667",
        "price_unit": "ML"
      },
      {
        "state": "VIC",
        "price": "8000",
        "price_per_unit": "2667",
        "price_unit": "ML"
      },
      {
        "state": "QLD",
        "price": "8000",
        "price_per_unit": "2667",
        "price_unit": "ML"
      },
      {
        "state": "WA",
        "price": "8000",
        "price_per_unit": "2667",
        "price_unit": "ML"
      },
      {
        "state": "SA",
        "price": "8000",
        "price_per_unit": "2667",
        "price_unit": "ML"
      },
      {
        "state": "TAS",
        "price": "8000",
        "price_per_unit": "2667",
        "price_unit": "ML"
      },
      {
        "state": "ACT",
        "price": "8000",
        "price_per_unit": "2667",
        "price_unit": "ML"
      },
      {
        "state": "NT",
        "price": "8000",
        "price_per_unit": "2667",
        "price_unit": "ML"
      }
    ]
  },
  {
    "source_url": "https://www.woolworths.com.au/shop/productdetails/1074925677/clarins-everlasting-long-wearing-hydrating-matte-foundation-108-3n-organza-30ml-1oz",
    "name": "Clarins Everlasting Long Wearing & Hydrating Matte Foundation - # 108.3N Organza 30ml/1oz",
    "image_url": "https://cdn1.woolworths.media/content/wowproductimages/large/1074925677.jpg",
    "source_id": "Woolworths - 1074925677",
    "barcode": null,
    "shop": "Woolworths",
    "weight": "10ML",
    "prices": [
      {
        "state": "NSW",
        "price": "8600",
        "price_per_unit": "2867",
        "price_unit": "ML"
      },
      {
        "state": "VIC",
        "price": "8600",
        "price_per_unit": "2867",
        "price_unit": "ML"
      },
      {
        "state": "QLD",
        "price": "8600",
        "price_per_unit": "2867",
        "price_unit": "ML"
      },
      {
        "state": "WA",
        "price": "8600",
        "price_per_unit": "2867",
        "price_unit": "ML"
      },
      {
        "state": "SA",
        "price": "8600",
        "price_per_unit": "2867",
        "price_unit": "ML"
      },
      {
        "state": "TAS",
        "price": "8600",
        "price_per_unit": "2867",
        "price_unit": "ML"
      },
      {
        "state": "ACT",
        "price": "8600",
        "price_per_unit": "2867",
        "price_unit": "ML"
      },
      {
        "state": "NT",
        "price": "8600",
        "price_per_unit": "2867",
        "price_unit": "ML"
      }
    ]
  },
  {
    "source_url": "https://www.woolworths.com.au/shop/productdetails/1074925678/clarins-everlasting-long-wearing-hydrating-matte-foundation-108-5w-cashew-30ml-1oz",
    "name": "Clarins Everlasting Long Wearing & Hydrating Matte Foundation - # 108.5W Cashew 30ml/1oz",
    "image_url": "https://cdn1.woolworths.media/content/wowproductimages/large/1074925678.jpg",
    "source_id": "Woolworths - 1074925678",
    "barcode": null,
    "shop": "Woolworths",
    "weight": "10ML",
    "prices": [
      {
        "state": "NSW",
        "price": "7200",
        "price_per_unit": "2400",
        "price_unit": "ML"
      },
      {
        "state": "VIC",
        "price": "7200",
        "price_per_unit": "2400",
        "price_unit": "ML"
      },
      {
        "state": "QLD",
        "price": "7200",
        "price_per_unit": "2400",
        "price_unit": "ML"
      },
      {
        "state": "WA",
        "price": "7200",
        "price_per_unit": "2400",
        "price_unit": "ML"
      },
      {
        "state": "SA",
        "price": "7200",
        "price_per_unit": "2400",
        "price_unit": "ML"
      },
      {
        "state": "TAS",
        "price": "7200",
        "price_per_unit": "2400",
        "price_unit": "ML"
      },
      {
        "state": "ACT",
        "price": "7200",
        "price_per_unit": "2400",
        "price_unit": "ML"
      },
      {
        "state": "NT",
        "price": "7200",
        "price_per_unit": "2400",
        "price_unit": "ML"
      }
    ]
  },
  {
    "source_url": "https://www.woolworths.com.au/shop/productdetails/1074925679/clarins-everlasting-long-wearing-hydrating-matte-foundation-108w-sand-30ml-1oz",
    "name": "Clarins Everlasting Long Wearing & Hydrating Matte Foundation - # 108W Sand 30ml/1oz",
    "image_url": "https://cdn1.woolworths.media/content/wowproductimages/large/1074925679.jpg",
    "source_id": "Woolworths - 1074925679",
    "barcode": null,
    "shop": "Woolworths",
    "weight": "10ML",
    "prices": [
      {
        "state": "NSW",
        "price": "8000",
        "price_per_unit": "2667",
        "price_unit": "ML"
      },
      {
        "state": "VIC",
        "price": "8000",
        "price_per_unit": "2667",
        "price_unit": "ML"
      },
      {
        "state": "QLD",
        "price": "8000",
        "price_per_unit": "2667",
        "price_unit": "ML"
      },
      {
        "state": "WA",
        "price": "8000",
        "price_per_unit": "2667",
        "price_unit": "ML"
      },
      {
        "state": "SA",
        "price": "8000",
        "price_per_unit": "2667",
        "price_unit": "ML"
      },
      {
        "state": "TAS",
        "price": "8000",
        "price_per_unit": "2667",
        "price_unit": "ML"
      },
      {
        "state": "ACT",
        "price": "8000",
        "price_per_unit": "2667",
        "price_unit": "ML"
      },
      {
        "state": "NT",
        "price": "8000",
        "price_per_unit": "2667",
        "price_unit": "ML"
      }
    ]
  },
  {
    "source_url": "https://www.woolworths.com.au/shop/productdetails/1074925680/clarins-everlasting-long-wearing-hydrating-matte-foundation-109c-wheat-30ml-1oz",
    "name": "Clarins Everlasting Long Wearing & Hydrating Matte Foundation - # 109C Wheat 30ml/1oz",
    "image_url": "https://cdn1.woolworths.media/content/wowproductimages/large/1074925680.jpg",
    "source_id": "Woolworths - 1074925680",
    "barcode": null,
    "shop": "Woolworths",
    "weight": "10ML",
    "prices": [
      {
        "state": "NSW",
        "price": "7200",
        "price_per_unit": "2400",
        "price_unit": "ML"
      },
      {
        "state": "VIC",
        "price": "7200",
        "price_per_unit": "2400",
        "price_unit": "ML"
      },
      {
        "state": "QLD",
        "price": "7200",
        "price_per_unit": "2400",
        "price_unit": "ML"
      },
      {
        "state": "WA",
        "price": "7200",
        "price_per_unit": "2400",
        "price_unit": "ML"
      },
      {
        "state": "SA",
        "price": "7200",
        "price_per_unit": "2400",
        "price_unit": "ML"
      },
      {
        "state": "TAS",
        "price": "7200",
        "price_per_unit": "2400",
        "price_unit": "ML"
      },
      {
        "state": "ACT",
        "price": "7200",
        "price_per_unit": "2400",
        "price_unit": "ML"
      },
      {
        "state": "NT",
        "price": "7200",
        "price_per_unit": "2400",
        "price_unit": "ML"
      }
    ]
  },
  {
    "source_url": "https://www.woolworths.com.au/shop/productdetails/1074925681/clarins-everlasting-long-wearing-hydrating-matte-foundation-110-5w-tawny-30ml-1oz",
    "name": "Clarins Everlasting Long Wearing & Hydrating Matte Foundation - # 110.5W Tawny 30ml/1oz",
    "image_url": "https://cdn1.woolworths.media/content/wowproductimages/large/1074925681.jpg",
    "source_id": "Woolworths - 1074925681",
    "barcode": null,
    "shop": "Woolworths",
    "weight": "10ML",
    "prices": [
      {
        "state": "NSW",
        "price": "8000",
        "price_per_unit": "2667",
        "price_unit": "ML"
      },
      {
        "state": "VIC",
        "price": "8000",
        "price_per_unit": "2667",
        "price_unit": "ML"
      },
      {
        "state": "QLD",
        "price": "8000",
        "price_per_unit": "2667",
        "price_unit": "ML"
      },
      {
        "state": "WA",
        "price": "8000",
        "price_per_unit": "2667",
        "price_unit": "ML"
      },
      {
        "state": "SA",
        "price": "8000",
        "price_per_unit": "2667",
        "price_unit": "ML"
      },
      {
        "state": "TAS",
        "price": "8000",
        "price_per_unit": "2667",
        "price_unit": "ML"
      },
      {
        "state": "ACT",
        "price": "8000",
        "price_per_unit": "2667",
        "price_unit": "ML"
      },
      {
        "state": "NT",
        "price": "8000",
        "price_per_unit": "2667",
        "price_unit": "ML"
      }
    ]
  },
  {
    "source_url": "https://www.woolworths.com.au/shop/productdetails/1074752460/clarins-everlasting-long-wearing-hydrating-matte-foundation-110n-honey-30ml-1oz",
    "name": "Clarins Everlasting Long Wearing & Hydrating Matte Foundation - # 110N Honey 30ml/1oz",
    "image_url": "https://cdn1.woolworths.media/content/wowproductimages/large/1074752460.jpg",
    "source_id": "Woolworths - 1074752460",
    "barcode": null,
    "shop": "Woolworths",
    "weight": "10ML",
    "prices": [
      {
        "state": "NSW",
        "price": "12430",
        "price_per_unit": "4143",
        "price_unit": "ML"
      },
      {
        "state": "VIC",
        "price": "12430",
        "price_per_unit": "4143",
        "price_unit": "ML"
      },
      {
        "state": "QLD",
        "price": "12430",
        "price_per_unit": "4143",
        "price_unit": "ML"
      },
      {
        "state": "WA",
        "price": "12430",
        "price_per_unit": "4143",
        "price_unit": "ML"
      },
      {
        "state": "SA",
        "price": "12430",
        "price_per_unit": "4143",
        "price_unit": "ML"
      },
      {
        "state": "TAS",
        "price": "12430",
        "price_per_unit": "4143",
        "price_unit": "ML"
      },
      {
        "state": "ACT",
        "price": "12430",
        "price_per_unit": "4143",
        "price_unit": "ML"
      },
      {
        "state": "NT",
        "price": "12430",
        "price_per_unit": "4143",
        "price_unit": "ML"
      }
    ]
  },
  {
    "source_url": "https://www.woolworths.com.au/shop/productdetails/1074925682/clarins-everlasting-long-wearing-hydrating-matte-foundation-111n-auburn-30ml-1oz",
    "name": "Clarins Everlasting Long Wearing & Hydrating Matte Foundation - # 111N Auburn 30ml/1oz",
    "image_url": "https://cdn1.woolworths.media/content/wowproductimages/large/1074925682.jpg",
    "source_id": "Woolworths - 1074925682",
    "barcode": null,
    "shop": "Woolworths",
    "weight": "10ML",
    "prices": [
      {
        "state": "NSW",
        "price": "8000",
        "price_per_unit": "2667",
        "price_unit": "ML"
      },
      {
        "state": "VIC",
        "price": "8000",
        "price_per_unit": "2667",
        "price_unit": "ML"
      },
      {
        "state": "QLD",
        "price": "8000",
        "price_per_unit": "2667",
        "price_unit": "ML"
      },
      {
        "state": "WA",
        "price": "8000",
        "price_per_unit": "2667",
        "price_unit": "ML"
      },
      {
        "state": "SA",
        "price": "8000",
        "price_per_unit": "2667",
        "price_unit": "ML"
      },
      {
        "state": "TAS",
        "price": "8000",
        "price_per_unit": "2667",
        "price_unit": "ML"
      },
      {
        "state": "ACT",
        "price": "8000",
        "price_per_unit": "2667",
        "price_unit": "ML"
      },
      {
        "state": "NT",
        "price": "8000",
        "price_per_unit": "2667",
        "price_unit": "ML"
      }
    ]
  },
  {
    "source_url": "https://www.woolworths.com.au/shop/productdetails/1074752461/clarins-everlasting-long-wearing-hydrating-matte-foundation-112-3n-sandalwood-30ml-1oz",
    "name": "Clarins Everlasting Long Wearing & Hydrating Matte Foundation - # 112.3N Sandalwood 30ml/1oz",
    "image_url": "https://cdn1.woolworths.media/content/wowproductimages/large/1074752461.jpg",
    "source_id": "Woolworths - 1074752461",
    "barcode": null,
    "shop": "Woolworths",
    "weight": "10ML",
    "prices": [
      {
        "state": "NSW",
        "price": "12210",
        "price_per_unit": "4070",
        "price_unit": "ML"
      },
      {
        "state": "VIC",
        "price": "12210",
        "price_per_unit": "4070",
        "price_unit": "ML"
      },
      {
        "state": "QLD",
        "price": "12210",
        "price_per_unit": "4070",
        "price_unit": "ML"
      },
      {
        "state": "WA",
        "price": "12210",
        "price_per_unit": "4070",
        "price_unit": "ML"
      },
      {
        "state": "SA",
        "price": "12210",
        "price_per_unit": "4070",
        "price_unit": "ML"
      },
      {
        "state": "TAS",
        "price": "12210",
        "price_per_unit": "4070",
        "price_unit": "ML"
      },
      {
        "state": "ACT",
        "price": "12210",
        "price_per_unit": "4070",
        "price_unit": "ML"
      },
      {
        "state": "NT",
        "price": "12210",
        "price_per_unit": "4070",
        "price_unit": "ML"
      }
    ]
  },
  {
    "source_url": "https://www.woolworths.com.au/shop/productdetails/1074925683/clarins-everlasting-long-wearing-hydrating-matte-foundation-112c-amber-30ml-1oz",
    "name": "Clarins Everlasting Long Wearing & Hydrating Matte Foundation - # 112C Amber 30ml/1oz",
    "image_url": "https://cdn1.woolworths.media/content/wowproductimages/large/1074925683.jpg",
    "source_id": "Woolworths - 1074925683",
    "barcode": null,
    "shop": "Woolworths",
    "weight": "10ML",
    "prices": [
      {
        "state": "NSW",
        "price": "8600",
        "price_per_unit": "2867",
        "price_unit": "ML"
      },
      {
        "state": "VIC",
        "price": "8600",
        "price_per_unit": "2867",
        "price_unit": "ML"
      },
      {
        "state": "QLD",
        "price": "8600",
        "price_per_unit": "2867",
        "price_unit": "ML"
      },
      {
        "state": "WA",
        "price": "8600",
        "price_per_unit": "2867",
        "price_unit": "ML"
      },
      {
        "state": "SA",
        "price": "8600",
        "price_per_unit": "2867",
        "price_unit": "ML"
      },
      {
        "state": "TAS",
        "price": "8600",
        "price_per_unit": "2867",
        "price_unit": "ML"
      },
      {
        "state": "ACT",
        "price": "8600",
        "price_per_unit": "2867",
        "price_unit": "ML"
      },
      {
        "state": "NT",
        "price": "8600",
        "price_per_unit": "2867",
        "price_unit": "ML"
      }
    ]
  },
  {
    "source_url": "https://www.woolworths.com.au/shop/productdetails/1074925686/clarins-everlasting-youth-fluid-illuminating-firming-foundation-spf-15-107-beige-30ml-1oz",
    "name": "Clarins Everlasting Youth Fluid Illuminating & Firming Foundation SPF 15 - # 107 Beige 30ml/1oz",
    "image_url": "https://cdn1.woolworths.media/content/wowproductimages/large/1074925686.jpg",
    "source_id": "Woolworths - 1074925686",
    "barcode": null,
    "shop": "Woolworths",
    "weight": "10ML",
    "prices": [
      {
        "state": "NSW",
        "price": "7900",
        "price_per_unit": "2633",
        "price_unit": "ML"
      },
      {
        "state": "VIC",
        "price": "7900",
        "price_per_unit": "2633",
        "price_unit": "ML"
      },
      {
        "state": "QLD",
        "price": "7900",
        "price_per_unit": "2633",
        "price_unit": "ML"
      },
      {
        "state": "WA",
        "price": "7900",
        "price_per_unit": "2633",
        "price_unit": "ML"
      },
      {
        "state": "SA",
        "price": "7900",
        "price_per_unit": "2633",
        "price_unit": "ML"
      },
      {
        "state": "TAS",
        "price": "7900",
        "price_per_unit": "2633",
        "price_unit": "ML"
      },
      {
        "state": "ACT",
        "price": "7900",
        "price_per_unit": "2633",
        "price_unit": "ML"
      },
      {
        "state": "NT",
        "price": "7900",
        "price_per_unit": "2633",
        "price_unit": "ML"
      }
    ]
  },
  {
    "source_url": "https://www.woolworths.com.au/shop/productdetails/1075386971/clarins-everlasting-youth-fluid-illuminating-firming-foundation-spf-15-110-honey-30ml-1oz",
    "name": "Clarins Everlasting Youth Fluid Illuminating & Firming Foundation SPF 15 - # 110 Honey 30ml/1oz",
    "image_url": "https://cdn1.woolworths.media/content/wowproductimages/large/1075386971.jpg",
    "source_id": "Woolworths - 1075386971",
    "barcode": null,
    "shop": "Woolworths",
    "weight": "10ML",
    "prices": [
      {
        "state": "NSW",
        "price": "8000",
        "price_per_unit": "2667",
        "price_unit": "ML"
      },
      {
        "state": "VIC",
        "price": "8000",
        "price_per_unit": "2667",
        "price_unit": "ML"
      },
      {
        "state": "QLD",
        "price": "8000",
        "price_per_unit": "2667",
        "price_unit": "ML"
      },
      {
        "state": "WA",
        "price": "8000",
        "price_per_unit": "2667",
        "price_unit": "ML"
      },
      {
        "state": "SA",
        "price": "8000",
        "price_per_unit": "2667",
        "price_unit": "ML"
      },
      {
        "state": "TAS",
        "price": "8000",
        "price_per_unit": "2667",
        "price_unit": "ML"
      },
      {
        "state": "ACT",
        "price": "8000",
        "price_per_unit": "2667",
        "price_unit": "ML"
      },
      {
        "state": "NT",
        "price": "8000",
        "price_per_unit": "2667",
        "price_unit": "ML"
      }
    ]
  },
  {
    "source_url": "https://www.woolworths.com.au/shop/productdetails/1074752473/clarins-milky-boost-foundation-01-milky-cream-50ml-1-6oz",
    "name": "Clarins Milky Boost Foundation - # 01 Milky Cream 50ml/1.6oz",
    "image_url": "https://cdn1.woolworths.media/content/wowproductimages/large/1074752473.jpg",
    "source_id": "Woolworths - 1074752473",
    "barcode": null,
    "shop": "Woolworths",
    "weight": "10ML",
    "prices": [
      {
        "state": "NSW",
        "price": "11440",
        "price_per_unit": "2288",
        "price_unit": "ML"
      },
      {
        "state": "VIC",
        "price": "11440",
        "price_per_unit": "2288",
        "price_unit": "ML"
      },
      {
        "state": "QLD",
        "price": "11440",
        "price_per_unit": "2288",
        "price_unit": "ML"
      },
      {
        "state": "WA",
        "price": "11440",
        "price_per_unit": "2288",
        "price_unit": "ML"
      },
      {
        "state": "SA",
        "price": "11440",
        "price_per_unit": "2288",
        "price_unit": "ML"
      },
      {
        "state": "TAS",
        "price": "11440",
        "price_per_unit": "2288",
        "price_unit": "ML"
      },
      {
        "state": "ACT",
        "price": "11440",
        "price_per_unit": "2288",
        "price_unit": "ML"
      },
      {
        "state": "NT",
        "price": "11440",
        "price_per_unit": "2288",
        "price_unit": "ML"
      }
    ]
  },
  {
    "source_url": "https://www.woolworths.com.au/shop/productdetails/1074925709/clarins-milky-boost-foundation-03-milky-cashew-50ml-1-6oz",
    "name": "Clarins Milky Boost Foundation - # 03 Milky Cashew 50ml/1.6oz",
    "image_url": "https://cdn1.woolworths.media/content/wowproductimages/large/1074925709.jpg",
    "source_id": "Woolworths - 1074925709",
    "barcode": null,
    "shop": "Woolworths",
    "weight": "10ML",
    "prices": [
      {
        "state": "NSW",
        "price": "7100",
        "price_per_unit": "1420",
        "price_unit": "ML"
      },
      {
        "state": "VIC",
        "price": "7100",
        "price_per_unit": "1420",
        "price_unit": "ML"
      },
      {
        "state": "QLD",
        "price": "7100",
        "price_per_unit": "1420",
        "price_unit": "ML"
      },
      {
        "state": "WA",
        "price": "7100",
        "price_per_unit": "1420",
        "price_unit": "ML"
      },
      {
        "state": "SA",
        "price": "7100",
        "price_per_unit": "1420",
        "price_unit": "ML"
      },
      {
        "state": "TAS",
        "price": "7100",
        "price_per_unit": "1420",
        "price_unit": "ML"
      },
      {
        "state": "ACT",
        "price": "7100",
        "price_per_unit": "1420",
        "price_unit": "ML"
      },
      {
        "state": "NT",
        "price": "7100",
        "price_per_unit": "1420",
        "price_unit": "ML"
      }
    ]
  },
  {
    "source_url": "https://www.woolworths.com.au/shop/productdetails/1075209754/clarins-milky-boost-foundation-05-milky-sandalwood-50ml-1-6oz",
    "name": "Clarins Milky Boost Foundation - # 05 Milky Sandalwood 50ml/1.6oz",
    "image_url": "https://cdn1.woolworths.media/content/wowproductimages/large/1075209754.jpg",
    "source_id": "Woolworths - 1075209754",
    "barcode": null,
    "shop": "Woolworths",
    "weight": "10ML",
    "prices": [
      {
        "state": "NSW",
        "price": "7100",
        "price_per_unit": "1420",
        "price_unit": "ML"
      },
      {
        "state": "VIC",
        "price": "7100",
        "price_per_unit": "1420",
        "price_unit": "ML"
      },
      {
        "state": "QLD",
        "price": "7100",
        "price_per_unit": "1420",
        "price_unit": "ML"
      },
      {
        "state": "WA",
        "price": "7100",
        "price_per_unit": "1420",
        "price_unit": "ML"
      },
      {
        "state": "SA",
        "price": "7100",
        "price_per_unit": "1420",
        "price_unit": "ML"
      },
      {
        "state": "TAS",
        "price": "7100",
        "price_per_unit": "1420",
        "price_unit": "ML"
      },
      {
        "state": "ACT",
        "price": "7100",
        "price_per_unit": "1420",
        "price_unit": "ML"
      },
      {
        "state": "NT",
        "price": "7100",
        "price_per_unit": "1420",
        "price_unit": "ML"
      }
    ]
  },
  {
    "source_url": "https://www.woolworths.com.au/shop/productdetails/1075025899/clarins-skin-illusion-natural-hydrating-foundation-spf-15-107c-30ml-1oz",
    "name": "Clarins Skin Illusion Natural Hydrating Foundation SPF 15 #107C 30ml/1oz",
    "image_url": "https://cdn1.woolworths.media/content/wowproductimages/large/1075025899.jpg",
    "source_id": "Woolworths - 1075025899",
    "barcode": null,
    "shop": "Woolworths",
    "weight": "10ML",
    "prices": [
      {
        "state": "NSW",
        "price": "8100",
        "price_per_unit": "2700",
        "price_unit": "ML"
      },
      {
        "state": "VIC",
        "price": "8100",
        "price_per_unit": "2700",
        "price_unit": "ML"
      },
      {
        "state": "QLD",
        "price": "8100",
        "price_per_unit": "2700",
        "price_unit": "ML"
      },
      {
        "state": "WA",
        "price": "8100",
        "price_per_unit": "2700",
        "price_unit": "ML"
      },
      {
        "state": "SA",
        "price": "8100",
        "price_per_unit": "2700",
        "price_unit": "ML"
      },
      {
        "state": "TAS",
        "price": "8100",
        "price_per_unit": "2700",
        "price_unit": "ML"
      },
      {
        "state": "ACT",
        "price": "8100",
        "price_per_unit": "2700",
        "price_unit": "ML"
      },
      {
        "state": "NT",
        "price": "8100",
        "price_per_unit": "2700",
        "price_unit": "ML"
      }
    ]
  },
  {
    "source_url": "https://www.woolworths.com.au/shop/productdetails/1075575745/clarins-skin-illusion-natural-hydrating-foundation-spf-15-108-5w-30ml-1oz",
    "name": "Clarins Skin Illusion Natural Hydrating Foundation SPF 15 #108.5W 30ml/1oz",
    "image_url": "https://cdn1.woolworths.media/content/wowproductimages/large/1075575745.jpg",
    "source_id": "Woolworths - 1075575745",
    "barcode": null,
    "shop": "Woolworths",
    "weight": "10ML",
    "prices": [
      {
        "state": "NSW",
        "price": "8100",
        "price_per_unit": "2700",
        "price_unit": "ML"
      },
      {
        "state": "VIC",
        "price": "8100",
        "price_per_unit": "2700",
        "price_unit": "ML"
      },
      {
        "state": "QLD",
        "price": "8100",
        "price_per_unit": "2700",
        "price_unit": "ML"
      },
      {
        "state": "WA",
        "price": "8100",
        "price_per_unit": "2700",
        "price_unit": "ML"
      },
      {
        "state": "SA",
        "price": "8100",
        "price_per_unit": "2700",
        "price_unit": "ML"
      },
      {
        "state": "TAS",
        "price": "8100",
        "price_per_unit": "2700",
        "price_unit": "ML"
      },
      {
        "state": "ACT",
        "price": "8100",
        "price_per_unit": "2700",
        "price_unit": "ML"
      },
      {
        "state": "NT",
        "price": "8100",
        "price_per_unit": "2700",
        "price_unit": "ML"
      }
    ]
  },
  {
    "source_url": "https://www.woolworths.com.au/shop/productdetails/1075586521/clarins-skin-illusion-natural-hydrating-foundation-spf-15-108w-30ml-1oz",
    "name": "Clarins Skin Illusion Natural Hydrating Foundation SPF 15 #108W 30ml/1oz",
    "image_url": "https://cdn1.woolworths.media/content/wowproductimages/large/1075586521.jpg",
    "source_id": "Woolworths - 1075586521",
    "barcode": null,
    "shop": "Woolworths",
    "weight": "10ML",
    "prices": [
      {
        "state": "NSW",
        "price": "8100",
        "price_per_unit": "2700",
        "price_unit": "ML"
      },
      {
        "state": "VIC",
        "price": "8100",
        "price_per_unit": "2700",
        "price_unit": "ML"
      },
      {
        "state": "QLD",
        "price": "8100",
        "price_per_unit": "2700",
        "price_unit": "ML"
      },
      {
        "state": "WA",
        "price": "8100",
        "price_per_unit": "2700",
        "price_unit": "ML"
      },
      {
        "state": "SA",
        "price": "8100",
        "price_per_unit": "2700",
        "price_unit": "ML"
      },
      {
        "state": "TAS",
        "price": "8100",
        "price_per_unit": "2700",
        "price_unit": "ML"
      },
      {
        "state": "ACT",
        "price": "8100",
        "price_per_unit": "2700",
        "price_unit": "ML"
      },
      {
        "state": "NT",
        "price": "8100",
        "price_per_unit": "2700",
        "price_unit": "ML"
      }
    ]
  },
  {
    "source_url": "https://www.woolworths.com.au/shop/productdetails/1075575746/clarins-skin-illusion-natural-hydrating-foundation-spf-15-112-3n-30ml-1oz",
    "name": "Clarins Skin Illusion Natural Hydrating Foundation SPF 15 #112.3N 30ml/1oz",
    "image_url": "https://cdn1.woolworths.media/content/wowproductimages/large/1075575746.jpg",
    "source_id": "Woolworths - 1075575746",
    "barcode": null,
    "shop": "Woolworths",
    "weight": "10ML",
    "prices": [
      {
        "state": "NSW",
        "price": "8100",
        "price_per_unit": "2700",
        "price_unit": "ML"
      },
      {
        "state": "VIC",
        "price": "8100",
        "price_per_unit": "2700",
        "price_unit": "ML"
      },
      {
        "state": "QLD",
        "price": "8100",
        "price_per_unit": "2700",
        "price_unit": "ML"
      },
      {
        "state": "WA",
        "price": "8100",
        "price_per_unit": "2700",
        "price_unit": "ML"
      },
      {
        "state": "SA",
        "price": "8100",
        "price_per_unit": "2700",
        "price_unit": "ML"
      },
      {
        "state": "TAS",
        "price": "8100",
        "price_per_unit": "2700",
        "price_unit": "ML"
      },
      {
        "state": "ACT",
        "price": "8100",
        "price_per_unit": "2700",
        "price_unit": "ML"
      },
      {
        "state": "NT",
        "price": "8100",
        "price_per_unit": "2700",
        "price_unit": "ML"
      }
    ]
  },
  {
    "source_url": "https://www.woolworths.com.au/shop/productdetails/1075577084/clarins-skin-illusion-natural-hydrating-foundation-spf-15-112c-30ml-1oz",
    "name": "Clarins Skin Illusion Natural Hydrating Foundation SPF 15 #112C 30ml/1oz",
    "image_url": "https://cdn1.woolworths.media/content/wowproductimages/large/1075577084.jpg",
    "source_id": "Woolworths - 1075577084",
    "barcode": null,
    "shop": "Woolworths",
    "weight": "10ML",
    "prices": [
      {
        "state": "NSW",
        "price": "8100",
        "price_per_unit": "2700",
        "price_unit": "ML"
      },
      {
        "state": "VIC",
        "price": "8100",
        "price_per_unit": "2700",
        "price_unit": "ML"
      },
      {
        "state": "QLD",
        "price": "8100",
        "price_per_unit": "2700",
        "price_unit": "ML"
      },
      {
        "state": "WA",
        "price": "8100",
        "price_per_unit": "2700",
        "price_unit": "ML"
      },
      {
        "state": "SA",
        "price": "8100",
        "price_per_unit": "2700",
        "price_unit": "ML"
      },
      {
        "state": "TAS",
        "price": "8100",
        "price_per_unit": "2700",
        "price_unit": "ML"
      },
      {
        "state": "ACT",
        "price": "8100",
        "price_per_unit": "2700",
        "price_unit": "ML"
      },
      {
        "state": "NT",
        "price": "8100",
        "price_per_unit": "2700",
        "price_unit": "ML"
      }
    ]
  },
  {
    "source_url": "https://www.woolworths.com.au/shop/productdetails/1075575747/clarins-skin-illusion-natural-hydrating-foundation-spf-15-113c-30ml-1oz",
    "name": "Clarins Skin Illusion Natural Hydrating Foundation SPF 15 #113C 30ml/1oz",
    "image_url": "https://cdn1.woolworths.media/content/wowproductimages/large/1075575747.jpg",
    "source_id": "Woolworths - 1075575747",
    "barcode": null,
    "shop": "Woolworths",
    "weight": "10ML",
    "prices": [
      {
        "state": "NSW",
        "price": "7500",
        "price_per_unit": "2500",
        "price_unit": "ML"
      },
      {
        "state": "VIC",
        "price": "7500",
        "price_per_unit": "2500",
        "price_unit": "ML"
      },
      {
        "state": "QLD",
        "price": "7500",
        "price_per_unit": "2500",
        "price_unit": "ML"
      },
      {
        "state": "WA",
        "price": "7500",
        "price_per_unit": "2500",
        "price_unit": "ML"
      },
      {
        "state": "SA",
        "price": "7500",
        "price_per_unit": "2500",
        "price_unit": "ML"
      },
      {
        "state": "TAS",
        "price": "7500",
        "price_per_unit": "2500",
        "price_unit": "ML"
      },
      {
        "state": "ACT",
        "price": "7500",
        "price_per_unit": "2500",
        "price_unit": "ML"
      },
      {
        "state": "NT",
        "price": "7500",
        "price_per_unit": "2500",
        "price_unit": "ML"
      }
    ]
  },
  {
    "source_url": "https://www.woolworths.com.au/shop/productdetails/1074925735/clarins-skin-illusion-velvet-natural-matifying-hydrating-foundation-111n-30ml-1oz",
    "name": "Clarins Skin Illusion Velvet Natural Matifying & Hydrating Foundation - # 111N 30ml/1oz",
    "image_url": "https://cdn1.woolworths.media/content/wowproductimages/large/1074925735.jpg",
    "source_id": "Woolworths - 1074925735",
    "barcode": null,
    "shop": "Woolworths",
    "weight": "10ML",
    "prices": [
      {
        "state": "NSW",
        "price": "7300",
        "price_per_unit": "2433",
        "price_unit": "ML"
      },
      {
        "state": "VIC",
        "price": "7300",
        "price_per_unit": "2433",
        "price_unit": "ML"
      },
      {
        "state": "QLD",
        "price": "7300",
        "price_per_unit": "2433",
        "price_unit": "ML"
      },
      {
        "state": "WA",
        "price": "7300",
        "price_per_unit": "2433",
        "price_unit": "ML"
      },
      {
        "state": "SA",
        "price": "7300",
        "price_per_unit": "2433",
        "price_unit": "ML"
      },
      {
        "state": "TAS",
        "price": "7300",
        "price_per_unit": "2433",
        "price_unit": "ML"
      },
      {
        "state": "ACT",
        "price": "7300",
        "price_per_unit": "2433",
        "price_unit": "ML"
      },
      {
        "state": "NT",
        "price": "7300",
        "price_per_unit": "2433",
        "price_unit": "ML"
      }
    ]
  },
  {
    "source_url": "https://www.woolworths.com.au/shop/productdetails/1074925736/clarins-skin-illusion-velvet-natural-matifying-hydrating-foundation-112-3n-sandalwood-30ml-1oz",
    "name": "Clarins Skin Illusion Velvet Natural Matifying & Hydrating Foundation - # 112.3N Sandalwood 30ml/1oz",
    "image_url": "https://cdn1.woolworths.media/content/wowproductimages/large/1074925736.jpg",
    "source_id": "Woolworths - 1074925736",
    "barcode": null,
    "shop": "Woolworths",
    "weight": "10ML",
    "prices": [
      {
        "state": "NSW",
        "price": "7800",
        "price_per_unit": "2600",
        "price_unit": "ML"
      },
      {
        "state": "VIC",
        "price": "7800",
        "price_per_unit": "2600",
        "price_unit": "ML"
      },
      {
        "state": "QLD",
        "price": "7800",
        "price_per_unit": "2600",
        "price_unit": "ML"
      },
      {
        "state": "WA",
        "price": "7800",
        "price_per_unit": "2600",
        "price_unit": "ML"
      },
      {
        "state": "SA",
        "price": "7800",
        "price_per_unit": "2600",
        "price_unit": "ML"
      },
      {
        "state": "TAS",
        "price": "7800",
        "price_per_unit": "2600",
        "price_unit": "ML"
      },
      {
        "state": "ACT",
        "price": "7800",
        "price_per_unit": "2600",
        "price_unit": "ML"
      },
      {
        "state": "NT",
        "price": "7800",
        "price_per_unit": "2600",
        "price_unit": "ML"
      }
    ]
  },
  {
    "source_url": "https://www.woolworths.com.au/shop/productdetails/1074925737/clarins-skin-illusion-velvet-natural-matifying-hydrating-foundation-112c-amber-30ml-1oz",
    "name": "Clarins Skin Illusion Velvet Natural Matifying & Hydrating Foundation - # 112C Amber 30ml/1oz",
    "image_url": "https://cdn1.woolworths.media/content/wowproductimages/large/1074925737.jpg",
    "source_id": "Woolworths - 1074925737",
    "barcode": null,
    "shop": "Woolworths",
    "weight": "10ML",
    "prices": [
      {
        "state": "NSW",
        "price": "7800",
        "price_per_unit": "2600",
        "price_unit": "ML"
      },
      {
        "state": "VIC",
        "price": "7800",
        "price_per_unit": "2600",
        "price_unit": "ML"
      },
      {
        "state": "QLD",
        "price": "7800",
        "price_per_unit": "2600",
        "price_unit": "ML"
      },
      {
        "state": "WA",
        "price": "7800",
        "price_per_unit": "2600",
        "price_unit": "ML"
      },
      {
        "state": "SA",
        "price": "7800",
        "price_per_unit": "2600",
        "price_unit": "ML"
      },
      {
        "state": "TAS",
        "price": "7800",
        "price_per_unit": "2600",
        "price_unit": "ML"
      },
      {
        "state": "ACT",
        "price": "7800",
        "price_per_unit": "2600",
        "price_unit": "ML"
      },
      {
        "state": "NT",
        "price": "7800",
        "price_per_unit": "2600",
        "price_unit": "ML"
      }
    ]
  },
  {
    "source_url": "https://www.woolworths.com.au/shop/productdetails/1074925738/clarins-skin-illusion-velvet-natural-matifying-hydrating-foundation-114n-30ml-1oz",
    "name": "Clarins Skin Illusion Velvet Natural Matifying & Hydrating Foundation - # 114N 30ml/1oz",
    "image_url": "https://cdn1.woolworths.media/content/wowproductimages/large/1074925738.jpg",
    "source_id": "Woolworths - 1074925738",
    "barcode": null,
    "shop": "Woolworths",
    "weight": "10ML",
    "prices": [
      {
        "state": "NSW",
        "price": "6900",
        "price_per_unit": "2300",
        "price_unit": "ML"
      },
      {
        "state": "VIC",
        "price": "6900",
        "price_per_unit": "2300",
        "price_unit": "ML"
      },
      {
        "state": "QLD",
        "price": "6900",
        "price_per_unit": "2300",
        "price_unit": "ML"
      },
      {
        "state": "WA",
        "price": "6900",
        "price_per_unit": "2300",
        "price_unit": "ML"
      },
      {
        "state": "SA",
        "price": "6900",
        "price_per_unit": "2300",
        "price_unit": "ML"
      },
      {
        "state": "TAS",
        "price": "6900",
        "price_per_unit": "2300",
        "price_unit": "ML"
      },
      {
        "state": "ACT",
        "price": "6900",
        "price_per_unit": "2300",
        "price_unit": "ML"
      },
      {
        "state": "NT",
        "price": "6900",
        "price_per_unit": "2300",
        "price_unit": "ML"
      }
    ]
  },
  {
    "source_url": "https://www.woolworths.com.au/shop/productdetails/1075599112/cle-de-peau-concealer-spf25-2-ocher-5g-0-17oz",
    "name": "Cle De Peau Concealer SPF25 - # 2 Ocher 5g/0.17oz",
    "image_url": "https://cdn1.woolworths.media/content/wowproductimages/large/1075599112.jpg",
    "source_id": "Woolworths - 1075599112",
    "barcode": null,
    "shop": "Woolworths",
    "weight": "10G",
    "prices": [
      {
        "state": "NSW",
        "price": "10500",
        "price_per_unit": "21000",
        "price_unit": "G"
      },
      {
        "state": "VIC",
        "price": "10500",
        "price_per_unit": "21000",
        "price_unit": "G"
      },
      {
        "state": "QLD",
        "price": "10500",
        "price_per_unit": "21000",
        "price_unit": "G"
      },
      {
        "state": "WA",
        "price": "10500",
        "price_per_unit": "21000",
        "price_unit": "G"
      },
      {
        "state": "SA",
        "price": "10500",
        "price_per_unit": "21000",
        "price_unit": "G"
      },
      {
        "state": "TAS",
        "price": "10500",
        "price_per_unit": "21000",
        "price_unit": "G"
      },
      {
        "state": "ACT",
        "price": "10500",
        "price_per_unit": "21000",
        "price_unit": "G"
      },
      {
        "state": "NT",
        "price": "10500",
        "price_per_unit": "21000",
        "price_unit": "G"
      }
    ]
  },
  {
    "source_url": "https://www.woolworths.com.au/shop/productdetails/1074925744/cle-de-peau-concealer-spf25-4-almond-5g-0-17oz",
    "name": "Cle De Peau Concealer SPF25 - # 4 Almond 5g/0.17oz",
    "image_url": "https://cdn1.woolworths.media/content/wowproductimages/large/1074925744.jpg",
    "source_id": "Woolworths - 1074925744",
    "barcode": null,
    "shop": "Woolworths",
    "weight": "10G",
    "prices": [
      {
        "state": "NSW",
        "price": "10500",
        "price_per_unit": "21000",
        "price_unit": "G"
      },
      {
        "state": "VIC",
        "price": "10500",
        "price_per_unit": "21000",
        "price_unit": "G"
      },
      {
        "state": "QLD",
        "price": "10500",
        "price_per_unit": "21000",
        "price_unit": "G"
      },
      {
        "state": "WA",
        "price": "10500",
        "price_per_unit": "21000",
        "price_unit": "G"
      },
      {
        "state": "SA",
        "price": "10500",
        "price_per_unit": "21000",
        "price_unit": "G"
      },
      {
        "state": "TAS",
        "price": "10500",
        "price_per_unit": "21000",
        "price_unit": "G"
      },
      {
        "state": "ACT",
        "price": "10500",
        "price_per_unit": "21000",
        "price_unit": "G"
      },
      {
        "state": "NT",
        "price": "10500",
        "price_per_unit": "21000",
        "price_unit": "G"
      }
    ]
  },
  {
    "source_url": "https://www.woolworths.com.au/shop/productdetails/1074925757/cle-de-peau-radiant-cream-foundation-n-spf-25-o10-light-ocher-21ml-0-88oz",
    "name": "Cle De Peau Radiant Cream Foundation N SPF 25 - # O10 Light  Ocher 21ml/0.88oz",
    "image_url": "https://cdn1.woolworths.media/content/wowproductimages/large/1074925757.jpg",
    "source_id": "Woolworths - 1074925757",
    "barcode": null,
    "shop": "Woolworths",
    "weight": "10ML",
    "prices": [
      {
        "state": "NSW",
        "price": "21200",
        "price_per_unit": "10095",
        "price_unit": "ML"
      },
      {
        "state": "VIC",
        "price": "21200",
        "price_per_unit": "10095",
        "price_unit": "ML"
      },
      {
        "state": "QLD",
        "price": "21200",
        "price_per_unit": "10095",
        "price_unit": "ML"
      },
      {
        "state": "WA",
        "price": "21200",
        "price_per_unit": "10095",
        "price_unit": "ML"
      },
      {
        "state": "SA",
        "price": "21200",
        "price_per_unit": "10095",
        "price_unit": "ML"
      },
      {
        "state": "TAS",
        "price": "21200",
        "price_per_unit": "10095",
        "price_unit": "ML"
      },
      {
        "state": "ACT",
        "price": "21200",
        "price_per_unit": "10095",
        "price_unit": "ML"
      },
      {
        "state": "NT",
        "price": "21200",
        "price_per_unit": "10095",
        "price_unit": "ML"
      }
    ]
  },
  {
    "source_url": "https://www.woolworths.com.au/shop/productdetails/1074925771/clinique-acne-solutions-powder-makeup-21-cream-caramel-m-g-10g-0-35oz",
    "name": "Clinique Acne Solutions Powder Makeup - # 21 Cream Caramel (M-G) 10g/0.35oz",
    "image_url": "https://cdn1.woolworths.media/content/wowproductimages/large/1074925771.jpg",
    "source_id": "Woolworths - 1074925771",
    "barcode": null,
    "shop": "Woolworths",
    "weight": "10G",
    "prices": [
      {
        "state": "NSW",
        "price": "3500",
        "price_per_unit": "3500",
        "price_unit": "G"
      },
      {
        "state": "VIC",
        "price": "3500",
        "price_per_unit": "3500",
        "price_unit": "G"
      },
      {
        "state": "QLD",
        "price": "3500",
        "price_per_unit": "3500",
        "price_unit": "G"
      },
      {
        "state": "WA",
        "price": "3500",
        "price_per_unit": "3500",
        "price_unit": "G"
      },
      {
        "state": "SA",
        "price": "3500",
        "price_per_unit": "3500",
        "price_unit": "G"
      },
      {
        "state": "TAS",
        "price": "3500",
        "price_per_unit": "3500",
        "price_unit": "G"
      },
      {
        "state": "ACT",
        "price": "3500",
        "price_per_unit": "3500",
        "price_unit": "G"
      },
      {
        "state": "NT",
        "price": "3500",
        "price_per_unit": "3500",
        "price_unit": "G"
      }
    ]
  },
  {
    "source_url": "https://www.woolworths.com.au/shop/productdetails/1075593005/clinique-almost-powder-makeup-spf-15-no-01-fair-10g-0-35oz",
    "name": "Clinique Almost Powder MakeUp SPF 15 - No. 01 Fair 10g/0.35oz",
    "image_url": "https://cdn1.woolworths.media/content/wowproductimages/large/1075593005.jpg",
    "source_id": "Woolworths - 1075593005",
    "barcode": null,
    "shop": "Woolworths",
    "weight": "10G",
    "prices": [
      {
        "state": "NSW",
        "price": "6800",
        "price_per_unit": "6800",
        "price_unit": "G"
      },
      {
        "state": "VIC",
        "price": "6800",
        "price_per_unit": "6800",
        "price_unit": "G"
      },
      {
        "state": "QLD",
        "price": "6800",
        "price_per_unit": "6800",
        "price_unit": "G"
      },
      {
        "state": "WA",
        "price": "6800",
        "price_per_unit": "6800",
        "price_unit": "G"
      },
      {
        "state": "SA",
        "price": "6800",
        "price_per_unit": "6800",
        "price_unit": "G"
      },
      {
        "state": "TAS",
        "price": "6800",
        "price_per_unit": "6800",
        "price_unit": "G"
      },
      {
        "state": "ACT",
        "price": "6800",
        "price_per_unit": "6800",
        "price_unit": "G"
      },
      {
        "state": "NT",
        "price": "6800",
        "price_per_unit": "6800",
        "price_unit": "G"
      }
    ]
  },
  {
    "source_url": "https://www.woolworths.com.au/shop/productdetails/1074925774/clinique-almost-powder-makeup-spf-15-no-02-neutral-fair-10g-0-35oz",
    "name": "Clinique Almost Powder MakeUp SPF 15 - No. 02 Neutral Fair 10g/0.35oz",
    "image_url": "https://cdn1.woolworths.media/content/wowproductimages/large/1074925774.jpg",
    "source_id": "Woolworths - 1074925774",
    "barcode": null,
    "shop": "Woolworths",
    "weight": "10G",
    "prices": [
      {
        "state": "NSW",
        "price": "7200",
        "price_per_unit": "7200",
        "price_unit": "G"
      },
      {
        "state": "VIC",
        "price": "7200",
        "price_per_unit": "7200",
        "price_unit": "G"
      },
      {
        "state": "QLD",
        "price": "7200",
        "price_per_unit": "7200",
        "price_unit": "G"
      },
      {
        "state": "WA",
        "price": "7200",
        "price_per_unit": "7200",
        "price_unit": "G"
      },
      {
        "state": "SA",
        "price": "7200",
        "price_per_unit": "7200",
        "price_unit": "G"
      },
      {
        "state": "TAS",
        "price": "7200",
        "price_per_unit": "7200",
        "price_unit": "G"
      },
      {
        "state": "ACT",
        "price": "7200",
        "price_per_unit": "7200",
        "price_unit": "G"
      },
      {
        "state": "NT",
        "price": "7200",
        "price_per_unit": "7200",
        "price_unit": "G"
      }
    ]
  },
  {
    "source_url": "https://www.woolworths.com.au/shop/productdetails/1074925775/clinique-almost-powder-makeup-spf-15-no-03-light-10g-0-35oz",
    "name": "Clinique Almost Powder MakeUp SPF 15 - No. 03 Light 10g/0.35oz",
    "image_url": "https://cdn1.woolworths.media/content/wowproductimages/large/1074925775.jpg",
    "source_id": "Woolworths - 1074925775",
    "barcode": null,
    "shop": "Woolworths",
    "weight": "10G",
    "prices": [
      {
        "state": "NSW",
        "price": "7200",
        "price_per_unit": "7200",
        "price_unit": "G"
      },
      {
        "state": "VIC",
        "price": "7200",
        "price_per_unit": "7200",
        "price_unit": "G"
      },
      {
        "state": "QLD",
        "price": "7200",
        "price_per_unit": "7200",
        "price_unit": "G"
      },
      {
        "state": "WA",
        "price": "7200",
        "price_per_unit": "7200",
        "price_unit": "G"
      },
      {
        "state": "SA",
        "price": "7200",
        "price_per_unit": "7200",
        "price_unit": "G"
      },
      {
        "state": "TAS",
        "price": "7200",
        "price_per_unit": "7200",
        "price_unit": "G"
      },
      {
        "state": "ACT",
        "price": "7200",
        "price_per_unit": "7200",
        "price_unit": "G"
      },
      {
        "state": "NT",
        "price": "7200",
        "price_per_unit": "7200",
        "price_unit": "G"
      }
    ]
  },
  {
    "source_url": "https://www.woolworths.com.au/shop/productdetails/1075388406/clinique-almost-powder-makeup-spf-15-no-04-neutral-10g-0-35oz",
    "name": "Clinique Almost Powder MakeUp SPF 15 - No. 04 Neutral 10g/0.35oz",
    "image_url": "https://cdn1.woolworths.media/content/wowproductimages/large/1075388406.jpg",
    "source_id": "Woolworths - 1075388406",
    "barcode": null,
    "shop": "Woolworths",
    "weight": "10G",
    "prices": [
      {
        "state": "NSW",
        "price": "6800",
        "price_per_unit": "6800",
        "price_unit": "G"
      },
      {
        "state": "VIC",
        "price": "6800",
        "price_per_unit": "6800",
        "price_unit": "G"
      },
      {
        "state": "QLD",
        "price": "6800",
        "price_per_unit": "6800",
        "price_unit": "G"
      },
      {
        "state": "WA",
        "price": "6800",
        "price_per_unit": "6800",
        "price_unit": "G"
      },
      {
        "state": "SA",
        "price": "6800",
        "price_per_unit": "6800",
        "price_unit": "G"
      },
      {
        "state": "TAS",
        "price": "6800",
        "price_per_unit": "6800",
        "price_unit": "G"
      },
      {
        "state": "ACT",
        "price": "6800",
        "price_per_unit": "6800",
        "price_unit": "G"
      },
      {
        "state": "NT",
        "price": "6800",
        "price_per_unit": "6800",
        "price_unit": "G"
      }
    ]
  },
  {
    "source_url": "https://www.woolworths.com.au/shop/productdetails/1074925776/clinique-almost-powder-makeup-spf-15-no-05-medium-10g-0-35oz",
    "name": "Clinique Almost Powder MakeUp SPF 15 - No. 05 Medium 10g/0.35oz",
    "image_url": "https://cdn1.woolworths.media/content/wowproductimages/large/1074925776.jpg",
    "source_id": "Woolworths - 1074925776",
    "barcode": null,
    "shop": "Woolworths",
    "weight": "10G",
    "prices": [
      {
        "state": "NSW",
        "price": "7100",
        "price_per_unit": "7100",
        "price_unit": "G"
      },
      {
        "state": "VIC",
        "price": "7100",
        "price_per_unit": "7100",
        "price_unit": "G"
      },
      {
        "state": "QLD",
        "price": "7100",
        "price_per_unit": "7100",
        "price_unit": "G"
      },
      {
        "state": "WA",
        "price": "7100",
        "price_per_unit": "7100",
        "price_unit": "G"
      },
      {
        "state": "SA",
        "price": "7100",
        "price_per_unit": "7100",
        "price_unit": "G"
      },
      {
        "state": "TAS",
        "price": "7100",
        "price_per_unit": "7100",
        "price_unit": "G"
      },
      {
        "state": "ACT",
        "price": "7100",
        "price_per_unit": "7100",
        "price_unit": "G"
      },
      {
        "state": "NT",
        "price": "7100",
        "price_per_unit": "7100",
        "price_unit": "G"
      }
    ]
  },
  {
    "source_url": "https://www.woolworths.com.au/shop/productdetails/1074925777/clinique-almost-powder-makeup-spf-15-no-06-deep-6mpy-06-10g-0-35oz",
    "name": "Clinique Almost Powder MakeUp SPF 15 - No. 06 Deep 6MPY-06 10g/0.35oz",
    "image_url": "https://cdn1.woolworths.media/content/wowproductimages/large/1074925777.jpg",
    "source_id": "Woolworths - 1074925777",
    "barcode": null,
    "shop": "Woolworths",
    "weight": "10G",
    "prices": [
      {
        "state": "NSW",
        "price": "7200",
        "price_per_unit": "7200",
        "price_unit": "G"
      },
      {
        "state": "VIC",
        "price": "7200",
        "price_per_unit": "7200",
        "price_unit": "G"
      },
      {
        "state": "QLD",
        "price": "7200",
        "price_per_unit": "7200",
        "price_unit": "G"
      },
      {
        "state": "WA",
        "price": "7200",
        "price_per_unit": "7200",
        "price_unit": "G"
      },
      {
        "state": "SA",
        "price": "7200",
        "price_per_unit": "7200",
        "price_unit": "G"
      },
      {
        "state": "TAS",
        "price": "7200",
        "price_per_unit": "7200",
        "price_unit": "G"
      },
      {
        "state": "ACT",
        "price": "7200",
        "price_per_unit": "7200",
        "price_unit": "G"
      },
      {
        "state": "NT",
        "price": "7200",
        "price_per_unit": "7200",
        "price_unit": "G"
      }
    ]
  },
  {
    "source_url": "https://www.woolworths.com.au/shop/productdetails/1075996762/clinique-anti-blemish-solutions-clearing-concealer-shade-02-10ml-0-34oz",
    "name": "Clinique Anti Blemish Solutions Clearing Concealer - # Shade 02 10ml/0.34oz",
    "image_url": "https://cdn1.woolworths.media/content/wowproductimages/large/default.png",
    "source_id": "Woolworths - 1075996762",
    "barcode": null,
    "shop": "Woolworths",
    "weight": "10ML",
    "prices": [
      {
        "state": "NSW",
        "price": "5000",
        "price_per_unit": "5000",
        "price_unit": "ML"
      },
      {
        "state": "VIC",
        "price": "5000",
        "price_per_unit": "5000",
        "price_unit": "ML"
      },
      {
        "state": "QLD",
        "price": "5000",
        "price_per_unit": "5000",
        "price_unit": "ML"
      },
      {
        "state": "WA",
        "price": "5000",
        "price_per_unit": "5000",
        "price_unit": "ML"
      },
      {
        "state": "SA",
        "price": "5000",
        "price_per_unit": "5000",
        "price_unit": "ML"
      },
      {
        "state": "TAS",
        "price": "5000",
        "price_per_unit": "5000",
        "price_unit": "ML"
      },
      {
        "state": "ACT",
        "price": "5000",
        "price_per_unit": "5000",
        "price_unit": "ML"
      },
      {
        "state": "NT",
        "price": "5000",
        "price_per_unit": "5000",
        "price_unit": "ML"
      }
    ]
  },
  {
    "source_url": "https://www.woolworths.com.au/shop/productdetails/1074925781/clinique-beyond-perfecting-foundation-concealer-01-linen-vf-n-30ml-1oz",
    "name": "Clinique Beyond Perfecting Foundation & Concealer - # 01 Linen (VF-N) 30ml/1oz",
    "image_url": "https://cdn1.woolworths.media/content/wowproductimages/large/1074925781.jpg",
    "source_id": "Woolworths - 1074925781",
    "barcode": null,
    "shop": "Woolworths",
    "weight": "10ML",
    "prices": [
      {
        "state": "NSW",
        "price": "8100",
        "price_per_unit": "2700",
        "price_unit": "ML"
      },
      {
        "state": "VIC",
        "price": "8100",
        "price_per_unit": "2700",
        "price_unit": "ML"
      },
      {
        "state": "QLD",
        "price": "8100",
        "price_per_unit": "2700",
        "price_unit": "ML"
      },
      {
        "state": "WA",
        "price": "8100",
        "price_per_unit": "2700",
        "price_unit": "ML"
      },
      {
        "state": "SA",
        "price": "8100",
        "price_per_unit": "2700",
        "price_unit": "ML"
      },
      {
        "state": "TAS",
        "price": "8100",
        "price_per_unit": "2700",
        "price_unit": "ML"
      },
      {
        "state": "ACT",
        "price": "8100",
        "price_per_unit": "2700",
        "price_unit": "ML"
      },
      {
        "state": "NT",
        "price": "8100",
        "price_per_unit": "2700",
        "price_unit": "ML"
      }
    ]
  },
  {
    "source_url": "https://www.woolworths.com.au/shop/productdetails/1075474558/clinique-beyond-perfecting-foundation-concealer-02-alabaster-vf-n-30ml-1oz",
    "name": "Clinique Beyond Perfecting Foundation & Concealer - # 02 Alabaster (VF-N) 30ml/1oz",
    "image_url": "https://cdn1.woolworths.media/content/wowproductimages/large/1075474558.jpg",
    "source_id": "Woolworths - 1075474558",
    "barcode": null,
    "shop": "Woolworths",
    "weight": "10ML",
    "prices": [
      {
        "state": "NSW",
        "price": "7500",
        "price_per_unit": "2500",
        "price_unit": "ML"
      },
      {
        "state": "VIC",
        "price": "7500",
        "price_per_unit": "2500",
        "price_unit": "ML"
      },
      {
        "state": "QLD",
        "price": "7500",
        "price_per_unit": "2500",
        "price_unit": "ML"
      },
      {
        "state": "WA",
        "price": "7500",
        "price_per_unit": "2500",
        "price_unit": "ML"
      },
      {
        "state": "SA",
        "price": "7500",
        "price_per_unit": "2500",
        "price_unit": "ML"
      },
      {
        "state": "TAS",
        "price": "7500",
        "price_per_unit": "2500",
        "price_unit": "ML"
      },
      {
        "state": "ACT",
        "price": "7500",
        "price_per_unit": "2500",
        "price_unit": "ML"
      },
      {
        "state": "NT",
        "price": "7500",
        "price_per_unit": "2500",
        "price_unit": "ML"
      }
    ]
  },
  {
    "source_url": "https://www.woolworths.com.au/shop/productdetails/1075474559/clinique-beyond-perfecting-foundation-concealer-04-creamwhip-vf-g-30ml-1oz",
    "name": "Clinique Beyond Perfecting Foundation & Concealer - # 04 Creamwhip (VF-G) 30ml/1oz",
    "image_url": "https://cdn1.woolworths.media/content/wowproductimages/large/1075474559.jpg",
    "source_id": "Woolworths - 1075474559",
    "barcode": null,
    "shop": "Woolworths",
    "weight": "10ML",
    "prices": [
      {
        "state": "NSW",
        "price": "7500",
        "price_per_unit": "2500",
        "price_unit": "ML"
      },
      {
        "state": "VIC",
        "price": "7500",
        "price_per_unit": "2500",
        "price_unit": "ML"
      },
      {
        "state": "QLD",
        "price": "7500",
        "price_per_unit": "2500",
        "price_unit": "ML"
      },
      {
        "state": "WA",
        "price": "7500",
        "price_per_unit": "2500",
        "price_unit": "ML"
      },
      {
        "state": "SA",
        "price": "7500",
        "price_per_unit": "2500",
        "price_unit": "ML"
      },
      {
        "state": "TAS",
        "price": "7500",
        "price_per_unit": "2500",
        "price_unit": "ML"
      },
      {
        "state": "ACT",
        "price": "7500",
        "price_per_unit": "2500",
        "price_unit": "ML"
      },
      {
        "state": "NT",
        "price": "7500",
        "price_per_unit": "2500",
        "price_unit": "ML"
      }
    ]
  },
  {
    "source_url": "https://www.woolworths.com.au/shop/productdetails/1075319144/clinique-beyond-perfecting-foundation-concealer-06-ivory-vf-n-30ml-1oz",
    "name": "Clinique Beyond Perfecting Foundation & Concealer - # 06 Ivory (VF-N) 30ml/1oz",
    "image_url": "https://cdn1.woolworths.media/content/wowproductimages/large/1075319144.jpg",
    "source_id": "Woolworths - 1075319144",
    "barcode": null,
    "shop": "Woolworths",
    "weight": "10ML",
    "prices": [
      {
        "state": "NSW",
        "price": "7500",
        "price_per_unit": "2500",
        "price_unit": "ML"
      },
      {
        "state": "VIC",
        "price": "7500",
        "price_per_unit": "2500",
        "price_unit": "ML"
      },
      {
        "state": "QLD",
        "price": "7500",
        "price_per_unit": "2500",
        "price_unit": "ML"
      },
      {
        "state": "WA",
        "price": "7500",
        "price_per_unit": "2500",
        "price_unit": "ML"
      },
      {
        "state": "SA",
        "price": "7500",
        "price_per_unit": "2500",
        "price_unit": "ML"
      },
      {
        "state": "TAS",
        "price": "7500",
        "price_per_unit": "2500",
        "price_unit": "ML"
      },
      {
        "state": "ACT",
        "price": "7500",
        "price_per_unit": "2500",
        "price_unit": "ML"
      },
      {
        "state": "NT",
        "price": "7500",
        "price_per_unit": "2500",
        "price_unit": "ML"
      }
    ]
  },
  {
    "source_url": "https://www.woolworths.com.au/shop/productdetails/1075474560/clinique-beyond-perfecting-foundation-concealer-07-cream-chamois-vf-g-30ml-1oz",
    "name": "Clinique Beyond Perfecting Foundation & Concealer - # 07 Cream Chamois (VF-G) 30ml/1oz",
    "image_url": "https://cdn1.woolworths.media/content/wowproductimages/large/1075474560.jpg",
    "source_id": "Woolworths - 1075474560",
    "barcode": null,
    "shop": "Woolworths",
    "weight": "10ML",
    "prices": [
      {
        "state": "NSW",
        "price": "8100",
        "price_per_unit": "2700",
        "price_unit": "ML"
      },
      {
        "state": "VIC",
        "price": "8100",
        "price_per_unit": "2700",
        "price_unit": "ML"
      },
      {
        "state": "QLD",
        "price": "8100",
        "price_per_unit": "2700",
        "price_unit": "ML"
      },
      {
        "state": "WA",
        "price": "8100",
        "price_per_unit": "2700",
        "price_unit": "ML"
      },
      {
        "state": "SA",
        "price": "8100",
        "price_per_unit": "2700",
        "price_unit": "ML"
      },
      {
        "state": "TAS",
        "price": "8100",
        "price_per_unit": "2700",
        "price_unit": "ML"
      },
      {
        "state": "ACT",
        "price": "8100",
        "price_per_unit": "2700",
        "price_unit": "ML"
      },
      {
        "state": "NT",
        "price": "8100",
        "price_per_unit": "2700",
        "price_unit": "ML"
      }
    ]
  },
  {
    "source_url": "https://www.woolworths.com.au/shop/productdetails/1074925782/clinique-beyond-perfecting-foundation-concealer-09-neutral-mf-n-30ml-1oz",
    "name": "Clinique Beyond Perfecting Foundation & Concealer - # 09 Neutral (MF-N) 30ml/1oz",
    "image_url": "https://cdn1.woolworths.media/content/wowproductimages/large/1074925782.jpg",
    "source_id": "Woolworths - 1074925782",
    "barcode": null,
    "shop": "Woolworths",
    "weight": "10ML",
    "prices": [
      {
        "state": "NSW",
        "price": "6800",
        "price_per_unit": "2267",
        "price_unit": "ML"
      },
      {
        "state": "VIC",
        "price": "6800",
        "price_per_unit": "2267",
        "price_unit": "ML"
      },
      {
        "state": "QLD",
        "price": "6800",
        "price_per_unit": "2267",
        "price_unit": "ML"
      },
      {
        "state": "WA",
        "price": "6800",
        "price_per_unit": "2267",
        "price_unit": "ML"
      },
      {
        "state": "SA",
        "price": "6800",
        "price_per_unit": "2267",
        "price_unit": "ML"
      },
      {
        "state": "TAS",
        "price": "6800",
        "price_per_unit": "2267",
        "price_unit": "ML"
      },
      {
        "state": "ACT",
        "price": "6800",
        "price_per_unit": "2267",
        "price_unit": "ML"
      },
      {
        "state": "NT",
        "price": "6800",
        "price_per_unit": "2267",
        "price_unit": "ML"
      }
    ]
  },
  {
    "source_url": "https://www.woolworths.com.au/shop/productdetails/1074925783/clinique-beyond-perfecting-foundation-concealer-11-honey-mf-g-30ml-1oz",
    "name": "Clinique Beyond Perfecting Foundation & Concealer - # 11 Honey (MF-G) 30ml/1oz",
    "image_url": "https://cdn1.woolworths.media/content/wowproductimages/large/1074925783.jpg",
    "source_id": "Woolworths - 1074925783",
    "barcode": null,
    "shop": "Woolworths",
    "weight": "10ML",
    "prices": [
      {
        "state": "NSW",
        "price": "6900",
        "price_per_unit": "2300",
        "price_unit": "ML"
      },
      {
        "state": "VIC",
        "price": "6900",
        "price_per_unit": "2300",
        "price_unit": "ML"
      },
      {
        "state": "QLD",
        "price": "6900",
        "price_per_unit": "2300",
        "price_unit": "ML"
      },
      {
        "state": "WA",
        "price": "6900",
        "price_per_unit": "2300",
        "price_unit": "ML"
      },
      {
        "state": "SA",
        "price": "6900",
        "price_per_unit": "2300",
        "price_unit": "ML"
      },
      {
        "state": "TAS",
        "price": "6900",
        "price_per_unit": "2300",
        "price_unit": "ML"
      },
      {
        "state": "ACT",
        "price": "6900",
        "price_per_unit": "2300",
        "price_unit": "ML"
      },
      {
        "state": "NT",
        "price": "6900",
        "price_per_unit": "2300",
        "price_unit": "ML"
      }
    ]
  },
  {
    "source_url": "https://www.woolworths.com.au/shop/productdetails/1074925784/clinique-beyond-perfecting-foundation-concealer-18-sand-m-n-30ml-1oz",
    "name": "Clinique Beyond Perfecting Foundation & Concealer - # 18 Sand (M-N) 30ml/1oz",
    "image_url": "https://cdn1.woolworths.media/content/wowproductimages/large/1074925784.jpg",
    "source_id": "Woolworths - 1074925784",
    "barcode": null,
    "shop": "Woolworths",
    "weight": "10ML",
    "prices": [
      {
        "state": "NSW",
        "price": "8100",
        "price_per_unit": "2700",
        "price_unit": "ML"
      },
      {
        "state": "VIC",
        "price": "8100",
        "price_per_unit": "2700",
        "price_unit": "ML"
      },
      {
        "state": "QLD",
        "price": "8100",
        "price_per_unit": "2700",
        "price_unit": "ML"
      },
      {
        "state": "WA",
        "price": "8100",
        "price_per_unit": "2700",
        "price_unit": "ML"
      },
      {
        "state": "SA",
        "price": "8100",
        "price_per_unit": "2700",
        "price_unit": "ML"
      },
      {
        "state": "TAS",
        "price": "8100",
        "price_per_unit": "2700",
        "price_unit": "ML"
      },
      {
        "state": "ACT",
        "price": "8100",
        "price_per_unit": "2700",
        "price_unit": "ML"
      },
      {
        "state": "NT",
        "price": "8100",
        "price_per_unit": "2700",
        "price_unit": "ML"
      }
    ]
  },
  {
    "source_url": "https://www.woolworths.com.au/shop/productdetails/1074925786/clinique-beyond-perfecting-foundation-concealer-6-5-buttermilk-vf-n-30ml-1oz",
    "name": "Clinique Beyond Perfecting Foundation & Concealer - # 6.5 Buttermilk (VF-N) 30ml/1oz",
    "image_url": "https://cdn1.woolworths.media/content/wowproductimages/large/1074925786.jpg",
    "source_id": "Woolworths - 1074925786",
    "barcode": null,
    "shop": "Woolworths",
    "weight": "10ML",
    "prices": [
      {
        "state": "NSW",
        "price": "8100",
        "price_per_unit": "2700",
        "price_unit": "ML"
      },
      {
        "state": "VIC",
        "price": "8100",
        "price_per_unit": "2700",
        "price_unit": "ML"
      },
      {
        "state": "QLD",
        "price": "8100",
        "price_per_unit": "2700",
        "price_unit": "ML"
      },
      {
        "state": "WA",
        "price": "8100",
        "price_per_unit": "2700",
        "price_unit": "ML"
      },
      {
        "state": "SA",
        "price": "8100",
        "price_per_unit": "2700",
        "price_unit": "ML"
      },
      {
        "state": "TAS",
        "price": "8100",
        "price_per_unit": "2700",
        "price_unit": "ML"
      },
      {
        "state": "ACT",
        "price": "8100",
        "price_per_unit": "2700",
        "price_unit": "ML"
      },
      {
        "state": "NT",
        "price": "8100",
        "price_per_unit": "2700",
        "price_unit": "ML"
      }
    ]
  },
  {
    "source_url": "https://www.woolworths.com.au/shop/productdetails/1075387297/clinique-beyond-perfecting-foundation-concealer-wn-24-cork-30ml-1oz",
    "name": "Clinique Beyond Perfecting Foundation & Concealer - # WN 24 Cork 30ml/1oz",
    "image_url": "https://cdn1.woolworths.media/content/wowproductimages/large/1075387297.jpg",
    "source_id": "Woolworths - 1075387297",
    "barcode": null,
    "shop": "Woolworths",
    "weight": "10ML",
    "prices": [
      {
        "state": "NSW",
        "price": "7500",
        "price_per_unit": "2500",
        "price_unit": "ML"
      },
      {
        "state": "VIC",
        "price": "7500",
        "price_per_unit": "2500",
        "price_unit": "ML"
      },
      {
        "state": "QLD",
        "price": "7500",
        "price_per_unit": "2500",
        "price_unit": "ML"
      },
      {
        "state": "WA",
        "price": "7500",
        "price_per_unit": "2500",
        "price_unit": "ML"
      },
      {
        "state": "SA",
        "price": "7500",
        "price_per_unit": "2500",
        "price_unit": "ML"
      },
      {
        "state": "TAS",
        "price": "7500",
        "price_per_unit": "2500",
        "price_unit": "ML"
      },
      {
        "state": "ACT",
        "price": "7500",
        "price_per_unit": "2500",
        "price_unit": "ML"
      },
      {
        "state": "NT",
        "price": "7500",
        "price_per_unit": "2500",
        "price_unit": "ML"
      }
    ]
  },
  {
    "source_url": "https://www.woolworths.com.au/shop/productdetails/1075474561/clinique-beyond-perfecting-powder-foundation-concealer-06-ivory-vf-n-14-5g-0-51oz",
    "name": "Clinique Beyond Perfecting Powder Foundation + Concealer - # 06 Ivory (VF-N) 14.5g/0.51oz",
    "image_url": "https://cdn1.woolworths.media/content/wowproductimages/large/1075474561.jpg",
    "source_id": "Woolworths - 1075474561",
    "barcode": null,
    "shop": "Woolworths",
    "weight": "10G",
    "prices": [
      {
        "state": "NSW",
        "price": "7400",
        "price_per_unit": "5103",
        "price_unit": "G"
      },
      {
        "state": "VIC",
        "price": "7400",
        "price_per_unit": "5103",
        "price_unit": "G"
      },
      {
        "state": "QLD",
        "price": "7400",
        "price_per_unit": "5103",
        "price_unit": "G"
      },
      {
        "state": "WA",
        "price": "7400",
        "price_per_unit": "5103",
        "price_unit": "G"
      },
      {
        "state": "SA",
        "price": "7400",
        "price_per_unit": "5103",
        "price_unit": "G"
      },
      {
        "state": "TAS",
        "price": "7400",
        "price_per_unit": "5103",
        "price_unit": "G"
      },
      {
        "state": "ACT",
        "price": "7400",
        "price_per_unit": "5103",
        "price_unit": "G"
      },
      {
        "state": "NT",
        "price": "7400",
        "price_per_unit": "5103",
        "price_unit": "G"
      }
    ]
  },
  {
    "source_url": "https://www.woolworths.com.au/shop/productdetails/1074925788/clinique-beyond-perfecting-powder-foundation-concealer-07-cream-chamois-vf-g-14-5g-0-51oz",
    "name": "Clinique Beyond Perfecting Powder Foundation + Concealer - # 07 Cream Chamois (VF-G) 14.5g/0.51oz",
    "image_url": "https://cdn1.woolworths.media/content/wowproductimages/large/1074925788.jpg",
    "source_id": "Woolworths - 1074925788",
    "barcode": null,
    "shop": "Woolworths",
    "weight": "10G",
    "prices": [
      {
        "state": "NSW",
        "price": "7400",
        "price_per_unit": "5103",
        "price_unit": "G"
      },
      {
        "state": "VIC",
        "price": "7400",
        "price_per_unit": "5103",
        "price_unit": "G"
      },
      {
        "state": "QLD",
        "price": "7400",
        "price_per_unit": "5103",
        "price_unit": "G"
      },
      {
        "state": "WA",
        "price": "7400",
        "price_per_unit": "5103",
        "price_unit": "G"
      },
      {
        "state": "SA",
        "price": "7400",
        "price_per_unit": "5103",
        "price_unit": "G"
      },
      {
        "state": "TAS",
        "price": "7400",
        "price_per_unit": "5103",
        "price_unit": "G"
      },
      {
        "state": "ACT",
        "price": "7400",
        "price_per_unit": "5103",
        "price_unit": "G"
      },
      {
        "state": "NT",
        "price": "7400",
        "price_per_unit": "5103",
        "price_unit": "G"
      }
    ]
  },
  {
    "source_url": "https://www.woolworths.com.au/shop/productdetails/1074925789/clinique-beyond-perfecting-powder-foundation-concealer-09-neutral-mf-n-14-5g-0-51oz",
    "name": "Clinique Beyond Perfecting Powder Foundation + Concealer - # 09 Neutral (MF-N) 14.5g/0.51oz",
    "image_url": "https://cdn1.woolworths.media/content/wowproductimages/large/1074925789.jpg",
    "source_id": "Woolworths - 1074925789",
    "barcode": null,
    "shop": "Woolworths",
    "weight": "10G",
    "prices": [
      {
        "state": "NSW",
        "price": "7400",
        "price_per_unit": "5103",
        "price_unit": "G"
      },
      {
        "state": "VIC",
        "price": "7400",
        "price_per_unit": "5103",
        "price_unit": "G"
      },
      {
        "state": "QLD",
        "price": "7400",
        "price_per_unit": "5103",
        "price_unit": "G"
      },
      {
        "state": "WA",
        "price": "7400",
        "price_per_unit": "5103",
        "price_unit": "G"
      },
      {
        "state": "SA",
        "price": "7400",
        "price_per_unit": "5103",
        "price_unit": "G"
      },
      {
        "state": "TAS",
        "price": "7400",
        "price_per_unit": "5103",
        "price_unit": "G"
      },
      {
        "state": "ACT",
        "price": "7400",
        "price_per_unit": "5103",
        "price_unit": "G"
      },
      {
        "state": "NT",
        "price": "7400",
        "price_per_unit": "5103",
        "price_unit": "G"
      }
    ]
  },
  {
    "source_url": "https://www.woolworths.com.au/shop/productdetails/1074925790/clinique-beyond-perfecting-powder-foundation-concealer-11-honey-mf-g-14-5g-0-51oz",
    "name": "Clinique Beyond Perfecting Powder Foundation + Concealer - # 11 Honey (MF-G) 14.5g/0.51oz",
    "image_url": "https://cdn1.woolworths.media/content/wowproductimages/large/1074925790.jpg",
    "source_id": "Woolworths - 1074925790",
    "barcode": null,
    "shop": "Woolworths",
    "weight": "10G",
    "prices": [
      {
        "state": "NSW",
        "price": "7400",
        "price_per_unit": "5103",
        "price_unit": "G"
      },
      {
        "state": "VIC",
        "price": "7400",
        "price_per_unit": "5103",
        "price_unit": "G"
      },
      {
        "state": "QLD",
        "price": "7400",
        "price_per_unit": "5103",
        "price_unit": "G"
      },
      {
        "state": "WA",
        "price": "7400",
        "price_per_unit": "5103",
        "price_unit": "G"
      },
      {
        "state": "SA",
        "price": "7400",
        "price_per_unit": "5103",
        "price_unit": "G"
      },
      {
        "state": "TAS",
        "price": "7400",
        "price_per_unit": "5103",
        "price_unit": "G"
      },
      {
        "state": "ACT",
        "price": "7400",
        "price_per_unit": "5103",
        "price_unit": "G"
      },
      {
        "state": "NT",
        "price": "7400",
        "price_per_unit": "5103",
        "price_unit": "G"
      }
    ]
  },
  {
    "source_url": "https://www.woolworths.com.au/shop/productdetails/1074925792/clinique-beyond-perfecting-powder-foundation-concealer-15-beige-m-n-14-5g-0-51oz",
    "name": "Clinique Beyond Perfecting Powder Foundation + Concealer - # 15 Beige (M-N) 14.5g/0.51oz",
    "image_url": "https://cdn1.woolworths.media/content/wowproductimages/large/1074925792.jpg",
    "source_id": "Woolworths - 1074925792",
    "barcode": null,
    "shop": "Woolworths",
    "weight": "10G",
    "prices": [
      {
        "state": "NSW",
        "price": "7500",
        "price_per_unit": "5172",
        "price_unit": "G"
      },
      {
        "state": "VIC",
        "price": "7500",
        "price_per_unit": "5172",
        "price_unit": "G"
      },
      {
        "state": "QLD",
        "price": "7500",
        "price_per_unit": "5172",
        "price_unit": "G"
      },
      {
        "state": "WA",
        "price": "7500",
        "price_per_unit": "5172",
        "price_unit": "G"
      },
      {
        "state": "SA",
        "price": "7500",
        "price_per_unit": "5172",
        "price_unit": "G"
      },
      {
        "state": "TAS",
        "price": "7500",
        "price_per_unit": "5172",
        "price_unit": "G"
      },
      {
        "state": "ACT",
        "price": "7500",
        "price_per_unit": "5172",
        "price_unit": "G"
      },
      {
        "state": "NT",
        "price": "7500",
        "price_per_unit": "5172",
        "price_unit": "G"
      }
    ]
  },
  {
    "source_url": "https://www.woolworths.com.au/shop/productdetails/1075388408/clinique-blended-face-powder-02-transparency-2-25g-0-88oz",
    "name": "Clinique Blended Face Powder - # 02 Transparency 2 25g/0.88oz",
    "image_url": "https://cdn1.woolworths.media/content/wowproductimages/large/1075388408.jpg",
    "source_id": "Woolworths - 1075388408",
    "barcode": null,
    "shop": "Woolworths",
    "weight": "10G",
    "prices": [
      {
        "state": "NSW",
        "price": "7800",
        "price_per_unit": "3120",
        "price_unit": "G"
      },
      {
        "state": "VIC",
        "price": "7800",
        "price_per_unit": "3120",
        "price_unit": "G"
      },
      {
        "state": "QLD",
        "price": "7800",
        "price_per_unit": "3120",
        "price_unit": "G"
      },
      {
        "state": "WA",
        "price": "7800",
        "price_per_unit": "3120",
        "price_unit": "G"
      },
      {
        "state": "SA",
        "price": "7800",
        "price_per_unit": "3120",
        "price_unit": "G"
      },
      {
        "state": "TAS",
        "price": "7800",
        "price_per_unit": "3120",
        "price_unit": "G"
      },
      {
        "state": "ACT",
        "price": "7800",
        "price_per_unit": "3120",
        "price_unit": "G"
      },
      {
        "state": "NT",
        "price": "7800",
        "price_per_unit": "3120",
        "price_unit": "G"
      }
    ]
  },
  {
    "source_url": "https://www.woolworths.com.au/shop/productdetails/1075388409/clinique-blended-face-powder-03-transparency-3-25g-0-88oz",
    "name": "Clinique Blended Face Powder - # 03 Transparency 3 25g/0.88oz",
    "image_url": "https://cdn1.woolworths.media/content/wowproductimages/large/1075388409.jpg",
    "source_id": "Woolworths - 1075388409",
    "barcode": null,
    "shop": "Woolworths",
    "weight": "10G",
    "prices": [
      {
        "state": "NSW",
        "price": "7300",
        "price_per_unit": "2920",
        "price_unit": "G"
      },
      {
        "state": "VIC",
        "price": "7300",
        "price_per_unit": "2920",
        "price_unit": "G"
      },
      {
        "state": "QLD",
        "price": "7300",
        "price_per_unit": "2920",
        "price_unit": "G"
      },
      {
        "state": "WA",
        "price": "7300",
        "price_per_unit": "2920",
        "price_unit": "G"
      },
      {
        "state": "SA",
        "price": "7300",
        "price_per_unit": "2920",
        "price_unit": "G"
      },
      {
        "state": "TAS",
        "price": "7300",
        "price_per_unit": "2920",
        "price_unit": "G"
      },
      {
        "state": "ACT",
        "price": "7300",
        "price_per_unit": "2920",
        "price_unit": "G"
      },
      {
        "state": "NT",
        "price": "7300",
        "price_per_unit": "2920",
        "price_unit": "G"
      }
    ]
  },
  {
    "source_url": "https://www.woolworths.com.au/shop/productdetails/1074925793/clinique-blended-face-powder-04-transparency-4-25g-0-88oz",
    "name": "Clinique Blended Face Powder - # 04 Transparency 4 25g/0.88oz",
    "image_url": "https://cdn1.woolworths.media/content/wowproductimages/large/1074925793.jpg",
    "source_id": "Woolworths - 1074925793",
    "barcode": null,
    "shop": "Woolworths",
    "weight": "10G",
    "prices": [
      {
        "state": "NSW",
        "price": "7800",
        "price_per_unit": "3120",
        "price_unit": "G"
      },
      {
        "state": "VIC",
        "price": "7800",
        "price_per_unit": "3120",
        "price_unit": "G"
      },
      {
        "state": "QLD",
        "price": "7800",
        "price_per_unit": "3120",
        "price_unit": "G"
      },
      {
        "state": "WA",
        "price": "7800",
        "price_per_unit": "3120",
        "price_unit": "G"
      },
      {
        "state": "SA",
        "price": "7800",
        "price_per_unit": "3120",
        "price_unit": "G"
      },
      {
        "state": "TAS",
        "price": "7800",
        "price_per_unit": "3120",
        "price_unit": "G"
      },
      {
        "state": "ACT",
        "price": "7800",
        "price_per_unit": "3120",
        "price_unit": "G"
      },
      {
        "state": "NT",
        "price": "7800",
        "price_per_unit": "3120",
        "price_unit": "G"
      }
    ]
  },
  {
    "source_url": "https://www.woolworths.com.au/shop/productdetails/1075388411/clinique-blended-face-powder-20-invisible-blend-25g-0-88oz",
    "name": "Clinique Blended Face Powder - # 20 Invisible Blend 25g/0.88oz",
    "image_url": "https://cdn1.woolworths.media/content/wowproductimages/large/1075388411.jpg",
    "source_id": "Woolworths - 1075388411",
    "barcode": null,
    "shop": "Woolworths",
    "weight": "10G",
    "prices": [
      {
        "state": "NSW",
        "price": "7800",
        "price_per_unit": "3120",
        "price_unit": "G"
      },
      {
        "state": "VIC",
        "price": "7800",
        "price_per_unit": "3120",
        "price_unit": "G"
      },
      {
        "state": "QLD",
        "price": "7800",
        "price_per_unit": "3120",
        "price_unit": "G"
      },
      {
        "state": "WA",
        "price": "7800",
        "price_per_unit": "3120",
        "price_unit": "G"
      },
      {
        "state": "SA",
        "price": "7800",
        "price_per_unit": "3120",
        "price_unit": "G"
      },
      {
        "state": "TAS",
        "price": "7800",
        "price_per_unit": "3120",
        "price_unit": "G"
      },
      {
        "state": "ACT",
        "price": "7800",
        "price_per_unit": "3120",
        "price_unit": "G"
      },
      {
        "state": "NT",
        "price": "7800",
        "price_per_unit": "3120",
        "price_unit": "G"
      }
    ]
  },
  {
    "source_url": "https://www.woolworths.com.au/shop/productdetails/1074925794/clinique-blushing-blush-powder-blush-101-aglow-6g-0-21oz",
    "name": "Clinique Blushing Blush Powder Blush - # 101 Aglow 6g/0.21oz",
    "image_url": "https://cdn1.woolworths.media/content/wowproductimages/large/1074925794.jpg",
    "source_id": "Woolworths - 1074925794",
    "barcode": null,
    "shop": "Woolworths",
    "weight": "10G",
    "prices": [
      {
        "state": "NSW",
        "price": "6400",
        "price_per_unit": "10667",
        "price_unit": "G"
      },
      {
        "state": "VIC",
        "price": "6400",
        "price_per_unit": "10667",
        "price_unit": "G"
      },
      {
        "state": "QLD",
        "price": "6400",
        "price_per_unit": "10667",
        "price_unit": "G"
      },
      {
        "state": "WA",
        "price": "6400",
        "price_per_unit": "10667",
        "price_unit": "G"
      },
      {
        "state": "SA",
        "price": "6400",
        "price_per_unit": "10667",
        "price_unit": "G"
      },
      {
        "state": "TAS",
        "price": "6400",
        "price_per_unit": "10667",
        "price_unit": "G"
      },
      {
        "state": "ACT",
        "price": "6400",
        "price_per_unit": "10667",
        "price_unit": "G"
      },
      {
        "state": "NT",
        "price": "6400",
        "price_per_unit": "10667",
        "price_unit": "G"
      }
    ]
  },
  {
    "source_url": "https://www.woolworths.com.au/shop/productdetails/1074925795/clinique-blushing-blush-powder-blush-102-innocent-peach-6g-0-21oz",
    "name": "Clinique Blushing Blush Powder Blush - # 102 Innocent Peach 6g/0.21oz",
    "image_url": "https://cdn1.woolworths.media/content/wowproductimages/large/1074925795.jpg",
    "source_id": "Woolworths - 1074925795",
    "barcode": null,
    "shop": "Woolworths",
    "weight": "10G",
    "prices": [
      {
        "state": "NSW",
        "price": "6400",
        "price_per_unit": "10667",
        "price_unit": "G"
      },
      {
        "state": "VIC",
        "price": "6400",
        "price_per_unit": "10667",
        "price_unit": "G"
      },
      {
        "state": "QLD",
        "price": "6400",
        "price_per_unit": "10667",
        "price_unit": "G"
      },
      {
        "state": "WA",
        "price": "6400",
        "price_per_unit": "10667",
        "price_unit": "G"
      },
      {
        "state": "SA",
        "price": "6400",
        "price_per_unit": "10667",
        "price_unit": "G"
      },
      {
        "state": "TAS",
        "price": "6400",
        "price_per_unit": "10667",
        "price_unit": "G"
      },
      {
        "state": "ACT",
        "price": "6400",
        "price_per_unit": "10667",
        "price_unit": "G"
      },
      {
        "state": "NT",
        "price": "6400",
        "price_per_unit": "10667",
        "price_unit": "G"
      }
    ]
  },
  {
    "source_url": "https://www.woolworths.com.au/shop/productdetails/1074925796/clinique-blushing-blush-powder-blush-107-sunset-glow-6g-0-21oz",
    "name": "Clinique Blushing Blush Powder Blush - # 107 Sunset Glow 6g/0.21oz",
    "image_url": "https://cdn1.woolworths.media/content/wowproductimages/large/1074925796.jpg",
    "source_id": "Woolworths - 1074925796",
    "barcode": null,
    "shop": "Woolworths",
    "weight": "10G",
    "prices": [
      {
        "state": "NSW",
        "price": "6400",
        "price_per_unit": "10667",
        "price_unit": "G"
      },
      {
        "state": "VIC",
        "price": "6400",
        "price_per_unit": "10667",
        "price_unit": "G"
      },
      {
        "state": "QLD",
        "price": "6400",
        "price_per_unit": "10667",
        "price_unit": "G"
      },
      {
        "state": "WA",
        "price": "6400",
        "price_per_unit": "10667",
        "price_unit": "G"
      },
      {
        "state": "SA",
        "price": "6400",
        "price_per_unit": "10667",
        "price_unit": "G"
      },
      {
        "state": "TAS",
        "price": "6400",
        "price_per_unit": "10667",
        "price_unit": "G"
      },
      {
        "state": "ACT",
        "price": "6400",
        "price_per_unit": "10667",
        "price_unit": "G"
      },
      {
        "state": "NT",
        "price": "6400",
        "price_per_unit": "10667",
        "price_unit": "G"
      }
    ]
  },
  {
    "source_url": "https://www.woolworths.com.au/shop/productdetails/1075796578/clinique-blushing-blush-powder-blush-115-smoldering-plum-6g-0-21oz",
    "name": "Clinique Blushing Blush Powder Blush - # 115 Smoldering Plum 6g/0.21oz",
    "image_url": "https://cdn1.woolworths.media/content/wowproductimages/large/1075796578.jpg",
    "source_id": "Woolworths - 1075796578",
    "barcode": null,
    "shop": "Woolworths",
    "weight": "10G",
    "prices": [
      {
        "state": "NSW",
        "price": "6400",
        "price_per_unit": "10667",
        "price_unit": "G"
      },
      {
        "state": "VIC",
        "price": "6400",
        "price_per_unit": "10667",
        "price_unit": "G"
      },
      {
        "state": "QLD",
        "price": "6400",
        "price_per_unit": "10667",
        "price_unit": "G"
      },
      {
        "state": "WA",
        "price": "6400",
        "price_per_unit": "10667",
        "price_unit": "G"
      },
      {
        "state": "SA",
        "price": "6400",
        "price_per_unit": "10667",
        "price_unit": "G"
      },
      {
        "state": "TAS",
        "price": "6400",
        "price_per_unit": "10667",
        "price_unit": "G"
      },
      {
        "state": "ACT",
        "price": "6400",
        "price_per_unit": "10667",
        "price_unit": "G"
      },
      {
        "state": "NT",
        "price": "6400",
        "price_per_unit": "10667",
        "price_unit": "G"
      }
    ]
  },
  {
    "source_url": "https://www.woolworths.com.au/shop/productdetails/1074932685/clinique-blushing-blush-powder-blush-120-bashful-blush-6g-0-21oz",
    "name": "Clinique Blushing Blush Powder Blush - # 120 Bashful Blush 6g/0.21oz",
    "image_url": "https://cdn1.woolworths.media/content/wowproductimages/large/1074932685.jpg",
    "source_id": "Woolworths - 1074932685",
    "barcode": null,
    "shop": "Woolworths",
    "weight": "10G",
    "prices": [
      {
        "state": "NSW",
        "price": "6400",
        "price_per_unit": "10667",
        "price_unit": "G"
      },
      {
        "state": "VIC",
        "price": "6400",
        "price_per_unit": "10667",
        "price_unit": "G"
      },
      {
        "state": "QLD",
        "price": "6400",
        "price_per_unit": "10667",
        "price_unit": "G"
      },
      {
        "state": "WA",
        "price": "6400",
        "price_per_unit": "10667",
        "price_unit": "G"
      },
      {
        "state": "SA",
        "price": "6400",
        "price_per_unit": "10667",
        "price_unit": "G"
      },
      {
        "state": "TAS",
        "price": "6400",
        "price_per_unit": "10667",
        "price_unit": "G"
      },
      {
        "state": "ACT",
        "price": "6400",
        "price_per_unit": "10667",
        "price_unit": "G"
      },
      {
        "state": "NT",
        "price": "6400",
        "price_per_unit": "10667",
        "price_unit": "G"
      }
    ]
  },
  {
    "source_url": "https://www.woolworths.com.au/shop/productdetails/1075068595/clinique-clinique-pop-lip-colour-primer-01-nude-pop-3-9g-0-13oz",
    "name": "Clinique Clinique Pop Lip Colour + Primer - # 01 Nude Pop 3.9g/0.13oz",
    "image_url": "https://cdn1.woolworths.media/content/wowproductimages/large/1075068595.jpg",
    "source_id": "Woolworths - 1075068595",
    "barcode": null,
    "shop": "Woolworths",
    "weight": "10G",
    "prices": [
      {
        "state": "NSW",
        "price": "5200",
        "price_per_unit": "13333",
        "price_unit": "G"
      },
      {
        "state": "VIC",
        "price": "5200",
        "price_per_unit": "13333",
        "price_unit": "G"
      },
      {
        "state": "QLD",
        "price": "5200",
        "price_per_unit": "13333",
        "price_unit": "G"
      },
      {
        "state": "WA",
        "price": "5200",
        "price_per_unit": "13333",
        "price_unit": "G"
      },
      {
        "state": "SA",
        "price": "5200",
        "price_per_unit": "13333",
        "price_unit": "G"
      },
      {
        "state": "TAS",
        "price": "5200",
        "price_per_unit": "13333",
        "price_unit": "G"
      },
      {
        "state": "ACT",
        "price": "5200",
        "price_per_unit": "13333",
        "price_unit": "G"
      },
      {
        "state": "NT",
        "price": "5200",
        "price_per_unit": "13333",
        "price_unit": "G"
      }
    ]
  },
  {
    "source_url": "https://www.woolworths.com.au/shop/productdetails/1075996766/clinique-even-better-all-over-concealer-eraser-cn-10-alabaster-6ml-0-2oz",
    "name": "Clinique Even Better All Over Concealer + Eraser - # CN 10 Alabaster 6ml/0.2oz",
    "image_url": "https://cdn1.woolworths.media/content/wowproductimages/large/default.png",
    "source_id": "Woolworths - 1075996766",
    "barcode": null,
    "shop": "Woolworths",
    "weight": "10ML",
    "prices": [
      {
        "state": "NSW",
        "price": "5900",
        "price_per_unit": "9833",
        "price_unit": "ML"
      },
      {
        "state": "VIC",
        "price": "5900",
        "price_per_unit": "9833",
        "price_unit": "ML"
      },
      {
        "state": "QLD",
        "price": "5900",
        "price_per_unit": "9833",
        "price_unit": "ML"
      },
      {
        "state": "WA",
        "price": "5900",
        "price_per_unit": "9833",
        "price_unit": "ML"
      },
      {
        "state": "SA",
        "price": "5900",
        "price_per_unit": "9833",
        "price_unit": "ML"
      },
      {
        "state": "TAS",
        "price": "5900",
        "price_per_unit": "9833",
        "price_unit": "ML"
      },
      {
        "state": "ACT",
        "price": "5900",
        "price_per_unit": "9833",
        "price_unit": "ML"
      },
      {
        "state": "NT",
        "price": "5900",
        "price_per_unit": "9833",
        "price_unit": "ML"
      }
    ]
  },
  {
    "source_url": "https://www.woolworths.com.au/shop/productdetails/1075319147/clinique-even-better-all-over-concealer-eraser-wn-04-bone-6ml-0-2oz",
    "name": "Clinique Even Better All Over Concealer + Eraser - # WN 04 Bone 6ml/0.2oz",
    "image_url": "https://cdn1.woolworths.media/content/wowproductimages/large/1075319147.jpg",
    "source_id": "Woolworths - 1075319147",
    "barcode": null,
    "shop": "Woolworths",
    "weight": "10ML",
    "prices": [
      {
        "state": "NSW",
        "price": "5900",
        "price_per_unit": "9833",
        "price_unit": "ML"
      },
      {
        "state": "VIC",
        "price": "5900",
        "price_per_unit": "9833",
        "price_unit": "ML"
      },
      {
        "state": "QLD",
        "price": "5900",
        "price_per_unit": "9833",
        "price_unit": "ML"
      },
      {
        "state": "WA",
        "price": "5900",
        "price_per_unit": "9833",
        "price_unit": "ML"
      },
      {
        "state": "SA",
        "price": "5900",
        "price_per_unit": "9833",
        "price_unit": "ML"
      },
      {
        "state": "TAS",
        "price": "5900",
        "price_per_unit": "9833",
        "price_unit": "ML"
      },
      {
        "state": "ACT",
        "price": "5900",
        "price_per_unit": "9833",
        "price_unit": "ML"
      },
      {
        "state": "NT",
        "price": "5900",
        "price_per_unit": "9833",
        "price_unit": "ML"
      }
    ]
  },
  {
    "source_url": "https://www.woolworths.com.au/shop/productdetails/1074925818/clinique-even-better-all-over-concealer-eraser-wn-114-golden-6ml-0-2oz",
    "name": "Clinique Even Better All Over Concealer + Eraser - # WN 114 Golden 6ml/0.2oz",
    "image_url": "https://cdn1.woolworths.media/content/wowproductimages/large/1074925818.jpg",
    "source_id": "Woolworths - 1074925818",
    "barcode": null,
    "shop": "Woolworths",
    "weight": "10ML",
    "prices": [
      {
        "state": "NSW",
        "price": "6600",
        "price_per_unit": "11000",
        "price_unit": "ML"
      },
      {
        "state": "VIC",
        "price": "6600",
        "price_per_unit": "11000",
        "price_unit": "ML"
      },
      {
        "state": "QLD",
        "price": "6600",
        "price_per_unit": "11000",
        "price_unit": "ML"
      },
      {
        "state": "WA",
        "price": "6600",
        "price_per_unit": "11000",
        "price_unit": "ML"
      },
      {
        "state": "SA",
        "price": "6600",
        "price_per_unit": "11000",
        "price_unit": "ML"
      },
      {
        "state": "TAS",
        "price": "6600",
        "price_per_unit": "11000",
        "price_unit": "ML"
      },
      {
        "state": "ACT",
        "price": "6600",
        "price_per_unit": "11000",
        "price_unit": "ML"
      },
      {
        "state": "NT",
        "price": "6600",
        "price_per_unit": "11000",
        "price_unit": "ML"
      }
    ]
  },
  {
    "source_url": "https://www.woolworths.com.au/shop/productdetails/1074925819/clinique-even-better-clinical-serum-foundation-spf-20-cn-08-linen-30ml-1oz",
    "name": "Clinique Even Better Clinical Serum Foundation SPF 20 - # CN 08 Linen 30ml/1oz",
    "image_url": "https://cdn1.woolworths.media/content/wowproductimages/large/1074925819.jpg",
    "source_id": "Woolworths - 1074925819",
    "barcode": null,
    "shop": "Woolworths",
    "weight": "10ML",
    "prices": [
      {
        "state": "NSW",
        "price": "8800",
        "price_per_unit": "2933",
        "price_unit": "ML"
      },
      {
        "state": "VIC",
        "price": "8800",
        "price_per_unit": "2933",
        "price_unit": "ML"
      },
      {
        "state": "QLD",
        "price": "8800",
        "price_per_unit": "2933",
        "price_unit": "ML"
      },
      {
        "state": "WA",
        "price": "8800",
        "price_per_unit": "2933",
        "price_unit": "ML"
      },
      {
        "state": "SA",
        "price": "8800",
        "price_per_unit": "2933",
        "price_unit": "ML"
      },
      {
        "state": "TAS",
        "price": "8800",
        "price_per_unit": "2933",
        "price_unit": "ML"
      },
      {
        "state": "ACT",
        "price": "8800",
        "price_per_unit": "2933",
        "price_unit": "ML"
      },
      {
        "state": "NT",
        "price": "8800",
        "price_per_unit": "2933",
        "price_unit": "ML"
      }
    ]
  },
  {
    "source_url": "https://www.woolworths.com.au/shop/productdetails/1074925820/clinique-even-better-clinical-serum-foundation-spf-20-cn-10-alabaster-30ml-1oz",
    "name": "Clinique Even Better Clinical Serum Foundation SPF 20 - # CN 10 Alabaster 30ml/1oz",
    "image_url": "https://cdn1.woolworths.media/content/wowproductimages/large/1074925820.jpg",
    "source_id": "Woolworths - 1074925820",
    "barcode": null,
    "shop": "Woolworths",
    "weight": "10ML",
    "prices": [
      {
        "state": "NSW",
        "price": "7900",
        "price_per_unit": "2633",
        "price_unit": "ML"
      },
      {
        "state": "VIC",
        "price": "7900",
        "price_per_unit": "2633",
        "price_unit": "ML"
      },
      {
        "state": "QLD",
        "price": "7900",
        "price_per_unit": "2633",
        "price_unit": "ML"
      },
      {
        "state": "WA",
        "price": "7900",
        "price_per_unit": "2633",
        "price_unit": "ML"
      },
      {
        "state": "SA",
        "price": "7900",
        "price_per_unit": "2633",
        "price_unit": "ML"
      },
      {
        "state": "TAS",
        "price": "7900",
        "price_per_unit": "2633",
        "price_unit": "ML"
      },
      {
        "state": "ACT",
        "price": "7900",
        "price_per_unit": "2633",
        "price_unit": "ML"
      },
      {
        "state": "NT",
        "price": "7900",
        "price_per_unit": "2633",
        "price_unit": "ML"
      }
    ]
  },
  {
    "source_url": "https://www.woolworths.com.au/shop/productdetails/1074925821/clinique-even-better-clinical-serum-foundation-spf-20-cn-20-fair-30ml-1oz",
    "name": "Clinique Even Better Clinical Serum Foundation SPF 20 - # CN 20 Fair 30ml/1oz",
    "image_url": "https://cdn1.woolworths.media/content/wowproductimages/large/1074925821.jpg",
    "source_id": "Woolworths - 1074925821",
    "barcode": null,
    "shop": "Woolworths",
    "weight": "10ML",
    "prices": [
      {
        "state": "NSW",
        "price": "7700",
        "price_per_unit": "2567",
        "price_unit": "ML"
      },
      {
        "state": "VIC",
        "price": "7700",
        "price_per_unit": "2567",
        "price_unit": "ML"
      },
      {
        "state": "QLD",
        "price": "7700",
        "price_per_unit": "2567",
        "price_unit": "ML"
      },
      {
        "state": "WA",
        "price": "7700",
        "price_per_unit": "2567",
        "price_unit": "ML"
      },
      {
        "state": "SA",
        "price": "7700",
        "price_per_unit": "2567",
        "price_unit": "ML"
      },
      {
        "state": "TAS",
        "price": "7700",
        "price_per_unit": "2567",
        "price_unit": "ML"
      },
      {
        "state": "ACT",
        "price": "7700",
        "price_per_unit": "2567",
        "price_unit": "ML"
      },
      {
        "state": "NT",
        "price": "7700",
        "price_per_unit": "2567",
        "price_unit": "ML"
      }
    ]
  },
  {
    "source_url": "https://www.woolworths.com.au/shop/productdetails/1074925822/clinique-even-better-clinical-serum-foundation-spf-20-cn-28-ivory-30ml-1oz",
    "name": "Clinique Even Better Clinical Serum Foundation SPF 20 - # CN 28 Ivory 30ml/1oz",
    "image_url": "https://cdn1.woolworths.media/content/wowproductimages/large/1074925822.jpg",
    "source_id": "Woolworths - 1074925822",
    "barcode": null,
    "shop": "Woolworths",
    "weight": "10ML",
    "prices": [
      {
        "state": "NSW",
        "price": "7100",
        "price_per_unit": "2367",
        "price_unit": "ML"
      },
      {
        "state": "VIC",
        "price": "7100",
        "price_per_unit": "2367",
        "price_unit": "ML"
      },
      {
        "state": "QLD",
        "price": "7100",
        "price_per_unit": "2367",
        "price_unit": "ML"
      },
      {
        "state": "WA",
        "price": "7100",
        "price_per_unit": "2367",
        "price_unit": "ML"
      },
      {
        "state": "SA",
        "price": "7100",
        "price_per_unit": "2367",
        "price_unit": "ML"
      },
      {
        "state": "TAS",
        "price": "7100",
        "price_per_unit": "2367",
        "price_unit": "ML"
      },
      {
        "state": "ACT",
        "price": "7100",
        "price_per_unit": "2367",
        "price_unit": "ML"
      },
      {
        "state": "NT",
        "price": "7100",
        "price_per_unit": "2367",
        "price_unit": "ML"
      }
    ]
  },
  {
    "source_url": "https://www.woolworths.com.au/shop/productdetails/1074925823/clinique-even-better-clinical-serum-foundation-spf-20-cn-40-cream-chamois-30ml-1oz",
    "name": "Clinique Even Better Clinical Serum Foundation SPF 20 - # CN 40 Cream Chamois 30ml/1oz",
    "image_url": "https://cdn1.woolworths.media/content/wowproductimages/large/1074925823.jpg",
    "source_id": "Woolworths - 1074925823",
    "barcode": null,
    "shop": "Woolworths",
    "weight": "10ML",
    "prices": [
      {
        "state": "NSW",
        "price": "7400",
        "price_per_unit": "2467",
        "price_unit": "ML"
      },
      {
        "state": "VIC",
        "price": "7400",
        "price_per_unit": "2467",
        "price_unit": "ML"
      },
      {
        "state": "QLD",
        "price": "7400",
        "price_per_unit": "2467",
        "price_unit": "ML"
      },
      {
        "state": "WA",
        "price": "7400",
        "price_per_unit": "2467",
        "price_unit": "ML"
      },
      {
        "state": "SA",
        "price": "7400",
        "price_per_unit": "2467",
        "price_unit": "ML"
      },
      {
        "state": "TAS",
        "price": "7400",
        "price_per_unit": "2467",
        "price_unit": "ML"
      },
      {
        "state": "ACT",
        "price": "7400",
        "price_per_unit": "2467",
        "price_unit": "ML"
      },
      {
        "state": "NT",
        "price": "7400",
        "price_per_unit": "2467",
        "price_unit": "ML"
      }
    ]
  },
  {
    "source_url": "https://www.woolworths.com.au/shop/productdetails/1075597911/clinique-even-better-clinical-serum-foundation-spf-20-cn-52-neutral-30ml-1oz",
    "name": "Clinique Even Better Clinical Serum Foundation SPF 20 - # CN 52 Neutral 30ml/1oz",
    "image_url": "https://cdn1.woolworths.media/content/wowproductimages/large/1075597911.jpg",
    "source_id": "Woolworths - 1075597911",
    "barcode": null,
    "shop": "Woolworths",
    "weight": "10ML",
    "prices": [
      {
        "state": "NSW",
        "price": "8300",
        "price_per_unit": "2767",
        "price_unit": "ML"
      },
      {
        "state": "VIC",
        "price": "8300",
        "price_per_unit": "2767",
        "price_unit": "ML"
      },
      {
        "state": "QLD",
        "price": "8300",
        "price_per_unit": "2767",
        "price_unit": "ML"
      },
      {
        "state": "WA",
        "price": "8300",
        "price_per_unit": "2767",
        "price_unit": "ML"
      },
      {
        "state": "SA",
        "price": "8300",
        "price_per_unit": "2767",
        "price_unit": "ML"
      },
      {
        "state": "TAS",
        "price": "8300",
        "price_per_unit": "2767",
        "price_unit": "ML"
      },
      {
        "state": "ACT",
        "price": "8300",
        "price_per_unit": "2767",
        "price_unit": "ML"
      },
      {
        "state": "NT",
        "price": "8300",
        "price_per_unit": "2767",
        "price_unit": "ML"
      }
    ]
  },
  {
    "source_url": "https://www.woolworths.com.au/shop/productdetails/1074925824/clinique-even-better-clinical-serum-foundation-spf-20-cn-58-honey-30ml-1oz",
    "name": "Clinique Even Better Clinical Serum Foundation SPF 20 - # CN 58 Honey 30ml/1oz",
    "image_url": "https://cdn1.woolworths.media/content/wowproductimages/large/1074925824.jpg",
    "source_id": "Woolworths - 1074925824",
    "barcode": null,
    "shop": "Woolworths",
    "weight": "10ML",
    "prices": [
      {
        "state": "NSW",
        "price": "7500",
        "price_per_unit": "2500",
        "price_unit": "ML"
      },
      {
        "state": "VIC",
        "price": "7500",
        "price_per_unit": "2500",
        "price_unit": "ML"
      },
      {
        "state": "QLD",
        "price": "7500",
        "price_per_unit": "2500",
        "price_unit": "ML"
      },
      {
        "state": "WA",
        "price": "7500",
        "price_per_unit": "2500",
        "price_unit": "ML"
      },
      {
        "state": "SA",
        "price": "7500",
        "price_per_unit": "2500",
        "price_unit": "ML"
      },
      {
        "state": "TAS",
        "price": "7500",
        "price_per_unit": "2500",
        "price_unit": "ML"
      },
      {
        "state": "ACT",
        "price": "7500",
        "price_per_unit": "2500",
        "price_unit": "ML"
      },
      {
        "state": "NT",
        "price": "7500",
        "price_per_unit": "2500",
        "price_unit": "ML"
      }
    ]
  },
  {
    "source_url": "https://www.woolworths.com.au/shop/productdetails/1074925825/clinique-even-better-clinical-serum-foundation-spf-20-cn-70-vanilla-30ml-1oz",
    "name": "Clinique Even Better Clinical Serum Foundation SPF 20 - # CN 70 Vanilla 30ml/1oz",
    "image_url": "https://cdn1.woolworths.media/content/wowproductimages/large/1074925825.jpg",
    "source_id": "Woolworths - 1074925825",
    "barcode": null,
    "shop": "Woolworths",
    "weight": "10ML",
    "prices": [
      {
        "state": "NSW",
        "price": "7600",
        "price_per_unit": "2533",
        "price_unit": "ML"
      },
      {
        "state": "VIC",
        "price": "7600",
        "price_per_unit": "2533",
        "price_unit": "ML"
      },
      {
        "state": "QLD",
        "price": "7600",
        "price_per_unit": "2533",
        "price_unit": "ML"
      },
      {
        "state": "WA",
        "price": "7600",
        "price_per_unit": "2533",
        "price_unit": "ML"
      },
      {
        "state": "SA",
        "price": "7600",
        "price_per_unit": "2533",
        "price_unit": "ML"
      },
      {
        "state": "TAS",
        "price": "7600",
        "price_per_unit": "2533",
        "price_unit": "ML"
      },
      {
        "state": "ACT",
        "price": "7600",
        "price_per_unit": "2533",
        "price_unit": "ML"
      },
      {
        "state": "NT",
        "price": "7600",
        "price_per_unit": "2533",
        "price_unit": "ML"
      }
    ]
  },
  {
    "source_url": "https://www.woolworths.com.au/shop/productdetails/1074925826/clinique-even-better-clinical-serum-foundation-spf-20-cn-74-beige-30ml-1oz",
    "name": "Clinique Even Better Clinical Serum Foundation SPF 20 - # CN 74 Beige 30ml/1oz",
    "image_url": "https://cdn1.woolworths.media/content/wowproductimages/large/1074925826.jpg",
    "source_id": "Woolworths - 1074925826",
    "barcode": null,
    "shop": "Woolworths",
    "weight": "10ML",
    "prices": [
      {
        "state": "NSW",
        "price": "7400",
        "price_per_unit": "2467",
        "price_unit": "ML"
      },
      {
        "state": "VIC",
        "price": "7400",
        "price_per_unit": "2467",
        "price_unit": "ML"
      },
      {
        "state": "QLD",
        "price": "7400",
        "price_per_unit": "2467",
        "price_unit": "ML"
      },
      {
        "state": "WA",
        "price": "7400",
        "price_per_unit": "2467",
        "price_unit": "ML"
      },
      {
        "state": "SA",
        "price": "7400",
        "price_per_unit": "2467",
        "price_unit": "ML"
      },
      {
        "state": "TAS",
        "price": "7400",
        "price_per_unit": "2467",
        "price_unit": "ML"
      },
      {
        "state": "ACT",
        "price": "7400",
        "price_per_unit": "2467",
        "price_unit": "ML"
      },
      {
        "state": "NT",
        "price": "7400",
        "price_per_unit": "2467",
        "price_unit": "ML"
      }
    ]
  },
  {
    "source_url": "https://www.woolworths.com.au/shop/productdetails/1074925827/clinique-even-better-clinical-serum-foundation-spf-20-cn-78-nutty-30ml-1oz",
    "name": "Clinique Even Better Clinical Serum Foundation SPF 20 - # CN 78 Nutty 30ml/1oz",
    "image_url": "https://cdn1.woolworths.media/content/wowproductimages/large/1074925827.jpg",
    "source_id": "Woolworths - 1074925827",
    "barcode": null,
    "shop": "Woolworths",
    "weight": "10ML",
    "prices": [
      {
        "state": "NSW",
        "price": "7700",
        "price_per_unit": "2567",
        "price_unit": "ML"
      },
      {
        "state": "VIC",
        "price": "7700",
        "price_per_unit": "2567",
        "price_unit": "ML"
      },
      {
        "state": "QLD",
        "price": "7700",
        "price_per_unit": "2567",
        "price_unit": "ML"
      },
      {
        "state": "WA",
        "price": "7700",
        "price_per_unit": "2567",
        "price_unit": "ML"
      },
      {
        "state": "SA",
        "price": "7700",
        "price_per_unit": "2567",
        "price_unit": "ML"
      },
      {
        "state": "TAS",
        "price": "7700",
        "price_per_unit": "2567",
        "price_unit": "ML"
      },
      {
        "state": "ACT",
        "price": "7700",
        "price_per_unit": "2567",
        "price_unit": "ML"
      },
      {
        "state": "NT",
        "price": "7700",
        "price_per_unit": "2567",
        "price_unit": "ML"
      }
    ]
  },
  {
    "source_url": "https://www.woolworths.com.au/shop/productdetails/1074925828/clinique-even-better-clinical-serum-foundation-spf-20-cn-90-sand-30ml-1oz",
    "name": "Clinique Even Better Clinical Serum Foundation SPF 20 - # CN 90 Sand 30ml/1oz",
    "image_url": "https://cdn1.woolworths.media/content/wowproductimages/large/1074925828.jpg",
    "source_id": "Woolworths - 1074925828",
    "barcode": null,
    "shop": "Woolworths",
    "weight": "10ML",
    "prices": [
      {
        "state": "NSW",
        "price": "8800",
        "price_per_unit": "2933",
        "price_unit": "ML"
      },
      {
        "state": "VIC",
        "price": "8800",
        "price_per_unit": "2933",
        "price_unit": "ML"
      },
      {
        "state": "QLD",
        "price": "8800",
        "price_per_unit": "2933",
        "price_unit": "ML"
      },
      {
        "state": "WA",
        "price": "8800",
        "price_per_unit": "2933",
        "price_unit": "ML"
      },
      {
        "state": "SA",
        "price": "8800",
        "price_per_unit": "2933",
        "price_unit": "ML"
      },
      {
        "state": "TAS",
        "price": "8800",
        "price_per_unit": "2933",
        "price_unit": "ML"
      },
      {
        "state": "ACT",
        "price": "8800",
        "price_per_unit": "2933",
        "price_unit": "ML"
      },
      {
        "state": "NT",
        "price": "8800",
        "price_per_unit": "2933",
        "price_unit": "ML"
      }
    ]
  },
  {
    "source_url": "https://www.woolworths.com.au/shop/productdetails/1074925829/clinique-even-better-clinical-serum-foundation-spf-20-wn-01-flax-30ml-1oz",
    "name": "Clinique Even Better Clinical Serum Foundation SPF 20 - # WN 01 Flax 30ml/1oz",
    "image_url": "https://cdn1.woolworths.media/content/wowproductimages/large/1074925829.jpg",
    "source_id": "Woolworths - 1074925829",
    "barcode": null,
    "shop": "Woolworths",
    "weight": "10ML",
    "prices": [
      {
        "state": "NSW",
        "price": "8600",
        "price_per_unit": "2867",
        "price_unit": "ML"
      },
      {
        "state": "VIC",
        "price": "8600",
        "price_per_unit": "2867",
        "price_unit": "ML"
      },
      {
        "state": "QLD",
        "price": "8600",
        "price_per_unit": "2867",
        "price_unit": "ML"
      },
      {
        "state": "WA",
        "price": "8600",
        "price_per_unit": "2867",
        "price_unit": "ML"
      },
      {
        "state": "SA",
        "price": "8600",
        "price_per_unit": "2867",
        "price_unit": "ML"
      },
      {
        "state": "TAS",
        "price": "8600",
        "price_per_unit": "2867",
        "price_unit": "ML"
      },
      {
        "state": "ACT",
        "price": "8600",
        "price_per_unit": "2867",
        "price_unit": "ML"
      },
      {
        "state": "NT",
        "price": "8600",
        "price_per_unit": "2867",
        "price_unit": "ML"
      }
    ]
  },
  {
    "source_url": "https://www.woolworths.com.au/shop/productdetails/1074925830/clinique-even-better-clinical-serum-foundation-spf-20-wn-04-bone-30ml-1oz",
    "name": "Clinique Even Better Clinical Serum Foundation SPF 20 - # WN 04 Bone 30ml/1oz",
    "image_url": "https://cdn1.woolworths.media/content/wowproductimages/large/1074925830.jpg",
    "source_id": "Woolworths - 1074925830",
    "barcode": null,
    "shop": "Woolworths",
    "weight": "10ML",
    "prices": [
      {
        "state": "NSW",
        "price": "7400",
        "price_per_unit": "2467",
        "price_unit": "ML"
      },
      {
        "state": "VIC",
        "price": "7400",
        "price_per_unit": "2467",
        "price_unit": "ML"
      },
      {
        "state": "QLD",
        "price": "7400",
        "price_per_unit": "2467",
        "price_unit": "ML"
      },
      {
        "state": "WA",
        "price": "7400",
        "price_per_unit": "2467",
        "price_unit": "ML"
      },
      {
        "state": "SA",
        "price": "7400",
        "price_per_unit": "2467",
        "price_unit": "ML"
      },
      {
        "state": "TAS",
        "price": "7400",
        "price_per_unit": "2467",
        "price_unit": "ML"
      },
      {
        "state": "ACT",
        "price": "7400",
        "price_per_unit": "2467",
        "price_unit": "ML"
      },
      {
        "state": "NT",
        "price": "7400",
        "price_per_unit": "2467",
        "price_unit": "ML"
      }
    ]
  },
  {
    "source_url": "https://www.woolworths.com.au/shop/productdetails/1074925831/clinique-even-better-clinical-serum-foundation-spf-20-wn-114-golden-30ml-1oz",
    "name": "Clinique Even Better Clinical Serum Foundation SPF 20 - # WN 114 Golden 30ml/1oz",
    "image_url": "https://cdn1.woolworths.media/content/wowproductimages/large/1074925831.jpg",
    "source_id": "Woolworths - 1074925831",
    "barcode": null,
    "shop": "Woolworths",
    "weight": "10ML",
    "prices": [
      {
        "state": "NSW",
        "price": "8400",
        "price_per_unit": "2800",
        "price_unit": "ML"
      },
      {
        "state": "VIC",
        "price": "8400",
        "price_per_unit": "2800",
        "price_unit": "ML"
      },
      {
        "state": "QLD",
        "price": "8400",
        "price_per_unit": "2800",
        "price_unit": "ML"
      },
      {
        "state": "WA",
        "price": "8400",
        "price_per_unit": "2800",
        "price_unit": "ML"
      },
      {
        "state": "SA",
        "price": "8400",
        "price_per_unit": "2800",
        "price_unit": "ML"
      },
      {
        "state": "TAS",
        "price": "8400",
        "price_per_unit": "2800",
        "price_unit": "ML"
      },
      {
        "state": "ACT",
        "price": "8400",
        "price_per_unit": "2800",
        "price_unit": "ML"
      },
      {
        "state": "NT",
        "price": "8400",
        "price_per_unit": "2800",
        "price_unit": "ML"
      }
    ]
  },
  {
    "source_url": "https://www.woolworths.com.au/shop/productdetails/1074925832/clinique-even-better-clinical-serum-foundation-spf-20-wn-16-buff-30ml-1oz",
    "name": "Clinique Even Better Clinical Serum Foundation SPF 20 - # WN 16 Buff 30ml/1oz",
    "image_url": "https://cdn1.woolworths.media/content/wowproductimages/large/1074925832.jpg",
    "source_id": "Woolworths - 1074925832",
    "barcode": null,
    "shop": "Woolworths",
    "weight": "10ML",
    "prices": [
      {
        "state": "NSW",
        "price": "7700",
        "price_per_unit": "2567",
        "price_unit": "ML"
      },
      {
        "state": "VIC",
        "price": "7700",
        "price_per_unit": "2567",
        "price_unit": "ML"
      },
      {
        "state": "QLD",
        "price": "7700",
        "price_per_unit": "2567",
        "price_unit": "ML"
      },
      {
        "state": "WA",
        "price": "7700",
        "price_per_unit": "2567",
        "price_unit": "ML"
      },
      {
        "state": "SA",
        "price": "7700",
        "price_per_unit": "2567",
        "price_unit": "ML"
      },
      {
        "state": "TAS",
        "price": "7700",
        "price_per_unit": "2567",
        "price_unit": "ML"
      },
      {
        "state": "ACT",
        "price": "7700",
        "price_per_unit": "2567",
        "price_unit": "ML"
      },
      {
        "state": "NT",
        "price": "7700",
        "price_per_unit": "2567",
        "price_unit": "ML"
      }
    ]
  },
  {
    "source_url": "https://www.woolworths.com.au/shop/productdetails/1074925833/clinique-even-better-clinical-serum-foundation-spf-20-wn-38-stone-30ml-1oz",
    "name": "Clinique Even Better Clinical Serum Foundation SPF 20 - # WN 38 Stone 30ml/1oz",
    "image_url": "https://cdn1.woolworths.media/content/wowproductimages/large/1074925833.jpg",
    "source_id": "Woolworths - 1074925833",
    "barcode": null,
    "shop": "Woolworths",
    "weight": "10ML",
    "prices": [
      {
        "state": "NSW",
        "price": "8400",
        "price_per_unit": "2800",
        "price_unit": "ML"
      },
      {
        "state": "VIC",
        "price": "8400",
        "price_per_unit": "2800",
        "price_unit": "ML"
      },
      {
        "state": "QLD",
        "price": "8400",
        "price_per_unit": "2800",
        "price_unit": "ML"
      },
      {
        "state": "WA",
        "price": "8400",
        "price_per_unit": "2800",
        "price_unit": "ML"
      },
      {
        "state": "SA",
        "price": "8400",
        "price_per_unit": "2800",
        "price_unit": "ML"
      },
      {
        "state": "TAS",
        "price": "8400",
        "price_per_unit": "2800",
        "price_unit": "ML"
      },
      {
        "state": "ACT",
        "price": "8400",
        "price_per_unit": "2800",
        "price_unit": "ML"
      },
      {
        "state": "NT",
        "price": "8400",
        "price_per_unit": "2800",
        "price_unit": "ML"
      }
    ]
  },
  {
    "source_url": "https://www.woolworths.com.au/shop/productdetails/1074925834/clinique-even-better-clinical-serum-foundation-spf-20-wn-46-golden-neutral-30ml-1oz",
    "name": "Clinique Even Better Clinical Serum Foundation SPF 20 - # WN 46 Golden Neutral 30ml/1oz",
    "image_url": "https://cdn1.woolworths.media/content/wowproductimages/large/1074925834.jpg",
    "source_id": "Woolworths - 1074925834",
    "barcode": null,
    "shop": "Woolworths",
    "weight": "10ML",
    "prices": [
      {
        "state": "NSW",
        "price": "8400",
        "price_per_unit": "2800",
        "price_unit": "ML"
      },
      {
        "state": "VIC",
        "price": "8400",
        "price_per_unit": "2800",
        "price_unit": "ML"
      },
      {
        "state": "QLD",
        "price": "8400",
        "price_per_unit": "2800",
        "price_unit": "ML"
      },
      {
        "state": "WA",
        "price": "8400",
        "price_per_unit": "2800",
        "price_unit": "ML"
      },
      {
        "state": "SA",
        "price": "8400",
        "price_per_unit": "2800",
        "price_unit": "ML"
      },
      {
        "state": "TAS",
        "price": "8400",
        "price_per_unit": "2800",
        "price_unit": "ML"
      },
      {
        "state": "ACT",
        "price": "8400",
        "price_per_unit": "2800",
        "price_unit": "ML"
      },
      {
        "state": "NT",
        "price": "8400",
        "price_per_unit": "2800",
        "price_unit": "ML"
      }
    ]
  },
  {
    "source_url": "https://www.woolworths.com.au/shop/productdetails/1074925864/clinique-pop-matte-lip-colour-primer-01-blushing-pop-3-9g-0-13oz",
    "name": "Clinique Pop Matte Lip Colour + Primer - # 01 Blushing Pop 3.9g/0.13oz",
    "image_url": "https://cdn1.woolworths.media/content/wowproductimages/large/1074925864.jpg",
    "source_id": "Woolworths - 1074925864",
    "barcode": null,
    "shop": "Woolworths",
    "weight": "10G",
    "prices": [
      {
        "state": "NSW",
        "price": "5200",
        "price_per_unit": "13333",
        "price_unit": "G"
      },
      {
        "state": "VIC",
        "price": "5200",
        "price_per_unit": "13333",
        "price_unit": "G"
      },
      {
        "state": "QLD",
        "price": "5200",
        "price_per_unit": "13333",
        "price_unit": "G"
      },
      {
        "state": "WA",
        "price": "5200",
        "price_per_unit": "13333",
        "price_unit": "G"
      },
      {
        "state": "SA",
        "price": "5200",
        "price_per_unit": "13333",
        "price_unit": "G"
      },
      {
        "state": "TAS",
        "price": "5200",
        "price_per_unit": "13333",
        "price_unit": "G"
      },
      {
        "state": "ACT",
        "price": "5200",
        "price_per_unit": "13333",
        "price_unit": "G"
      },
      {
        "state": "NT",
        "price": "5200",
        "price_per_unit": "13333",
        "price_unit": "G"
      }
    ]
  },
  {
    "source_url": "https://www.woolworths.com.au/shop/productdetails/1074925871/clinique-pop-matte-lip-colour-primer-10-clove-pop-3-9g-0-13oz",
    "name": "Clinique Pop Matte Lip Colour + Primer - # 10 Clove Pop 3.9g/0.13oz",
    "image_url": "https://cdn1.woolworths.media/content/wowproductimages/large/1074925871.jpg",
    "source_id": "Woolworths - 1074925871",
    "barcode": null,
    "shop": "Woolworths",
    "weight": "10G",
    "prices": [
      {
        "state": "NSW",
        "price": "5200",
        "price_per_unit": "13333",
        "price_unit": "G"
      },
      {
        "state": "VIC",
        "price": "5200",
        "price_per_unit": "13333",
        "price_unit": "G"
      },
      {
        "state": "QLD",
        "price": "5200",
        "price_per_unit": "13333",
        "price_unit": "G"
      },
      {
        "state": "WA",
        "price": "5200",
        "price_per_unit": "13333",
        "price_unit": "G"
      },
      {
        "state": "SA",
        "price": "5200",
        "price_per_unit": "13333",
        "price_unit": "G"
      },
      {
        "state": "TAS",
        "price": "5200",
        "price_per_unit": "13333",
        "price_unit": "G"
      },
      {
        "state": "ACT",
        "price": "5200",
        "price_per_unit": "13333",
        "price_unit": "G"
      },
      {
        "state": "NT",
        "price": "5200",
        "price_per_unit": "13333",
        "price_unit": "G"
      }
    ]
  },
  {
    "source_url": "https://www.woolworths.com.au/shop/productdetails/1075259933/clinique-redness-solutions-instant-relief-mineral-pressed-powder-11-6g-0-4oz",
    "name": "Clinique Redness Solutions Instant Relief Mineral Pressed Powder 11.6g/0.4oz",
    "image_url": "https://cdn1.woolworths.media/content/wowproductimages/large/1075259933.jpg",
    "source_id": "Woolworths - 1075259933",
    "barcode": null,
    "shop": "Woolworths",
    "weight": "10G",
    "prices": [
      {
        "state": "NSW",
        "price": "6600",
        "price_per_unit": "5690",
        "price_unit": "G"
      },
      {
        "state": "VIC",
        "price": "6600",
        "price_per_unit": "5690",
        "price_unit": "G"
      },
      {
        "state": "QLD",
        "price": "6600",
        "price_per_unit": "5690",
        "price_unit": "G"
      },
      {
        "state": "WA",
        "price": "6600",
        "price_per_unit": "5690",
        "price_unit": "G"
      },
      {
        "state": "SA",
        "price": "6600",
        "price_per_unit": "5690",
        "price_unit": "G"
      },
      {
        "state": "TAS",
        "price": "6600",
        "price_per_unit": "5690",
        "price_unit": "G"
      },
      {
        "state": "ACT",
        "price": "6600",
        "price_per_unit": "5690",
        "price_unit": "G"
      },
      {
        "state": "NT",
        "price": "6600",
        "price_per_unit": "5690",
        "price_unit": "G"
      }
    ]
  },
  {
    "source_url": "https://www.woolworths.com.au/shop/productdetails/1074932708/clinique-stay-matte-powder-oil-free-no-01-stay-buff-7-6g-0-27oz",
    "name": "Clinique Stay Matte Powder Oil Free - No. 01 Stay Buff 7.6g/0.27oz",
    "image_url": "https://cdn1.woolworths.media/content/wowproductimages/large/1074932708.jpg",
    "source_id": "Woolworths - 1074932708",
    "barcode": null,
    "shop": "Woolworths",
    "weight": "10G",
    "prices": [
      {
        "state": "NSW",
        "price": "6300",
        "price_per_unit": "8289",
        "price_unit": "G"
      },
      {
        "state": "VIC",
        "price": "6300",
        "price_per_unit": "8289",
        "price_unit": "G"
      },
      {
        "state": "QLD",
        "price": "6300",
        "price_per_unit": "8289",
        "price_unit": "G"
      },
      {
        "state": "WA",
        "price": "6300",
        "price_per_unit": "8289",
        "price_unit": "G"
      },
      {
        "state": "SA",
        "price": "6300",
        "price_per_unit": "8289",
        "price_unit": "G"
      },
      {
        "state": "TAS",
        "price": "6300",
        "price_per_unit": "8289",
        "price_unit": "G"
      },
      {
        "state": "ACT",
        "price": "6300",
        "price_per_unit": "8289",
        "price_unit": "G"
      },
      {
        "state": "NT",
        "price": "6300",
        "price_per_unit": "8289",
        "price_unit": "G"
      }
    ]
  },
  {
    "source_url": "https://www.woolworths.com.au/shop/productdetails/1075102213/clinique-stay-matte-powder-oil-free-no-02-stay-neutral-7-6g-0-27oz",
    "name": "Clinique Stay Matte Powder Oil Free - No. 02 Stay Neutral 7.6g/0.27oz",
    "image_url": "https://cdn1.woolworths.media/content/wowproductimages/large/1075102213.jpg",
    "source_id": "Woolworths - 1075102213",
    "barcode": null,
    "shop": "Woolworths",
    "weight": "10G",
    "prices": [
      {
        "state": "NSW",
        "price": "6200",
        "price_per_unit": "8158",
        "price_unit": "G"
      },
      {
        "state": "VIC",
        "price": "6200",
        "price_per_unit": "8158",
        "price_unit": "G"
      },
      {
        "state": "QLD",
        "price": "6200",
        "price_per_unit": "8158",
        "price_unit": "G"
      },
      {
        "state": "WA",
        "price": "6200",
        "price_per_unit": "8158",
        "price_unit": "G"
      },
      {
        "state": "SA",
        "price": "6200",
        "price_per_unit": "8158",
        "price_unit": "G"
      },
      {
        "state": "TAS",
        "price": "6200",
        "price_per_unit": "8158",
        "price_unit": "G"
      },
      {
        "state": "ACT",
        "price": "6200",
        "price_per_unit": "8158",
        "price_unit": "G"
      },
      {
        "state": "NT",
        "price": "6200",
        "price_per_unit": "8158",
        "price_unit": "G"
      }
    ]
  },
  {
    "source_url": "https://www.woolworths.com.au/shop/productdetails/1075386316/clinique-stay-matte-powder-oil-free-no-03-stay-beige-7-6g-0-27oz",
    "name": "Clinique Stay Matte Powder Oil Free - No. 03 Stay Beige 7.6g/0.27oz",
    "image_url": "https://cdn1.woolworths.media/content/wowproductimages/large/1075386316.jpg",
    "source_id": "Woolworths - 1075386316",
    "barcode": null,
    "shop": "Woolworths",
    "weight": "10G",
    "prices": [
      {
        "state": "NSW",
        "price": "7200",
        "price_per_unit": "9474",
        "price_unit": "G"
      },
      {
        "state": "VIC",
        "price": "7200",
        "price_per_unit": "9474",
        "price_unit": "G"
      },
      {
        "state": "QLD",
        "price": "7200",
        "price_per_unit": "9474",
        "price_unit": "G"
      },
      {
        "state": "WA",
        "price": "7200",
        "price_per_unit": "9474",
        "price_unit": "G"
      },
      {
        "state": "SA",
        "price": "7200",
        "price_per_unit": "9474",
        "price_unit": "G"
      },
      {
        "state": "TAS",
        "price": "7200",
        "price_per_unit": "9474",
        "price_unit": "G"
      },
      {
        "state": "ACT",
        "price": "7200",
        "price_per_unit": "9474",
        "price_unit": "G"
      },
      {
        "state": "NT",
        "price": "7200",
        "price_per_unit": "9474",
        "price_unit": "G"
      }
    ]
  },
  {
    "source_url": "https://www.woolworths.com.au/shop/productdetails/1074932709/clinique-stay-matte-powder-oil-free-no-04-stay-honey-7-6g-0-27oz",
    "name": "Clinique Stay Matte Powder Oil Free - No. 04 Stay Honey 7.6g/0.27oz",
    "image_url": "https://cdn1.woolworths.media/content/wowproductimages/large/1074932709.jpg",
    "source_id": "Woolworths - 1074932709",
    "barcode": null,
    "shop": "Woolworths",
    "weight": "10G",
    "prices": [
      {
        "state": "NSW",
        "price": "7200",
        "price_per_unit": "9474",
        "price_unit": "G"
      },
      {
        "state": "VIC",
        "price": "7200",
        "price_per_unit": "9474",
        "price_unit": "G"
      },
      {
        "state": "QLD",
        "price": "7200",
        "price_per_unit": "9474",
        "price_unit": "G"
      },
      {
        "state": "WA",
        "price": "7200",
        "price_per_unit": "9474",
        "price_unit": "G"
      },
      {
        "state": "SA",
        "price": "7200",
        "price_per_unit": "9474",
        "price_unit": "G"
      },
      {
        "state": "TAS",
        "price": "7200",
        "price_per_unit": "9474",
        "price_unit": "G"
      },
      {
        "state": "ACT",
        "price": "7200",
        "price_per_unit": "9474",
        "price_unit": "G"
      },
      {
        "state": "NT",
        "price": "7200",
        "price_per_unit": "9474",
        "price_unit": "G"
      }
    ]
  },
  {
    "source_url": "https://www.woolworths.com.au/shop/productdetails/1075884631/clinique-stay-matte-powder-oil-free-no-101-invisible-matte-7-6g-0-27oz",
    "name": "Clinique Stay Matte Powder Oil Free - No. 101 Invisible Matte 7.6g/0.27oz",
    "image_url": "https://cdn1.woolworths.media/content/wowproductimages/large/1075884631.jpg",
    "source_id": "Woolworths - 1075884631",
    "barcode": null,
    "shop": "Woolworths",
    "weight": "10G",
    "prices": [
      {
        "state": "NSW",
        "price": "6400",
        "price_per_unit": "8421",
        "price_unit": "G"
      },
      {
        "state": "VIC",
        "price": "6400",
        "price_per_unit": "8421",
        "price_unit": "G"
      },
      {
        "state": "QLD",
        "price": "6400",
        "price_per_unit": "8421",
        "price_unit": "G"
      },
      {
        "state": "WA",
        "price": "6400",
        "price_per_unit": "8421",
        "price_unit": "G"
      },
      {
        "state": "SA",
        "price": "6400",
        "price_per_unit": "8421",
        "price_unit": "G"
      },
      {
        "state": "TAS",
        "price": "6400",
        "price_per_unit": "8421",
        "price_unit": "G"
      },
      {
        "state": "ACT",
        "price": "6400",
        "price_per_unit": "8421",
        "price_unit": "G"
      },
      {
        "state": "NT",
        "price": "6400",
        "price_per_unit": "8421",
        "price_unit": "G"
      }
    ]
  },
  {
    "source_url": "https://www.woolworths.com.au/shop/productdetails/1074925901/clinique-stay-matte-powder-oil-free-no-17-stay-golden-7-6g-0-27oz",
    "name": "Clinique Stay Matte Powder Oil Free - No. 17 Stay Golden 7.6g/0.27oz",
    "image_url": "https://cdn1.woolworths.media/content/wowproductimages/large/1074925901.jpg",
    "source_id": "Woolworths - 1074925901",
    "barcode": null,
    "shop": "Woolworths",
    "weight": "10G",
    "prices": [
      {
        "state": "NSW",
        "price": "6700",
        "price_per_unit": "8816",
        "price_unit": "G"
      },
      {
        "state": "VIC",
        "price": "6700",
        "price_per_unit": "8816",
        "price_unit": "G"
      },
      {
        "state": "QLD",
        "price": "6700",
        "price_per_unit": "8816",
        "price_unit": "G"
      },
      {
        "state": "WA",
        "price": "6700",
        "price_per_unit": "8816",
        "price_unit": "G"
      },
      {
        "state": "SA",
        "price": "6700",
        "price_per_unit": "8816",
        "price_unit": "G"
      },
      {
        "state": "TAS",
        "price": "6700",
        "price_per_unit": "8816",
        "price_unit": "G"
      },
      {
        "state": "ACT",
        "price": "6700",
        "price_per_unit": "8816",
        "price_unit": "G"
      },
      {
        "state": "NT",
        "price": "6700",
        "price_per_unit": "8816",
        "price_unit": "G"
      }
    ]
  },
  {
    "source_url": "https://www.woolworths.com.au/shop/productdetails/1074932717/clinique-superpowder-no-04-matte-honey-premium-price-due-to-scarcity-10g-0-35oz",
    "name": "Clinique Superpowder - No. 04 Matte Honey; Premium price due to scarcity 10g/0.35oz",
    "image_url": "https://cdn1.woolworths.media/content/wowproductimages/large/1074932717.jpg",
    "source_id": "Woolworths - 1074932717",
    "barcode": null,
    "shop": "Woolworths",
    "weight": "10G",
    "prices": [
      {
        "state": "NSW",
        "price": "6700",
        "price_per_unit": "6700",
        "price_unit": "G"
      },
      {
        "state": "VIC",
        "price": "6700",
        "price_per_unit": "6700",
        "price_unit": "G"
      },
      {
        "state": "QLD",
        "price": "6700",
        "price_per_unit": "6700",
        "price_unit": "G"
      },
      {
        "state": "WA",
        "price": "6700",
        "price_per_unit": "6700",
        "price_unit": "G"
      },
      {
        "state": "SA",
        "price": "6700",
        "price_per_unit": "6700",
        "price_unit": "G"
      },
      {
        "state": "TAS",
        "price": "6700",
        "price_per_unit": "6700",
        "price_unit": "G"
      },
      {
        "state": "ACT",
        "price": "6700",
        "price_per_unit": "6700",
        "price_unit": "G"
      },
      {
        "state": "NT",
        "price": "6700",
        "price_per_unit": "6700",
        "price_unit": "G"
      }
    ]
  },
  {
    "source_url": "https://www.woolworths.com.au/shop/productdetails/1075494764/clinique-superpowder-no-07-matte-neutral-premium-price-due-to-scarcity-10g-0-35oz",
    "name": "Clinique Superpowder - No. 07 Matte Neutral; Premium price due to scarcity 10g/0.35oz",
    "image_url": "https://cdn1.woolworths.media/content/wowproductimages/large/1075494764.jpg",
    "source_id": "Woolworths - 1075494764",
    "barcode": null,
    "shop": "Woolworths",
    "weight": "10G",
    "prices": [
      {
        "state": "NSW",
        "price": "6600",
        "price_per_unit": "6600",
        "price_unit": "G"
      },
      {
        "state": "VIC",
        "price": "6600",
        "price_per_unit": "6600",
        "price_unit": "G"
      },
      {
        "state": "QLD",
        "price": "6600",
        "price_per_unit": "6600",
        "price_unit": "G"
      },
      {
        "state": "WA",
        "price": "6600",
        "price_per_unit": "6600",
        "price_unit": "G"
      },
      {
        "state": "SA",
        "price": "6600",
        "price_per_unit": "6600",
        "price_unit": "G"
      },
      {
        "state": "TAS",
        "price": "6600",
        "price_per_unit": "6600",
        "price_unit": "G"
      },
      {
        "state": "ACT",
        "price": "6600",
        "price_per_unit": "6600",
        "price_unit": "G"
      },
      {
        "state": "NT",
        "price": "6600",
        "price_per_unit": "6600",
        "price_unit": "G"
      }
    ]
  },
  {
    "source_url": "https://www.woolworths.com.au/shop/productdetails/1074543802/cosme-decorte-face-powder-00-translucent-20g-0-7oz",
    "name": "Cosme Decorte Face Powder #00 Translucent 20g/0.7oz",
    "image_url": "https://cdn1.woolworths.media/content/wowproductimages/large/1074543802.jpg",
    "source_id": "Woolworths - 1074543802",
    "barcode": null,
    "shop": "Woolworths",
    "weight": "10G",
    "prices": [
      {
        "state": "NSW",
        "price": "15620",
        "price_per_unit": "7810",
        "price_unit": "G"
      },
      {
        "state": "VIC",
        "price": "15620",
        "price_per_unit": "7810",
        "price_unit": "G"
      },
      {
        "state": "QLD",
        "price": "15620",
        "price_per_unit": "7810",
        "price_unit": "G"
      },
      {
        "state": "WA",
        "price": "15620",
        "price_per_unit": "7810",
        "price_unit": "G"
      },
      {
        "state": "SA",
        "price": "15620",
        "price_per_unit": "7810",
        "price_unit": "G"
      },
      {
        "state": "TAS",
        "price": "15620",
        "price_per_unit": "7810",
        "price_unit": "G"
      },
      {
        "state": "ACT",
        "price": "15620",
        "price_per_unit": "7810",
        "price_unit": "G"
      },
      {
        "state": "NT",
        "price": "15620",
        "price_per_unit": "7810",
        "price_unit": "G"
      }
    ]
  },
  {
    "source_url": "https://www.woolworths.com.au/shop/productdetails/1075527363/cosme-decorte-face-powder-10-misty-beige-20g-0-7oz",
    "name": "Cosme Decorte Face Powder - #10 Misty Beige 20g/0.7oz",
    "image_url": "https://cdn1.woolworths.media/content/wowproductimages/large/1075527363.jpg",
    "source_id": "Woolworths - 1075527363",
    "barcode": null,
    "shop": "Woolworths",
    "weight": "10G",
    "prices": [
      {
        "state": "NSW",
        "price": "6800",
        "price_per_unit": "3400",
        "price_unit": "G"
      },
      {
        "state": "VIC",
        "price": "6800",
        "price_per_unit": "3400",
        "price_unit": "G"
      },
      {
        "state": "QLD",
        "price": "6800",
        "price_per_unit": "3400",
        "price_unit": "G"
      },
      {
        "state": "WA",
        "price": "6800",
        "price_per_unit": "3400",
        "price_unit": "G"
      },
      {
        "state": "SA",
        "price": "6800",
        "price_per_unit": "3400",
        "price_unit": "G"
      },
      {
        "state": "TAS",
        "price": "6800",
        "price_per_unit": "3400",
        "price_unit": "G"
      },
      {
        "state": "ACT",
        "price": "6800",
        "price_per_unit": "3400",
        "price_unit": "G"
      },
      {
        "state": "NT",
        "price": "6800",
        "price_per_unit": "3400",
        "price_unit": "G"
      }
    ]
  },
  {
    "source_url": "https://www.woolworths.com.au/shop/productdetails/1074713686/cosme-decorte-face-powder-20g-0-7oz-00-translucent",
    "name": "Cosme Decorte Face Powder 20g/0.7oz #00 Translucent",
    "image_url": "https://cdn1.woolworths.media/content/wowproductimages/large/1074713686.jpg",
    "source_id": "Woolworths - 1074713686",
    "barcode": null,
    "shop": "Woolworths",
    "weight": "10G",
    "prices": [
      {
        "state": "NSW",
        "price": "12095",
        "price_per_unit": "6048",
        "price_unit": "G"
      },
      {
        "state": "VIC",
        "price": "12095",
        "price_per_unit": "6048",
        "price_unit": "G"
      },
      {
        "state": "QLD",
        "price": "12095",
        "price_per_unit": "6048",
        "price_unit": "G"
      },
      {
        "state": "WA",
        "price": "12095",
        "price_per_unit": "6048",
        "price_unit": "G"
      },
      {
        "state": "SA",
        "price": "12095",
        "price_per_unit": "6048",
        "price_unit": "G"
      },
      {
        "state": "TAS",
        "price": "12095",
        "price_per_unit": "6048",
        "price_unit": "G"
      },
      {
        "state": "ACT",
        "price": "12095",
        "price_per_unit": "6048",
        "price_unit": "G"
      },
      {
        "state": "NT",
        "price": "12095",
        "price_per_unit": "6048",
        "price_unit": "G"
      }
    ]
  },
  {
    "source_url": "https://www.woolworths.com.au/shop/productdetails/1075350060/covergirl-clean-fresh-hydrating-concealer-7ml-330-fair-light",
    "name": "Covergirl Clean Fresh Hydrating Concealer 7mL 330 Fair Light",
    "image_url": "https://cdn1.woolworths.media/content/wowproductimages/large/1075350060.jpg",
    "source_id": "Woolworths - 1075350060",
    "barcode": null,
    "shop": "Woolworths",
    "weight": "10ML",
    "prices": [
      {
        "state": "NSW",
        "price": "1299",
        "price_per_unit": "1856",
        "price_unit": "ML"
      },
      {
        "state": "VIC",
        "price": "1299",
        "price_per_unit": "1856",
        "price_unit": "ML"
      },
      {
        "state": "QLD",
        "price": "1299",
        "price_per_unit": "1856",
        "price_unit": "ML"
      },
      {
        "state": "WA",
        "price": "1299",
        "price_per_unit": "1856",
        "price_unit": "ML"
      },
      {
        "state": "SA",
        "price": "1299",
        "price_per_unit": "1856",
        "price_unit": "ML"
      },
      {
        "state": "TAS",
        "price": "1299",
        "price_per_unit": "1856",
        "price_unit": "ML"
      },
      {
        "state": "ACT",
        "price": "1299",
        "price_per_unit": "1856",
        "price_unit": "ML"
      },
      {
        "state": "NT",
        "price": "1299",
        "price_per_unit": "1856",
        "price_unit": "ML"
      }
    ]
  },
  {
    "source_url": "https://www.woolworths.com.au/shop/productdetails/1075358231/covergirl-clean-fresh-hydrating-concealer-7ml-330-fair-light-2pk",
    "name": "Covergirl Clean Fresh Hydrating Concealer 7mL 330 Fair Light 2pk",
    "image_url": "https://cdn1.woolworths.media/content/wowproductimages/large/1075358231.jpg",
    "source_id": "Woolworths - 1075358231",
    "barcode": null,
    "shop": "Woolworths",
    "weight": "1EA",
    "prices": [
      {
        "state": "NSW",
        "price": "1999",
        "price_per_unit": "1000",
        "price_unit": "EA"
      },
      {
        "state": "VIC",
        "price": "1999",
        "price_per_unit": "1000",
        "price_unit": "EA"
      },
      {
        "state": "QLD",
        "price": "1999",
        "price_per_unit": "1000",
        "price_unit": "EA"
      },
      {
        "state": "WA",
        "price": "1999",
        "price_per_unit": "1000",
        "price_unit": "EA"
      },
      {
        "state": "SA",
        "price": "1999",
        "price_per_unit": "1000",
        "price_unit": "EA"
      },
      {
        "state": "TAS",
        "price": "1999",
        "price_per_unit": "1000",
        "price_unit": "EA"
      },
      {
        "state": "ACT",
        "price": "1999",
        "price_per_unit": "1000",
        "price_unit": "EA"
      },
      {
        "state": "NT",
        "price": "1999",
        "price_per_unit": "1000",
        "price_unit": "EA"
      }
    ]
  },
  {
    "source_url": "https://www.woolworths.com.au/shop/productdetails/1075358232/covergirl-clean-fresh-hydrating-concealer-7ml-330-fair-light-6pk",
    "name": "Covergirl Clean Fresh Hydrating Concealer 7mL 330 Fair Light 6pk",
    "image_url": "https://cdn1.woolworths.media/content/wowproductimages/large/1075358232.jpg",
    "source_id": "Woolworths - 1075358232",
    "barcode": null,
    "shop": "Woolworths",
    "weight": "1EA",
    "prices": [
      {
        "state": "NSW",
        "price": "3999",
        "price_per_unit": "667",
        "price_unit": "EA"
      },
      {
        "state": "VIC",
        "price": "3999",
        "price_per_unit": "667",
        "price_unit": "EA"
      },
      {
        "state": "QLD",
        "price": "3999",
        "price_per_unit": "667",
        "price_unit": "EA"
      },
      {
        "state": "WA",
        "price": "3999",
        "price_per_unit": "667",
        "price_unit": "EA"
      },
      {
        "state": "SA",
        "price": "3999",
        "price_per_unit": "667",
        "price_unit": "EA"
      },
      {
        "state": "TAS",
        "price": "3999",
        "price_per_unit": "667",
        "price_unit": "EA"
      },
      {
        "state": "ACT",
        "price": "3999",
        "price_per_unit": "667",
        "price_unit": "EA"
      },
      {
        "state": "NT",
        "price": "3999",
        "price_per_unit": "667",
        "price_unit": "EA"
      }
    ]
  },
  {
    "source_url": "https://www.woolworths.com.au/shop/productdetails/1075006160/david-beckham-bold-instinct-eau-de-parfum-spray-new-75ml",
    "name": "David Beckham Bold Instinct Eau De Parfum Spray (new) 75ml",
    "image_url": "https://cdn1.woolworths.media/content/wowproductimages/large/1075006160.jpg",
    "source_id": "Woolworths - 1075006160",
    "barcode": null,
    "shop": "Woolworths",
    "weight": "10ML",
    "prices": [
      {
        "state": "NSW",
        "price": "7480",
        "price_per_unit": "997",
        "price_unit": "ML"
      },
      {
        "state": "VIC",
        "price": "7480",
        "price_per_unit": "997",
        "price_unit": "ML"
      },
      {
        "state": "QLD",
        "price": "7480",
        "price_per_unit": "997",
        "price_unit": "ML"
      },
      {
        "state": "WA",
        "price": "7480",
        "price_per_unit": "997",
        "price_unit": "ML"
      },
      {
        "state": "SA",
        "price": "7480",
        "price_per_unit": "997",
        "price_unit": "ML"
      },
      {
        "state": "TAS",
        "price": "7480",
        "price_per_unit": "997",
        "price_unit": "ML"
      },
      {
        "state": "ACT",
        "price": "7480",
        "price_per_unit": "997",
        "price_unit": "ML"
      },
      {
        "state": "NT",
        "price": "7480",
        "price_per_unit": "997",
        "price_unit": "ML"
      }
    ]
  },
  {
    "source_url": "https://www.woolworths.com.au/shop/productdetails/1075575157/david-beckham-eau-de-parfum-cologne-infinite-aqua-spray-100ml",
    "name": "David Beckham Eau De Parfum Cologne Infinite Aqua Spray 100ml",
    "image_url": "https://cdn1.woolworths.media/content/wowproductimages/large/1075575157.jpg",
    "source_id": "Woolworths - 1075575157",
    "barcode": null,
    "shop": "Woolworths",
    "weight": "10ML",
    "prices": [
      {
        "state": "NSW",
        "price": "10670",
        "price_per_unit": "1067",
        "price_unit": "ML"
      },
      {
        "state": "VIC",
        "price": "10670",
        "price_per_unit": "1067",
        "price_unit": "ML"
      },
      {
        "state": "QLD",
        "price": "10670",
        "price_per_unit": "1067",
        "price_unit": "ML"
      },
      {
        "state": "WA",
        "price": "10670",
        "price_per_unit": "1067",
        "price_unit": "ML"
      },
      {
        "state": "SA",
        "price": "10670",
        "price_per_unit": "1067",
        "price_unit": "ML"
      },
      {
        "state": "TAS",
        "price": "10670",
        "price_per_unit": "1067",
        "price_unit": "ML"
      },
      {
        "state": "ACT",
        "price": "10670",
        "price_per_unit": "1067",
        "price_unit": "ML"
      },
      {
        "state": "NT",
        "price": "10670",
        "price_per_unit": "1067",
        "price_unit": "ML"
      }
    ]
  },
  {
    "source_url": "https://www.woolworths.com.au/shop/productdetails/1074138174/dermablend-flawless-creator-multi-use-liquid-pigments-foundation-0n-30ml-1oz",
    "name": "Dermablend Flawless Creator Multi Use Liquid Pigments Foundation - # 0N 30ml/1oz",
    "image_url": "https://cdn1.woolworths.media/content/wowproductimages/large/1074138174.jpg",
    "source_id": "Woolworths - 1074138174",
    "barcode": null,
    "shop": "Woolworths",
    "weight": "10ML",
    "prices": [
      {
        "state": "NSW",
        "price": "7700",
        "price_per_unit": "2567",
        "price_unit": "ML"
      },
      {
        "state": "VIC",
        "price": "7700",
        "price_per_unit": "2567",
        "price_unit": "ML"
      },
      {
        "state": "QLD",
        "price": "7700",
        "price_per_unit": "2567",
        "price_unit": "ML"
      },
      {
        "state": "WA",
        "price": "7700",
        "price_per_unit": "2567",
        "price_unit": "ML"
      },
      {
        "state": "SA",
        "price": "7700",
        "price_per_unit": "2567",
        "price_unit": "ML"
      },
      {
        "state": "TAS",
        "price": "7700",
        "price_per_unit": "2567",
        "price_unit": "ML"
      },
      {
        "state": "ACT",
        "price": "7700",
        "price_per_unit": "2567",
        "price_unit": "ML"
      },
      {
        "state": "NT",
        "price": "7700",
        "price_per_unit": "2567",
        "price_unit": "ML"
      }
    ]
  },
  {
    "source_url": "https://www.woolworths.com.au/shop/productdetails/1075498428/dermacol-make-up-cover-foundation-spf-30-207-very-light-beige-with-apricot-undertone-30g-1oz",
    "name": "Dermacol Make Up Cover Foundation SPF 30 - # 207 (Very Light Beige With Apricot Undertone) 30g/1oz",
    "image_url": "https://cdn1.woolworths.media/content/wowproductimages/large/1075498428.jpg",
    "source_id": "Woolworths - 1075498428",
    "barcode": null,
    "shop": "Woolworths",
    "weight": "10G",
    "prices": [
      {
        "state": "NSW",
        "price": "3400",
        "price_per_unit": "1133",
        "price_unit": "G"
      },
      {
        "state": "VIC",
        "price": "3400",
        "price_per_unit": "1133",
        "price_unit": "G"
      },
      {
        "state": "QLD",
        "price": "3400",
        "price_per_unit": "1133",
        "price_unit": "G"
      },
      {
        "state": "WA",
        "price": "3400",
        "price_per_unit": "1133",
        "price_unit": "G"
      },
      {
        "state": "SA",
        "price": "3400",
        "price_per_unit": "1133",
        "price_unit": "G"
      },
      {
        "state": "TAS",
        "price": "3400",
        "price_per_unit": "1133",
        "price_unit": "G"
      },
      {
        "state": "ACT",
        "price": "3400",
        "price_per_unit": "1133",
        "price_unit": "G"
      },
      {
        "state": "NT",
        "price": "3400",
        "price_per_unit": "1133",
        "price_unit": "G"
      }
    ]
  },
  {
    "source_url": "https://www.woolworths.com.au/shop/productdetails/1075498429/dermacol-make-up-cover-foundation-spf-30-211-light-beige-rosy-30g-1oz",
    "name": "Dermacol Make Up Cover Foundation SPF 30 - # 211 (Light Beige-Rosy) 30g/1oz",
    "image_url": "https://cdn1.woolworths.media/content/wowproductimages/large/1075498429.jpg",
    "source_id": "Woolworths - 1075498429",
    "barcode": null,
    "shop": "Woolworths",
    "weight": "10G",
    "prices": [
      {
        "state": "NSW",
        "price": "3400",
        "price_per_unit": "1133",
        "price_unit": "G"
      },
      {
        "state": "VIC",
        "price": "3400",
        "price_per_unit": "1133",
        "price_unit": "G"
      },
      {
        "state": "QLD",
        "price": "3400",
        "price_per_unit": "1133",
        "price_unit": "G"
      },
      {
        "state": "WA",
        "price": "3400",
        "price_per_unit": "1133",
        "price_unit": "G"
      },
      {
        "state": "SA",
        "price": "3400",
        "price_per_unit": "1133",
        "price_unit": "G"
      },
      {
        "state": "TAS",
        "price": "3400",
        "price_per_unit": "1133",
        "price_unit": "G"
      },
      {
        "state": "ACT",
        "price": "3400",
        "price_per_unit": "1133",
        "price_unit": "G"
      },
      {
        "state": "NT",
        "price": "3400",
        "price_per_unit": "1133",
        "price_unit": "G"
      }
    ]
  },
  {
    "source_url": "https://www.woolworths.com.au/shop/productdetails/1075498430/dermacol-make-up-cover-foundation-spf-30-212-light-rosy-with-beige-undertone-30g-1oz",
    "name": "Dermacol Make Up Cover Foundation SPF 30 - # 212 (Light Rosy With Beige Undertone) 30g/1oz",
    "image_url": "https://cdn1.woolworths.media/content/wowproductimages/large/1075498430.jpg",
    "source_id": "Woolworths - 1075498430",
    "barcode": null,
    "shop": "Woolworths",
    "weight": "10G",
    "prices": [
      {
        "state": "NSW",
        "price": "3400",
        "price_per_unit": "1133",
        "price_unit": "G"
      },
      {
        "state": "VIC",
        "price": "3400",
        "price_per_unit": "1133",
        "price_unit": "G"
      },
      {
        "state": "QLD",
        "price": "3400",
        "price_per_unit": "1133",
        "price_unit": "G"
      },
      {
        "state": "WA",
        "price": "3400",
        "price_per_unit": "1133",
        "price_unit": "G"
      },
      {
        "state": "SA",
        "price": "3400",
        "price_per_unit": "1133",
        "price_unit": "G"
      },
      {
        "state": "TAS",
        "price": "3400",
        "price_per_unit": "1133",
        "price_unit": "G"
      },
      {
        "state": "ACT",
        "price": "3400",
        "price_per_unit": "1133",
        "price_unit": "G"
      },
      {
        "state": "NT",
        "price": "3400",
        "price_per_unit": "1133",
        "price_unit": "G"
      }
    ]
  },
  {
    "source_url": "https://www.woolworths.com.au/shop/productdetails/1075498431/dermacol-make-up-cover-foundation-spf-30-213-medium-beige-with-rosy-undertone-30g-1oz",
    "name": "Dermacol Make Up Cover Foundation SPF 30 - # 213 (Medium Beige With Rosy Undertone) 30g/1oz",
    "image_url": "https://cdn1.woolworths.media/content/wowproductimages/large/1075498431.jpg",
    "source_id": "Woolworths - 1075498431",
    "barcode": null,
    "shop": "Woolworths",
    "weight": "10G",
    "prices": [
      {
        "state": "NSW",
        "price": "3400",
        "price_per_unit": "1133",
        "price_unit": "G"
      },
      {
        "state": "VIC",
        "price": "3400",
        "price_per_unit": "1133",
        "price_unit": "G"
      },
      {
        "state": "QLD",
        "price": "3400",
        "price_per_unit": "1133",
        "price_unit": "G"
      },
      {
        "state": "WA",
        "price": "3400",
        "price_per_unit": "1133",
        "price_unit": "G"
      },
      {
        "state": "SA",
        "price": "3400",
        "price_per_unit": "1133",
        "price_unit": "G"
      },
      {
        "state": "TAS",
        "price": "3400",
        "price_per_unit": "1133",
        "price_unit": "G"
      },
      {
        "state": "ACT",
        "price": "3400",
        "price_per_unit": "1133",
        "price_unit": "G"
      },
      {
        "state": "NT",
        "price": "3400",
        "price_per_unit": "1133",
        "price_unit": "G"
      }
    ]
  },
  {
    "source_url": "https://www.woolworths.com.au/shop/productdetails/1075498432/dermacol-make-up-cover-foundation-spf-30-221-sandy-beige-with-olive-undertone-30g-1oz",
    "name": "Dermacol Make Up Cover Foundation SPF 30 - # 221 (Sandy Beige With Olive Undertone) 30g/1oz",
    "image_url": "https://cdn1.woolworths.media/content/wowproductimages/large/1075498432.jpg",
    "source_id": "Woolworths - 1075498432",
    "barcode": null,
    "shop": "Woolworths",
    "weight": "10G",
    "prices": [
      {
        "state": "NSW",
        "price": "3400",
        "price_per_unit": "1133",
        "price_unit": "G"
      },
      {
        "state": "VIC",
        "price": "3400",
        "price_per_unit": "1133",
        "price_unit": "G"
      },
      {
        "state": "QLD",
        "price": "3400",
        "price_per_unit": "1133",
        "price_unit": "G"
      },
      {
        "state": "WA",
        "price": "3400",
        "price_per_unit": "1133",
        "price_unit": "G"
      },
      {
        "state": "SA",
        "price": "3400",
        "price_per_unit": "1133",
        "price_unit": "G"
      },
      {
        "state": "TAS",
        "price": "3400",
        "price_per_unit": "1133",
        "price_unit": "G"
      },
      {
        "state": "ACT",
        "price": "3400",
        "price_per_unit": "1133",
        "price_unit": "G"
      },
      {
        "state": "NT",
        "price": "3400",
        "price_per_unit": "1133",
        "price_unit": "G"
      }
    ]
  },
  {
    "source_url": "https://www.woolworths.com.au/shop/productdetails/1075797827/dermalogica-age-smart-skinperfect-primer-spf-30-22ml-0-75oz",
    "name": "Dermalogica Age Smart Skinperfect Primer SPF 30 22ml/0.75oz",
    "image_url": "https://cdn1.woolworths.media/content/wowproductimages/large/1075797827.jpg",
    "source_id": "Woolworths - 1075797827",
    "barcode": null,
    "shop": "Woolworths",
    "weight": "10ML",
    "prices": [
      {
        "state": "NSW",
        "price": "10100",
        "price_per_unit": "4591",
        "price_unit": "ML"
      },
      {
        "state": "VIC",
        "price": "10100",
        "price_per_unit": "4591",
        "price_unit": "ML"
      },
      {
        "state": "WA",
        "price": "10100",
        "price_per_unit": "4591",
        "price_unit": "ML"
      },
      {
        "state": "SA",
        "price": "10100",
        "price_per_unit": "4591",
        "price_unit": "ML"
      },
      {
        "state": "TAS",
        "price": "10100",
        "price_per_unit": "4591",
        "price_unit": "ML"
      },
      {
        "state": "ACT",
        "price": "10100",
        "price_per_unit": "4591",
        "price_unit": "ML"
      },
      {
        "state": "NT",
        "price": "10100",
        "price_per_unit": "4591",
        "price_unit": "ML"
      }
    ]
  },
  {
    "source_url": "https://www.woolworths.com.au/shop/productdetails/1074926160/dermaquest-dermaminerals-buildable-coverage-loose-mineral-powder-spf-20-1c-11-4g-0-4oz",
    "name": "DermaQuest DermaMinerals Buildable Coverage Loose Mineral Powder SPF 20 - # 1C 11.4g/0.4oz",
    "image_url": "https://cdn1.woolworths.media/content/wowproductimages/large/1074926160.jpg",
    "source_id": "Woolworths - 1074926160",
    "barcode": null,
    "shop": "Woolworths",
    "weight": "10G",
    "prices": [
      {
        "state": "NSW",
        "price": "7300",
        "price_per_unit": "6404",
        "price_unit": "G"
      },
      {
        "state": "VIC",
        "price": "7300",
        "price_per_unit": "6404",
        "price_unit": "G"
      },
      {
        "state": "WA",
        "price": "7300",
        "price_per_unit": "6404",
        "price_unit": "G"
      },
      {
        "state": "SA",
        "price": "7300",
        "price_per_unit": "6404",
        "price_unit": "G"
      },
      {
        "state": "TAS",
        "price": "7300",
        "price_per_unit": "6404",
        "price_unit": "G"
      },
      {
        "state": "ACT",
        "price": "7300",
        "price_per_unit": "6404",
        "price_unit": "G"
      },
      {
        "state": "NT",
        "price": "7300",
        "price_per_unit": "6404",
        "price_unit": "G"
      }
    ]
  },
  {
    "source_url": "https://www.woolworths.com.au/shop/productdetails/1074926161/dermaquest-dermaminerals-buildable-coverage-loose-mineral-powder-spf-20-1w-11-4g-0-4oz",
    "name": "DermaQuest DermaMinerals Buildable Coverage Loose Mineral Powder SPF 20 - # 1W 11.4g/0.4oz",
    "image_url": "https://cdn1.woolworths.media/content/wowproductimages/large/1074926161.jpg",
    "source_id": "Woolworths - 1074926161",
    "barcode": null,
    "shop": "Woolworths",
    "weight": "10G",
    "prices": [
      {
        "state": "NSW",
        "price": "7300",
        "price_per_unit": "6404",
        "price_unit": "G"
      },
      {
        "state": "VIC",
        "price": "7300",
        "price_per_unit": "6404",
        "price_unit": "G"
      },
      {
        "state": "WA",
        "price": "7300",
        "price_per_unit": "6404",
        "price_unit": "G"
      },
      {
        "state": "SA",
        "price": "7300",
        "price_per_unit": "6404",
        "price_unit": "G"
      },
      {
        "state": "TAS",
        "price": "7300",
        "price_per_unit": "6404",
        "price_unit": "G"
      },
      {
        "state": "ACT",
        "price": "7300",
        "price_per_unit": "6404",
        "price_unit": "G"
      },
      {
        "state": "NT",
        "price": "7300",
        "price_per_unit": "6404",
        "price_unit": "G"
      }
    ]
  },
  {
    "source_url": "https://www.woolworths.com.au/shop/productdetails/1074926162/dermaquest-dermaminerals-buildable-coverage-loose-mineral-powder-spf-20-2c-11-4g-0-4oz",
    "name": "DermaQuest DermaMinerals Buildable Coverage Loose Mineral Powder SPF 20 - # 2C 11.4g/0.4oz",
    "image_url": "https://cdn1.woolworths.media/content/wowproductimages/large/1074926162.jpg",
    "source_id": "Woolworths - 1074926162",
    "barcode": null,
    "shop": "Woolworths",
    "weight": "10G",
    "prices": [
      {
        "state": "NSW",
        "price": "7300",
        "price_per_unit": "6404",
        "price_unit": "G"
      },
      {
        "state": "VIC",
        "price": "7300",
        "price_per_unit": "6404",
        "price_unit": "G"
      },
      {
        "state": "WA",
        "price": "7300",
        "price_per_unit": "6404",
        "price_unit": "G"
      },
      {
        "state": "SA",
        "price": "7300",
        "price_per_unit": "6404",
        "price_unit": "G"
      },
      {
        "state": "TAS",
        "price": "7300",
        "price_per_unit": "6404",
        "price_unit": "G"
      },
      {
        "state": "ACT",
        "price": "7300",
        "price_per_unit": "6404",
        "price_unit": "G"
      },
      {
        "state": "NT",
        "price": "7300",
        "price_per_unit": "6404",
        "price_unit": "G"
      }
    ]
  },
  {
    "source_url": "https://www.woolworths.com.au/shop/productdetails/1074926163/dermaquest-dermaminerals-buildable-coverage-loose-mineral-powder-spf-20-2w-11-4g-0-4oz",
    "name": "DermaQuest DermaMinerals Buildable Coverage Loose Mineral Powder SPF 20 - # 2W 11.4g/0.4oz",
    "image_url": "https://cdn1.woolworths.media/content/wowproductimages/large/1074926163.jpg",
    "source_id": "Woolworths - 1074926163",
    "barcode": null,
    "shop": "Woolworths",
    "weight": "10G",
    "prices": [
      {
        "state": "NSW",
        "price": "7300",
        "price_per_unit": "6404",
        "price_unit": "G"
      },
      {
        "state": "VIC",
        "price": "7300",
        "price_per_unit": "6404",
        "price_unit": "G"
      },
      {
        "state": "WA",
        "price": "7300",
        "price_per_unit": "6404",
        "price_unit": "G"
      },
      {
        "state": "SA",
        "price": "7300",
        "price_per_unit": "6404",
        "price_unit": "G"
      },
      {
        "state": "TAS",
        "price": "7300",
        "price_per_unit": "6404",
        "price_unit": "G"
      },
      {
        "state": "ACT",
        "price": "7300",
        "price_per_unit": "6404",
        "price_unit": "G"
      },
      {
        "state": "NT",
        "price": "7300",
        "price_per_unit": "6404",
        "price_unit": "G"
      }
    ]
  },
  {
    "source_url": "https://www.woolworths.com.au/shop/productdetails/1074926164/dermaquest-dermaminerals-buildable-coverage-loose-mineral-powder-spf-20-3w-11-4g-0-4oz",
    "name": "DermaQuest DermaMinerals Buildable Coverage Loose Mineral Powder SPF 20 - # 3W 11.4g/0.4oz",
    "image_url": "https://cdn1.woolworths.media/content/wowproductimages/large/1074926164.jpg",
    "source_id": "Woolworths - 1074926164",
    "barcode": null,
    "shop": "Woolworths",
    "weight": "10G",
    "prices": [
      {
        "state": "NSW",
        "price": "7300",
        "price_per_unit": "6404",
        "price_unit": "G"
      },
      {
        "state": "VIC",
        "price": "7300",
        "price_per_unit": "6404",
        "price_unit": "G"
      },
      {
        "state": "WA",
        "price": "7300",
        "price_per_unit": "6404",
        "price_unit": "G"
      },
      {
        "state": "SA",
        "price": "7300",
        "price_per_unit": "6404",
        "price_unit": "G"
      },
      {
        "state": "TAS",
        "price": "7300",
        "price_per_unit": "6404",
        "price_unit": "G"
      },
      {
        "state": "ACT",
        "price": "7300",
        "price_per_unit": "6404",
        "price_unit": "G"
      },
      {
        "state": "NT",
        "price": "7300",
        "price_per_unit": "6404",
        "price_unit": "G"
      }
    ]
  },
  {
    "source_url": "https://www.woolworths.com.au/shop/productdetails/1074926165/dermaquest-dermaminerals-buildable-coverage-loose-mineral-powder-spf-20-4n-11-4g-0-4oz",
    "name": "DermaQuest DermaMinerals Buildable Coverage Loose Mineral Powder SPF 20 - # 4N 11.4g/0.4oz",
    "image_url": "https://cdn1.woolworths.media/content/wowproductimages/large/1074926165.jpg",
    "source_id": "Woolworths - 1074926165",
    "barcode": null,
    "shop": "Woolworths",
    "weight": "10G",
    "prices": [
      {
        "state": "NSW",
        "price": "7300",
        "price_per_unit": "6404",
        "price_unit": "G"
      },
      {
        "state": "VIC",
        "price": "7300",
        "price_per_unit": "6404",
        "price_unit": "G"
      },
      {
        "state": "QLD",
        "price": "7300",
        "price_per_unit": "6404",
        "price_unit": "G"
      },
      {
        "state": "WA",
        "price": "7300",
        "price_per_unit": "6404",
        "price_unit": "G"
      },
      {
        "state": "SA",
        "price": "7300",
        "price_per_unit": "6404",
        "price_unit": "G"
      },
      {
        "state": "TAS",
        "price": "7300",
        "price_per_unit": "6404",
        "price_unit": "G"
      },
      {
        "state": "ACT",
        "price": "7300",
        "price_per_unit": "6404",
        "price_unit": "G"
      },
      {
        "state": "NT",
        "price": "7300",
        "price_per_unit": "6404",
        "price_unit": "G"
      }
    ]
  },
  {
    "source_url": "https://www.woolworths.com.au/shop/productdetails/1074926166/dermaquest-dermaminerals-buildable-coverage-loose-mineral-powder-spf-20-5w-11-4g-0-4oz",
    "name": "DermaQuest DermaMinerals Buildable Coverage Loose Mineral Powder SPF 20 - # 5W 11.4g/0.4oz",
    "image_url": "https://cdn1.woolworths.media/content/wowproductimages/large/1074926166.jpg",
    "source_id": "Woolworths - 1074926166",
    "barcode": null,
    "shop": "Woolworths",
    "weight": "10G",
    "prices": [
      {
        "state": "NSW",
        "price": "7900",
        "price_per_unit": "6930",
        "price_unit": "G"
      },
      {
        "state": "VIC",
        "price": "7900",
        "price_per_unit": "6930",
        "price_unit": "G"
      },
      {
        "state": "QLD",
        "price": "7900",
        "price_per_unit": "6930",
        "price_unit": "G"
      },
      {
        "state": "WA",
        "price": "7900",
        "price_per_unit": "6930",
        "price_unit": "G"
      },
      {
        "state": "SA",
        "price": "7900",
        "price_per_unit": "6930",
        "price_unit": "G"
      },
      {
        "state": "TAS",
        "price": "7900",
        "price_per_unit": "6930",
        "price_unit": "G"
      },
      {
        "state": "ACT",
        "price": "7900",
        "price_per_unit": "6930",
        "price_unit": "G"
      },
      {
        "state": "NT",
        "price": "7900",
        "price_per_unit": "6930",
        "price_unit": "G"
      }
    ]
  },
  {
    "source_url": "https://www.woolworths.com.au/shop/productdetails/1074926167/dermaquest-dermaminerals-buildable-coverage-pressed-mineral-powder-spf-15-1c-9-1g-0-32oz",
    "name": "DermaQuest DermaMinerals Buildable Coverage Pressed Mineral Powder SPF 15 - # 1C 9.1g/0.32oz",
    "image_url": "https://cdn1.woolworths.media/content/wowproductimages/large/1074926167.jpg",
    "source_id": "Woolworths - 1074926167",
    "barcode": null,
    "shop": "Woolworths",
    "weight": "10G",
    "prices": [
      {
        "state": "NSW",
        "price": "7400",
        "price_per_unit": "8132",
        "price_unit": "G"
      },
      {
        "state": "VIC",
        "price": "7400",
        "price_per_unit": "8132",
        "price_unit": "G"
      },
      {
        "state": "QLD",
        "price": "7400",
        "price_per_unit": "8132",
        "price_unit": "G"
      },
      {
        "state": "QLD",
        "price": "7400",
        "price_per_unit": "8132",
        "price_unit": "G"
      },
      {
        "state": "WA",
        "price": "7400",
        "price_per_unit": "8132",
        "price_unit": "G"
      },
      {
        "state": "SA",
        "price": "7400",
        "price_per_unit": "8132",
        "price_unit": "G"
      },
      {
        "state": "TAS",
        "price": "7400",
        "price_per_unit": "8132",
        "price_unit": "G"
      },
      {
        "state": "ACT",
        "price": "7400",
        "price_per_unit": "8132",
        "price_unit": "G"
      },
      {
        "state": "NT",
        "price": "7400",
        "price_per_unit": "8132",
        "price_unit": "G"
      }
    ]
  },
  {
    "source_url": "https://www.woolworths.com.au/shop/productdetails/1074926180/dermaquest-dermaminerals-pressed-treatment-minerals-face-blush-celestial-2-8g-0-1oz",
    "name": "DermaQuest DermaMinerals Pressed Treatment Minerals Face Blush - # Celestial 2.8g/0.1oz",
    "image_url": "https://cdn1.woolworths.media/content/wowproductimages/large/1074926180.jpg",
    "source_id": "Woolworths - 1074926180",
    "barcode": null,
    "shop": "Woolworths",
    "weight": "10G",
    "prices": [
      {
        "state": "NSW",
        "price": "4300",
        "price_per_unit": "15357",
        "price_unit": "G"
      },
      {
        "state": "VIC",
        "price": "4300",
        "price_per_unit": "15357",
        "price_unit": "G"
      },
      {
        "state": "QLD",
        "price": "4300",
        "price_per_unit": "15357",
        "price_unit": "G"
      },
      {
        "state": "QLD",
        "price": "4300",
        "price_per_unit": "15357",
        "price_unit": "G"
      },
      {
        "state": "WA",
        "price": "4300",
        "price_per_unit": "15357",
        "price_unit": "G"
      },
      {
        "state": "SA",
        "price": "4300",
        "price_per_unit": "15357",
        "price_unit": "G"
      },
      {
        "state": "TAS",
        "price": "4300",
        "price_per_unit": "15357",
        "price_unit": "G"
      },
      {
        "state": "ACT",
        "price": "4300",
        "price_per_unit": "15357",
        "price_unit": "G"
      },
      {
        "state": "NT",
        "price": "4300",
        "price_per_unit": "15357",
        "price_unit": "G"
      }
    ]
  },
  {
    "source_url": "https://www.woolworths.com.au/shop/productdetails/1074926213/diego-dalla-palma-milano-camouflage-corrector-concealing-foundation-body-face-300-light-cold-40ml-1-4oz",
    "name": "Diego Dalla Palma Milano Camouflage Corrector Concealing Foundation (Body & Face) - # 300 (Light Cold) 40ml/1.4oz",
    "image_url": "https://cdn1.woolworths.media/content/wowproductimages/large/1074926213.jpg",
    "source_id": "Woolworths - 1074926213",
    "barcode": null,
    "shop": "Woolworths",
    "weight": "10ML",
    "prices": [
      {
        "state": "NSW",
        "price": "5000",
        "price_per_unit": "1250",
        "price_unit": "ML"
      },
      {
        "state": "VIC",
        "price": "5000",
        "price_per_unit": "1250",
        "price_unit": "ML"
      },
      {
        "state": "QLD",
        "price": "5000",
        "price_per_unit": "1250",
        "price_unit": "ML"
      },
      {
        "state": "WA",
        "price": "5000",
        "price_per_unit": "1250",
        "price_unit": "ML"
      },
      {
        "state": "SA",
        "price": "5000",
        "price_per_unit": "1250",
        "price_unit": "ML"
      },
      {
        "state": "TAS",
        "price": "5000",
        "price_per_unit": "1250",
        "price_unit": "ML"
      },
      {
        "state": "ACT",
        "price": "5000",
        "price_per_unit": "1250",
        "price_unit": "ML"
      },
      {
        "state": "NT",
        "price": "5000",
        "price_per_unit": "1250",
        "price_unit": "ML"
      }
    ]
  },
  {
    "source_url": "https://www.woolworths.com.au/shop/productdetails/1074926223/diego-dalla-palma-milano-makeupstudio-compact-powder-highlighter-32-bronze-10g-0-4oz",
    "name": "Diego Dalla Palma Milano Makeupstudio Compact Powder Highlighter - # 32 (Bronze) 10g/0.4oz",
    "image_url": "https://cdn1.woolworths.media/content/wowproductimages/large/1074926223.jpg",
    "source_id": "Woolworths - 1074926223",
    "barcode": null,
    "shop": "Woolworths",
    "weight": "10G",
    "prices": [
      {
        "state": "NSW",
        "price": "4700",
        "price_per_unit": "4700",
        "price_unit": "G"
      },
      {
        "state": "VIC",
        "price": "4700",
        "price_per_unit": "4700",
        "price_unit": "G"
      },
      {
        "state": "QLD",
        "price": "4700",
        "price_per_unit": "4700",
        "price_unit": "G"
      },
      {
        "state": "WA",
        "price": "4700",
        "price_per_unit": "4700",
        "price_unit": "G"
      },
      {
        "state": "SA",
        "price": "4700",
        "price_per_unit": "4700",
        "price_unit": "G"
      },
      {
        "state": "TAS",
        "price": "4700",
        "price_per_unit": "4700",
        "price_unit": "G"
      },
      {
        "state": "ACT",
        "price": "4700",
        "price_per_unit": "4700",
        "price_unit": "G"
      },
      {
        "state": "NT",
        "price": "4700",
        "price_per_unit": "4700",
        "price_unit": "G"
      }
    ]
  },
  {
    "source_url": "https://www.woolworths.com.au/shop/productdetails/1075785186/dr-hauschka-foundation-05-nutmeg-30ml-1oz",
    "name": "Dr. Hauschka Foundation - #05 (Nutmeg) 30ml/1oz",
    "image_url": "https://cdn1.woolworths.media/content/wowproductimages/large/1075785186.jpg",
    "source_id": "Woolworths - 1075785186",
    "barcode": null,
    "shop": "Woolworths",
    "weight": "10ML",
    "prices": [
      {
        "state": "NSW",
        "price": "6700",
        "price_per_unit": "2233",
        "price_unit": "ML"
      },
      {
        "state": "VIC",
        "price": "6700",
        "price_per_unit": "2233",
        "price_unit": "ML"
      },
      {
        "state": "QLD",
        "price": "6700",
        "price_per_unit": "2233",
        "price_unit": "ML"
      },
      {
        "state": "WA",
        "price": "6700",
        "price_per_unit": "2233",
        "price_unit": "ML"
      },
      {
        "state": "SA",
        "price": "6700",
        "price_per_unit": "2233",
        "price_unit": "ML"
      },
      {
        "state": "TAS",
        "price": "6700",
        "price_per_unit": "2233",
        "price_unit": "ML"
      },
      {
        "state": "ACT",
        "price": "6700",
        "price_per_unit": "2233",
        "price_unit": "ML"
      },
      {
        "state": "NT",
        "price": "6700",
        "price_per_unit": "2233",
        "price_unit": "ML"
      }
    ]
  },
  {
    "source_url": "https://www.woolworths.com.au/shop/productdetails/1075344779/eco-minerals-alchemy-highlight-creme-8g",
    "name": "Eco Minerals Alchemy highlight creme 8g",
    "image_url": "https://cdn1.woolworths.media/content/wowproductimages/large/1075344779.jpg",
    "source_id": "Woolworths - 1075344779",
    "barcode": null,
    "shop": "Woolworths",
    "weight": "10G",
    "prices": [
      {
        "state": "NSW",
        "price": "3800",
        "price_per_unit": "4750",
        "price_unit": "G"
      },
      {
        "state": "VIC",
        "price": "3800",
        "price_per_unit": "4750",
        "price_unit": "G"
      },
      {
        "state": "QLD",
        "price": "3800",
        "price_per_unit": "4750",
        "price_unit": "G"
      },
      {
        "state": "WA",
        "price": "3800",
        "price_per_unit": "4750",
        "price_unit": "G"
      },
      {
        "state": "SA",
        "price": "3800",
        "price_per_unit": "4750",
        "price_unit": "G"
      },
      {
        "state": "TAS",
        "price": "3800",
        "price_per_unit": "4750",
        "price_unit": "G"
      },
      {
        "state": "ACT",
        "price": "3800",
        "price_per_unit": "4750",
        "price_unit": "G"
      },
      {
        "state": "NT",
        "price": "3800",
        "price_per_unit": "4750",
        "price_unit": "G"
      }
    ]
  },
  {
    "source_url": "https://www.woolworths.com.au/shop/productdetails/1075345244/eco-minerals-bb-cream-belongil-beach-light-32-ml",
    "name": "Eco Minerals BB Cream Belongil Beach Light 32 ml",
    "image_url": "https://cdn1.woolworths.media/content/wowproductimages/large/1075345244.jpg",
    "source_id": "Woolworths - 1075345244",
    "barcode": null,
    "shop": "Woolworths",
    "weight": "10ML",
    "prices": [
      {
        "state": "NSW",
        "price": "5200",
        "price_per_unit": "1625",
        "price_unit": "ML"
      },
      {
        "state": "VIC",
        "price": "5200",
        "price_per_unit": "1625",
        "price_unit": "ML"
      },
      {
        "state": "QLD",
        "price": "5200",
        "price_per_unit": "1625",
        "price_unit": "ML"
      },
      {
        "state": "WA",
        "price": "5200",
        "price_per_unit": "1625",
        "price_unit": "ML"
      },
      {
        "state": "SA",
        "price": "5200",
        "price_per_unit": "1625",
        "price_unit": "ML"
      },
      {
        "state": "TAS",
        "price": "5200",
        "price_per_unit": "1625",
        "price_unit": "ML"
      },
      {
        "state": "ACT",
        "price": "5200",
        "price_per_unit": "1625",
        "price_unit": "ML"
      },
      {
        "state": "NT",
        "price": "5200",
        "price_per_unit": "1625",
        "price_unit": "ML"
      }
    ]
  },
  {
    "source_url": "https://www.woolworths.com.au/shop/productdetails/1075347506/eco-minerals-bb-cream-tallow-beach-medium-32ml",
    "name": "Eco Minerals BB Cream Tallow Beach Medium 32ml",
    "image_url": "https://cdn1.woolworths.media/content/wowproductimages/large/1075347506.jpg",
    "source_id": "Woolworths - 1075347506",
    "barcode": null,
    "shop": "Woolworths",
    "weight": "10ML",
    "prices": [
      {
        "state": "NSW",
        "price": "5200",
        "price_per_unit": "1625",
        "price_unit": "ML"
      },
      {
        "state": "VIC",
        "price": "5200",
        "price_per_unit": "1625",
        "price_unit": "ML"
      },
      {
        "state": "QLD",
        "price": "5200",
        "price_per_unit": "1625",
        "price_unit": "ML"
      },
      {
        "state": "WA",
        "price": "5200",
        "price_per_unit": "1625",
        "price_unit": "ML"
      },
      {
        "state": "SA",
        "price": "5200",
        "price_per_unit": "1625",
        "price_unit": "ML"
      },
      {
        "state": "TAS",
        "price": "5200",
        "price_per_unit": "1625",
        "price_unit": "ML"
      },
      {
        "state": "ACT",
        "price": "5200",
        "price_per_unit": "1625",
        "price_unit": "ML"
      },
      {
        "state": "NT",
        "price": "5200",
        "price_per_unit": "1625",
        "price_unit": "ML"
      }
    ]
  },
  {
    "source_url": "https://www.woolworths.com.au/shop/productdetails/1075346736/eco-minerals-bb-cream-wategos-beach-medium-light-32ml",
    "name": "Eco Minerals BB Cream Wategos Beach Medium Light 32ml",
    "image_url": "https://cdn1.woolworths.media/content/wowproductimages/large/1075346736.jpg",
    "source_id": "Woolworths - 1075346736",
    "barcode": null,
    "shop": "Woolworths",
    "weight": "10ML",
    "prices": [
      {
        "state": "NSW",
        "price": "5200",
        "price_per_unit": "1625",
        "price_unit": "ML"
      },
      {
        "state": "VIC",
        "price": "5200",
        "price_per_unit": "1625",
        "price_unit": "ML"
      },
      {
        "state": "QLD",
        "price": "5200",
        "price_per_unit": "1625",
        "price_unit": "ML"
      },
      {
        "state": "WA",
        "price": "5200",
        "price_per_unit": "1625",
        "price_unit": "ML"
      },
      {
        "state": "SA",
        "price": "5200",
        "price_per_unit": "1625",
        "price_unit": "ML"
      },
      {
        "state": "TAS",
        "price": "5200",
        "price_per_unit": "1625",
        "price_unit": "ML"
      },
      {
        "state": "ACT",
        "price": "5200",
        "price_per_unit": "1625",
        "price_unit": "ML"
      },
      {
        "state": "NT",
        "price": "5200",
        "price_per_unit": "1625",
        "price_unit": "ML"
      }
    ]
  },
  {
    "source_url": "https://www.woolworths.com.au/shop/productdetails/1075349833/eco-minerals-blush-jar-dreamtime-4g",
    "name": "Eco Minerals Blush Jar Dreamtime 4g",
    "image_url": "https://cdn1.woolworths.media/content/wowproductimages/large/1075349833.jpg",
    "source_id": "Woolworths - 1075349833",
    "barcode": null,
    "shop": "Woolworths",
    "weight": "10G",
    "prices": [
      {
        "state": "NSW",
        "price": "3800",
        "price_per_unit": "9500",
        "price_unit": "G"
      },
      {
        "state": "VIC",
        "price": "3800",
        "price_per_unit": "9500",
        "price_unit": "G"
      },
      {
        "state": "QLD",
        "price": "3800",
        "price_per_unit": "9500",
        "price_unit": "G"
      },
      {
        "state": "WA",
        "price": "3800",
        "price_per_unit": "9500",
        "price_unit": "G"
      },
      {
        "state": "SA",
        "price": "3800",
        "price_per_unit": "9500",
        "price_unit": "G"
      },
      {
        "state": "TAS",
        "price": "3800",
        "price_per_unit": "9500",
        "price_unit": "G"
      },
      {
        "state": "ACT",
        "price": "3800",
        "price_per_unit": "9500",
        "price_unit": "G"
      },
      {
        "state": "NT",
        "price": "3800",
        "price_per_unit": "9500",
        "price_unit": "G"
      }
    ]
  },
  {
    "source_url": "https://www.woolworths.com.au/shop/productdetails/1075347505/eco-minerals-bronzer-jar-eco-exotic-4g",
    "name": "Eco Minerals Bronzer Jar Eco Exotic 4g",
    "image_url": "https://cdn1.woolworths.media/content/wowproductimages/large/1075347505.jpg",
    "source_id": "Woolworths - 1075347505",
    "barcode": null,
    "shop": "Woolworths",
    "weight": "10G",
    "prices": [
      {
        "state": "NSW",
        "price": "3800",
        "price_per_unit": "9500",
        "price_unit": "G"
      },
      {
        "state": "VIC",
        "price": "3800",
        "price_per_unit": "9500",
        "price_unit": "G"
      },
      {
        "state": "QLD",
        "price": "3800",
        "price_per_unit": "9500",
        "price_unit": "G"
      },
      {
        "state": "WA",
        "price": "3800",
        "price_per_unit": "9500",
        "price_unit": "G"
      },
      {
        "state": "SA",
        "price": "3800",
        "price_per_unit": "9500",
        "price_unit": "G"
      },
      {
        "state": "TAS",
        "price": "3800",
        "price_per_unit": "9500",
        "price_unit": "G"
      },
      {
        "state": "ACT",
        "price": "3800",
        "price_per_unit": "9500",
        "price_unit": "G"
      },
      {
        "state": "NT",
        "price": "3800",
        "price_per_unit": "9500",
        "price_unit": "G"
      }
    ]
  },
  {
    "source_url": "https://www.woolworths.com.au/shop/productdetails/1075346652/eco-minerals-flawless-foundation-light-beige-5g",
    "name": "Eco Minerals Flawless Foundation Light Beige 5g",
    "image_url": "https://cdn1.woolworths.media/content/wowproductimages/large/1075346652.jpg",
    "source_id": "Woolworths - 1075346652",
    "barcode": null,
    "shop": "Woolworths",
    "weight": "10G",
    "prices": [
      {
        "state": "NSW",
        "price": "3800",
        "price_per_unit": "7600",
        "price_unit": "G"
      },
      {
        "state": "VIC",
        "price": "3800",
        "price_per_unit": "7600",
        "price_unit": "G"
      },
      {
        "state": "QLD",
        "price": "3800",
        "price_per_unit": "7600",
        "price_unit": "G"
      },
      {
        "state": "WA",
        "price": "3800",
        "price_per_unit": "7600",
        "price_unit": "G"
      },
      {
        "state": "SA",
        "price": "3800",
        "price_per_unit": "7600",
        "price_unit": "G"
      },
      {
        "state": "TAS",
        "price": "3800",
        "price_per_unit": "7600",
        "price_unit": "G"
      },
      {
        "state": "ACT",
        "price": "3800",
        "price_per_unit": "7600",
        "price_unit": "G"
      },
      {
        "state": "NT",
        "price": "3800",
        "price_per_unit": "7600",
        "price_unit": "G"
      }
    ]
  },
  {
    "source_url": "https://www.woolworths.com.au/shop/productdetails/1075345875/eco-minerals-flawless-foundation-light-tan-5g",
    "name": "Eco Minerals Flawless Foundation Light Tan 5g",
    "image_url": "https://cdn1.woolworths.media/content/wowproductimages/large/1075345875.jpg",
    "source_id": "Woolworths - 1075345875",
    "barcode": null,
    "shop": "Woolworths",
    "weight": "10G",
    "prices": [
      {
        "state": "NSW",
        "price": "3800",
        "price_per_unit": "7600",
        "price_unit": "G"
      },
      {
        "state": "VIC",
        "price": "3800",
        "price_per_unit": "7600",
        "price_unit": "G"
      },
      {
        "state": "QLD",
        "price": "3800",
        "price_per_unit": "7600",
        "price_unit": "G"
      },
      {
        "state": "WA",
        "price": "3800",
        "price_per_unit": "7600",
        "price_unit": "G"
      },
      {
        "state": "SA",
        "price": "3800",
        "price_per_unit": "7600",
        "price_unit": "G"
      },
      {
        "state": "TAS",
        "price": "3800",
        "price_per_unit": "7600",
        "price_unit": "G"
      },
      {
        "state": "ACT",
        "price": "3800",
        "price_per_unit": "7600",
        "price_unit": "G"
      },
      {
        "state": "NT",
        "price": "3800",
        "price_per_unit": "7600",
        "price_unit": "G"
      }
    ]
  },
  {
    "source_url": "https://www.woolworths.com.au/shop/productdetails/1075345477/eco-minerals-flawless-foundation-nude-beige-5g",
    "name": "Eco Minerals Flawless Foundation Nude Beige 5g",
    "image_url": "https://cdn1.woolworths.media/content/wowproductimages/large/1075345477.jpg",
    "source_id": "Woolworths - 1075345477",
    "barcode": null,
    "shop": "Woolworths",
    "weight": "10G",
    "prices": [
      {
        "state": "NSW",
        "price": "3800",
        "price_per_unit": "7600",
        "price_unit": "G"
      },
      {
        "state": "VIC",
        "price": "3800",
        "price_per_unit": "7600",
        "price_unit": "G"
      },
      {
        "state": "QLD",
        "price": "3800",
        "price_per_unit": "7600",
        "price_unit": "G"
      },
      {
        "state": "WA",
        "price": "3800",
        "price_per_unit": "7600",
        "price_unit": "G"
      },
      {
        "state": "SA",
        "price": "3800",
        "price_per_unit": "7600",
        "price_unit": "G"
      },
      {
        "state": "TAS",
        "price": "3800",
        "price_per_unit": "7600",
        "price_unit": "G"
      },
      {
        "state": "ACT",
        "price": "3800",
        "price_per_unit": "7600",
        "price_unit": "G"
      },
      {
        "state": "NT",
        "price": "3800",
        "price_per_unit": "7600",
        "price_unit": "G"
      }
    ]
  },
  {
    "source_url": "https://www.woolworths.com.au/shop/productdetails/1075345618/eco-minerals-flawless-foundation-porcelain-5g",
    "name": "Eco Minerals Flawless Foundation Porcelain 5g",
    "image_url": "https://cdn1.woolworths.media/content/wowproductimages/large/1075345618.jpg",
    "source_id": "Woolworths - 1075345618",
    "barcode": null,
    "shop": "Woolworths",
    "weight": "10G",
    "prices": [
      {
        "state": "NSW",
        "price": "3800",
        "price_per_unit": "7600",
        "price_unit": "G"
      },
      {
        "state": "VIC",
        "price": "3800",
        "price_per_unit": "7600",
        "price_unit": "G"
      },
      {
        "state": "QLD",
        "price": "3800",
        "price_per_unit": "7600",
        "price_unit": "G"
      },
      {
        "state": "WA",
        "price": "3800",
        "price_per_unit": "7600",
        "price_unit": "G"
      },
      {
        "state": "SA",
        "price": "3800",
        "price_per_unit": "7600",
        "price_unit": "G"
      },
      {
        "state": "TAS",
        "price": "3800",
        "price_per_unit": "7600",
        "price_unit": "G"
      },
      {
        "state": "ACT",
        "price": "3800",
        "price_per_unit": "7600",
        "price_unit": "G"
      },
      {
        "state": "NT",
        "price": "3800",
        "price_per_unit": "7600",
        "price_unit": "G"
      }
    ]
  },
  {
    "source_url": "https://www.woolworths.com.au/shop/productdetails/1075344716/eco-minerals-mineral-concealer-light-8g",
    "name": "Eco Minerals Mineral Concealer Light 8g",
    "image_url": "https://cdn1.woolworths.media/content/wowproductimages/large/1075344716.jpg",
    "source_id": "Woolworths - 1075344716",
    "barcode": null,
    "shop": "Woolworths",
    "weight": "10G",
    "prices": [
      {
        "state": "NSW",
        "price": "3800",
        "price_per_unit": "4750",
        "price_unit": "G"
      },
      {
        "state": "VIC",
        "price": "3800",
        "price_per_unit": "4750",
        "price_unit": "G"
      },
      {
        "state": "QLD",
        "price": "3800",
        "price_per_unit": "4750",
        "price_unit": "G"
      },
      {
        "state": "WA",
        "price": "3800",
        "price_per_unit": "4750",
        "price_unit": "G"
      },
      {
        "state": "SA",
        "price": "3800",
        "price_per_unit": "4750",
        "price_unit": "G"
      },
      {
        "state": "TAS",
        "price": "3800",
        "price_per_unit": "4750",
        "price_unit": "G"
      },
      {
        "state": "ACT",
        "price": "3800",
        "price_per_unit": "4750",
        "price_unit": "G"
      },
      {
        "state": "NT",
        "price": "3800",
        "price_per_unit": "4750",
        "price_unit": "G"
      }
    ]
  },
  {
    "source_url": "https://www.woolworths.com.au/shop/productdetails/1075345169/eco-minerals-mineral-concealer-medium-8g",
    "name": "Eco Minerals Mineral Concealer Medium 8g",
    "image_url": "https://cdn1.woolworths.media/content/wowproductimages/large/1075345169.jpg",
    "source_id": "Woolworths - 1075345169",
    "barcode": null,
    "shop": "Woolworths",
    "weight": "10G",
    "prices": [
      {
        "state": "NSW",
        "price": "3800",
        "price_per_unit": "4750",
        "price_unit": "G"
      },
      {
        "state": "VIC",
        "price": "3800",
        "price_per_unit": "4750",
        "price_unit": "G"
      },
      {
        "state": "QLD",
        "price": "3800",
        "price_per_unit": "4750",
        "price_unit": "G"
      },
      {
        "state": "WA",
        "price": "3800",
        "price_per_unit": "4750",
        "price_unit": "G"
      },
      {
        "state": "SA",
        "price": "3800",
        "price_per_unit": "4750",
        "price_unit": "G"
      },
      {
        "state": "TAS",
        "price": "3800",
        "price_per_unit": "4750",
        "price_unit": "G"
      },
      {
        "state": "ACT",
        "price": "3800",
        "price_per_unit": "4750",
        "price_unit": "G"
      },
      {
        "state": "NT",
        "price": "3800",
        "price_per_unit": "4750",
        "price_unit": "G"
      }
    ]
  },
  {
    "source_url": "https://www.woolworths.com.au/shop/productdetails/1075346150/eco-minerals-perfection-foundation-beige-5g",
    "name": "Eco Minerals Perfection Foundation Beige 5g",
    "image_url": "https://cdn1.woolworths.media/content/wowproductimages/large/1075346150.jpg",
    "source_id": "Woolworths - 1075346150",
    "barcode": null,
    "shop": "Woolworths",
    "weight": "10G",
    "prices": [
      {
        "state": "NSW",
        "price": "3800",
        "price_per_unit": "7600",
        "price_unit": "G"
      },
      {
        "state": "VIC",
        "price": "3800",
        "price_per_unit": "7600",
        "price_unit": "G"
      },
      {
        "state": "QLD",
        "price": "3800",
        "price_per_unit": "7600",
        "price_unit": "G"
      },
      {
        "state": "WA",
        "price": "3800",
        "price_per_unit": "7600",
        "price_unit": "G"
      },
      {
        "state": "SA",
        "price": "3800",
        "price_per_unit": "7600",
        "price_unit": "G"
      },
      {
        "state": "TAS",
        "price": "3800",
        "price_per_unit": "7600",
        "price_unit": "G"
      },
      {
        "state": "ACT",
        "price": "3800",
        "price_per_unit": "7600",
        "price_unit": "G"
      },
      {
        "state": "NT",
        "price": "3800",
        "price_per_unit": "7600",
        "price_unit": "G"
      }
    ]
  },
  {
    "source_url": "https://www.woolworths.com.au/shop/productdetails/1075346332/eco-minerals-perfection-foundation-light-caramel-5g",
    "name": "Eco Minerals Perfection Foundation Light Caramel 5g",
    "image_url": "https://cdn1.woolworths.media/content/wowproductimages/large/1075346332.jpg",
    "source_id": "Woolworths - 1075346332",
    "barcode": null,
    "shop": "Woolworths",
    "weight": "10G",
    "prices": [
      {
        "state": "NSW",
        "price": "3800",
        "price_per_unit": "7600",
        "price_unit": "G"
      },
      {
        "state": "VIC",
        "price": "3800",
        "price_per_unit": "7600",
        "price_unit": "G"
      },
      {
        "state": "QLD",
        "price": "3800",
        "price_per_unit": "7600",
        "price_unit": "G"
      },
      {
        "state": "WA",
        "price": "3800",
        "price_per_unit": "7600",
        "price_unit": "G"
      },
      {
        "state": "SA",
        "price": "3800",
        "price_per_unit": "7600",
        "price_unit": "G"
      },
      {
        "state": "TAS",
        "price": "3800",
        "price_per_unit": "7600",
        "price_unit": "G"
      },
      {
        "state": "ACT",
        "price": "3800",
        "price_per_unit": "7600",
        "price_unit": "G"
      },
      {
        "state": "NT",
        "price": "3800",
        "price_per_unit": "7600",
        "price_unit": "G"
      }
    ]
  },
  {
    "source_url": "https://www.woolworths.com.au/shop/productdetails/1075345798/eco-minerals-perfection-foundation-lightest-beige-5g",
    "name": "Eco Minerals Perfection Foundation Lightest Beige 5g",
    "image_url": "https://cdn1.woolworths.media/content/wowproductimages/large/1075345798.jpg",
    "source_id": "Woolworths - 1075345798",
    "barcode": null,
    "shop": "Woolworths",
    "weight": "10G",
    "prices": [
      {
        "state": "NSW",
        "price": "3800",
        "price_per_unit": "7600",
        "price_unit": "G"
      },
      {
        "state": "VIC",
        "price": "3800",
        "price_per_unit": "7600",
        "price_unit": "G"
      },
      {
        "state": "QLD",
        "price": "3800",
        "price_per_unit": "7600",
        "price_unit": "G"
      },
      {
        "state": "WA",
        "price": "3800",
        "price_per_unit": "7600",
        "price_unit": "G"
      },
      {
        "state": "SA",
        "price": "3800",
        "price_per_unit": "7600",
        "price_unit": "G"
      },
      {
        "state": "TAS",
        "price": "3800",
        "price_per_unit": "7600",
        "price_unit": "G"
      },
      {
        "state": "ACT",
        "price": "3800",
        "price_per_unit": "7600",
        "price_unit": "G"
      },
      {
        "state": "NT",
        "price": "3800",
        "price_per_unit": "7600",
        "price_unit": "G"
      }
    ]
  },
  {
    "source_url": "https://www.woolworths.com.au/shop/productdetails/1075346789/eco-minerals-perfection-foundation-neutral-sand-5g",
    "name": "Eco Minerals Perfection Foundation Neutral Sand 5g",
    "image_url": "https://cdn1.woolworths.media/content/wowproductimages/large/1075346789.jpg",
    "source_id": "Woolworths - 1075346789",
    "barcode": null,
    "shop": "Woolworths",
    "weight": "10G",
    "prices": [
      {
        "state": "NSW",
        "price": "3800",
        "price_per_unit": "7600",
        "price_unit": "G"
      },
      {
        "state": "VIC",
        "price": "3800",
        "price_per_unit": "7600",
        "price_unit": "G"
      },
      {
        "state": "QLD",
        "price": "3800",
        "price_per_unit": "7600",
        "price_unit": "G"
      },
      {
        "state": "WA",
        "price": "3800",
        "price_per_unit": "7600",
        "price_unit": "G"
      },
      {
        "state": "SA",
        "price": "3800",
        "price_per_unit": "7600",
        "price_unit": "G"
      },
      {
        "state": "TAS",
        "price": "3800",
        "price_per_unit": "7600",
        "price_unit": "G"
      },
      {
        "state": "ACT",
        "price": "3800",
        "price_per_unit": "7600",
        "price_unit": "G"
      },
      {
        "state": "NT",
        "price": "3800",
        "price_per_unit": "7600",
        "price_unit": "G"
      }
    ]
  },
  {
    "source_url": "https://www.woolworths.com.au/shop/productdetails/1074926292/edward-bess-flawless-illusion-transforming-full-coverage-foundation-fair-7-7g-0-27oz",
    "name": "Edward Bess Flawless Illusion Transforming Full Coverage Foundation - # Fair 7.7g/0.27oz",
    "image_url": "https://cdn1.woolworths.media/content/wowproductimages/large/1074926292.jpg",
    "source_id": "Woolworths - 1074926292",
    "barcode": null,
    "shop": "Woolworths",
    "weight": "10G",
    "prices": [
      {
        "state": "NSW",
        "price": "9600",
        "price_per_unit": "12468",
        "price_unit": "G"
      },
      {
        "state": "VIC",
        "price": "9600",
        "price_per_unit": "12468",
        "price_unit": "G"
      },
      {
        "state": "QLD",
        "price": "9600",
        "price_per_unit": "12468",
        "price_unit": "G"
      },
      {
        "state": "WA",
        "price": "9600",
        "price_per_unit": "12468",
        "price_unit": "G"
      },
      {
        "state": "SA",
        "price": "9600",
        "price_per_unit": "12468",
        "price_unit": "G"
      },
      {
        "state": "TAS",
        "price": "9600",
        "price_per_unit": "12468",
        "price_unit": "G"
      },
      {
        "state": "ACT",
        "price": "9600",
        "price_per_unit": "12468",
        "price_unit": "G"
      },
      {
        "state": "NT",
        "price": "9600",
        "price_per_unit": "12468",
        "price_unit": "G"
      }
    ]
  },
  {
    "source_url": "https://www.woolworths.com.au/shop/productdetails/1074926295/edward-bess-marbleized-rose-gold-highlighting-powder-7-2g-0-25oz",
    "name": "Edward Bess Marbleized Rose Gold Highlighting Powder 7.2g/0.25oz",
    "image_url": "https://cdn1.woolworths.media/content/wowproductimages/large/1074926295.jpg",
    "source_id": "Woolworths - 1074926295",
    "barcode": null,
    "shop": "Woolworths",
    "weight": "10G",
    "prices": [
      {
        "state": "NSW",
        "price": "6600",
        "price_per_unit": "9167",
        "price_unit": "G"
      },
      {
        "state": "VIC",
        "price": "6600",
        "price_per_unit": "9167",
        "price_unit": "G"
      },
      {
        "state": "QLD",
        "price": "6600",
        "price_per_unit": "9167",
        "price_unit": "G"
      },
      {
        "state": "WA",
        "price": "6600",
        "price_per_unit": "9167",
        "price_unit": "G"
      },
      {
        "state": "SA",
        "price": "6600",
        "price_per_unit": "9167",
        "price_unit": "G"
      },
      {
        "state": "TAS",
        "price": "6600",
        "price_per_unit": "9167",
        "price_unit": "G"
      },
      {
        "state": "ACT",
        "price": "6600",
        "price_per_unit": "9167",
        "price_unit": "G"
      },
      {
        "state": "NT",
        "price": "6600",
        "price_per_unit": "9167",
        "price_unit": "G"
      }
    ]
  },
  {
    "source_url": "https://www.woolworths.com.au/shop/productdetails/1074926296/edward-bess-meta-powder-10g-0-35oz",
    "name": "Edward Bess Meta Powder 10g/0.35oz",
    "image_url": "https://cdn1.woolworths.media/content/wowproductimages/large/1074926296.jpg",
    "source_id": "Woolworths - 1074926296",
    "barcode": null,
    "shop": "Woolworths",
    "weight": "10G",
    "prices": [
      {
        "state": "NSW",
        "price": "6800",
        "price_per_unit": "6800",
        "price_unit": "G"
      },
      {
        "state": "VIC",
        "price": "6800",
        "price_per_unit": "6800",
        "price_unit": "G"
      },
      {
        "state": "QLD",
        "price": "6800",
        "price_per_unit": "6800",
        "price_unit": "G"
      },
      {
        "state": "WA",
        "price": "6800",
        "price_per_unit": "6800",
        "price_unit": "G"
      },
      {
        "state": "SA",
        "price": "6800",
        "price_per_unit": "6800",
        "price_unit": "G"
      },
      {
        "state": "TAS",
        "price": "6800",
        "price_per_unit": "6800",
        "price_unit": "G"
      },
      {
        "state": "ACT",
        "price": "6800",
        "price_per_unit": "6800",
        "price_unit": "G"
      },
      {
        "state": "NT",
        "price": "6800",
        "price_per_unit": "6800",
        "price_unit": "G"
      }
    ]
  },
  {
    "source_url": "https://www.woolworths.com.au/shop/productdetails/1074926301/edward-bess-threads-of-silk-multi-use-powder-amalfi-12g-0-42oz",
    "name": "Edward Bess Threads Of Silk Multi Use Powder - # Amalfi 12g/0.42oz",
    "image_url": "https://cdn1.woolworths.media/content/wowproductimages/large/1074926301.jpg",
    "source_id": "Woolworths - 1074926301",
    "barcode": null,
    "shop": "Woolworths",
    "weight": "10G",
    "prices": [
      {
        "state": "NSW",
        "price": "6500",
        "price_per_unit": "5417",
        "price_unit": "G"
      },
      {
        "state": "VIC",
        "price": "6500",
        "price_per_unit": "5417",
        "price_unit": "G"
      },
      {
        "state": "QLD",
        "price": "6500",
        "price_per_unit": "5417",
        "price_unit": "G"
      },
      {
        "state": "WA",
        "price": "6500",
        "price_per_unit": "5417",
        "price_unit": "G"
      },
      {
        "state": "SA",
        "price": "6500",
        "price_per_unit": "5417",
        "price_unit": "G"
      },
      {
        "state": "TAS",
        "price": "6500",
        "price_per_unit": "5417",
        "price_unit": "G"
      },
      {
        "state": "ACT",
        "price": "6500",
        "price_per_unit": "5417",
        "price_unit": "G"
      },
      {
        "state": "NT",
        "price": "6500",
        "price_per_unit": "5417",
        "price_unit": "G"
      }
    ]
  },
  {
    "source_url": "https://www.woolworths.com.au/shop/productdetails/1075875226/elizabeth-arden-eight-hour-cream-lip-protectant-stick-spf-15-02-blush-3-7g-0-13oz",
    "name": "Elizabeth Arden Eight Hour Cream Lip Protectant Stick SPF 15 #02 Blush 3.7g/0.13oz",
    "image_url": "https://cdn1.woolworths.media/content/wowproductimages/large/1075875226.jpg",
    "source_id": "Woolworths - 1075875226",
    "barcode": null,
    "shop": "Woolworths",
    "weight": "10G",
    "prices": [
      {
        "state": "NSW",
        "price": "7700",
        "price_per_unit": "20811",
        "price_unit": "G"
      },
      {
        "state": "VIC",
        "price": "7700",
        "price_per_unit": "20811",
        "price_unit": "G"
      },
      {
        "state": "QLD",
        "price": "7700",
        "price_per_unit": "20811",
        "price_unit": "G"
      },
      {
        "state": "WA",
        "price": "7700",
        "price_per_unit": "20811",
        "price_unit": "G"
      },
      {
        "state": "SA",
        "price": "7700",
        "price_per_unit": "20811",
        "price_unit": "G"
      },
      {
        "state": "TAS",
        "price": "7700",
        "price_per_unit": "20811",
        "price_unit": "G"
      },
      {
        "state": "ACT",
        "price": "7700",
        "price_per_unit": "20811",
        "price_unit": "G"
      },
      {
        "state": "NT",
        "price": "7700",
        "price_per_unit": "20811",
        "price_unit": "G"
      }
    ]
  },
  {
    "source_url": "https://www.woolworths.com.au/shop/productdetails/1074926358/estee-lauder-double-wear-maximum-cover-camouflage-make-up-face-body-spf15-1n1-ivory-nude-30ml-1oz",
    "name": "Estee Lauder Double Wear Maximum Cover Camouflage Make Up (Face & Body) SPF15 - #1N1 Ivory Nude 30ml/1oz",
    "image_url": "https://cdn1.woolworths.media/content/wowproductimages/large/1074926358.jpg",
    "source_id": "Woolworths - 1074926358",
    "barcode": null,
    "shop": "Woolworths",
    "weight": "10ML",
    "prices": [
      {
        "state": "NSW",
        "price": "9100",
        "price_per_unit": "3033",
        "price_unit": "ML"
      },
      {
        "state": "VIC",
        "price": "9100",
        "price_per_unit": "3033",
        "price_unit": "ML"
      },
      {
        "state": "QLD",
        "price": "9100",
        "price_per_unit": "3033",
        "price_unit": "ML"
      },
      {
        "state": "WA",
        "price": "9100",
        "price_per_unit": "3033",
        "price_unit": "ML"
      },
      {
        "state": "SA",
        "price": "9100",
        "price_per_unit": "3033",
        "price_unit": "ML"
      },
      {
        "state": "TAS",
        "price": "9100",
        "price_per_unit": "3033",
        "price_unit": "ML"
      },
      {
        "state": "ACT",
        "price": "9100",
        "price_per_unit": "3033",
        "price_unit": "ML"
      },
      {
        "state": "NT",
        "price": "9100",
        "price_per_unit": "3033",
        "price_unit": "ML"
      }
    ]
  },
  {
    "source_url": "https://www.woolworths.com.au/shop/productdetails/1074926365/estee-lauder-double-wear-sheer-flattery-loose-powder-light-matte-9g-0-31oz",
    "name": "Estee Lauder Double Wear Sheer Flattery Loose Powder - # Light Matte 9g/0.31oz",
    "image_url": "https://cdn1.woolworths.media/content/wowproductimages/large/1074926365.jpg",
    "source_id": "Woolworths - 1074926365",
    "barcode": null,
    "shop": "Woolworths",
    "weight": "10G",
    "prices": [
      {
        "state": "NSW",
        "price": "7500",
        "price_per_unit": "8333",
        "price_unit": "G"
      },
      {
        "state": "VIC",
        "price": "7500",
        "price_per_unit": "8333",
        "price_unit": "G"
      },
      {
        "state": "QLD",
        "price": "7500",
        "price_per_unit": "8333",
        "price_unit": "G"
      },
      {
        "state": "WA",
        "price": "7500",
        "price_per_unit": "8333",
        "price_unit": "G"
      },
      {
        "state": "SA",
        "price": "7500",
        "price_per_unit": "8333",
        "price_unit": "G"
      },
      {
        "state": "TAS",
        "price": "7500",
        "price_per_unit": "8333",
        "price_unit": "G"
      },
      {
        "state": "ACT",
        "price": "7500",
        "price_per_unit": "8333",
        "price_unit": "G"
      },
      {
        "state": "NT",
        "price": "7500",
        "price_per_unit": "8333",
        "price_unit": "G"
      }
    ]
  },
  {
    "source_url": "https://www.woolworths.com.au/shop/productdetails/1074926366/estee-lauder-double-wear-sheer-flattery-loose-powder-light-medium-matte-9g-0-31oz",
    "name": "Estee Lauder Double Wear Sheer Flattery Loose Powder - # Light Medium Matte 9g/0.31oz",
    "image_url": "https://cdn1.woolworths.media/content/wowproductimages/large/1074926366.jpg",
    "source_id": "Woolworths - 1074926366",
    "barcode": null,
    "shop": "Woolworths",
    "weight": "10G",
    "prices": [
      {
        "state": "NSW",
        "price": "9100",
        "price_per_unit": "10111",
        "price_unit": "G"
      },
      {
        "state": "VIC",
        "price": "9100",
        "price_per_unit": "10111",
        "price_unit": "G"
      },
      {
        "state": "QLD",
        "price": "9100",
        "price_per_unit": "10111",
        "price_unit": "G"
      },
      {
        "state": "WA",
        "price": "9100",
        "price_per_unit": "10111",
        "price_unit": "G"
      },
      {
        "state": "SA",
        "price": "9100",
        "price_per_unit": "10111",
        "price_unit": "G"
      },
      {
        "state": "TAS",
        "price": "9100",
        "price_per_unit": "10111",
        "price_unit": "G"
      },
      {
        "state": "ACT",
        "price": "9100",
        "price_per_unit": "10111",
        "price_unit": "G"
      },
      {
        "state": "NT",
        "price": "9100",
        "price_per_unit": "10111",
        "price_unit": "G"
      }
    ]
  },
  {
    "source_url": "https://www.woolworths.com.au/shop/productdetails/1075470811/estee-lauder-double-wear-sheer-flattery-loose-powder-medium-soft-glow-9g-0-31oz",
    "name": "Estee Lauder Double Wear Sheer Flattery Loose Powder - # Medium Soft Glow 9g/0.31oz",
    "image_url": "https://cdn1.woolworths.media/content/wowproductimages/large/1075470811.jpg",
    "source_id": "Woolworths - 1075470811",
    "barcode": null,
    "shop": "Woolworths",
    "weight": "10G",
    "prices": [
      {
        "state": "NSW",
        "price": "8400",
        "price_per_unit": "9333",
        "price_unit": "G"
      },
      {
        "state": "VIC",
        "price": "8400",
        "price_per_unit": "9333",
        "price_unit": "G"
      },
      {
        "state": "QLD",
        "price": "8400",
        "price_per_unit": "9333",
        "price_unit": "G"
      },
      {
        "state": "WA",
        "price": "8400",
        "price_per_unit": "9333",
        "price_unit": "G"
      },
      {
        "state": "SA",
        "price": "8400",
        "price_per_unit": "9333",
        "price_unit": "G"
      },
      {
        "state": "TAS",
        "price": "8400",
        "price_per_unit": "9333",
        "price_unit": "G"
      },
      {
        "state": "ACT",
        "price": "8400",
        "price_per_unit": "9333",
        "price_unit": "G"
      },
      {
        "state": "NT",
        "price": "8400",
        "price_per_unit": "9333",
        "price_unit": "G"
      }
    ]
  },
  {
    "source_url": "https://www.woolworths.com.au/shop/productdetails/1075470812/estee-lauder-double-wear-sheer-flattery-loose-powder-translucent-soft-glow-9g-0-31oz",
    "name": "Estee Lauder Double Wear Sheer Flattery Loose Powder - # Translucent Soft Glow 9g/0.31oz",
    "image_url": "https://cdn1.woolworths.media/content/wowproductimages/large/1075470812.jpg",
    "source_id": "Woolworths - 1075470812",
    "barcode": null,
    "shop": "Woolworths",
    "weight": "10G",
    "prices": [
      {
        "state": "NSW",
        "price": "8600",
        "price_per_unit": "9556",
        "price_unit": "G"
      },
      {
        "state": "VIC",
        "price": "8600",
        "price_per_unit": "9556",
        "price_unit": "G"
      },
      {
        "state": "QLD",
        "price": "8600",
        "price_per_unit": "9556",
        "price_unit": "G"
      },
      {
        "state": "WA",
        "price": "8600",
        "price_per_unit": "9556",
        "price_unit": "G"
      },
      {
        "state": "SA",
        "price": "8600",
        "price_per_unit": "9556",
        "price_unit": "G"
      },
      {
        "state": "TAS",
        "price": "8600",
        "price_per_unit": "9556",
        "price_unit": "G"
      },
      {
        "state": "ACT",
        "price": "8600",
        "price_per_unit": "9556",
        "price_unit": "G"
      },
      {
        "state": "NT",
        "price": "8600",
        "price_per_unit": "9556",
        "price_unit": "G"
      }
    ]
  },
  {
    "source_url": "https://www.woolworths.com.au/shop/productdetails/1074926382/estee-lauder-double-wear-stay-in-place-flawless-wear-concealer-1c-light-cool-7ml-0-24oz",
    "name": "Estee Lauder Double Wear Stay In Place Flawless Wear Concealer - # 1C Light (Cool) 7ml/0.24oz",
    "image_url": "https://cdn1.woolworths.media/content/wowproductimages/large/1074926382.jpg",
    "source_id": "Woolworths - 1074926382",
    "barcode": null,
    "shop": "Woolworths",
    "weight": "10ML",
    "prices": [
      {
        "state": "NSW",
        "price": "6600",
        "price_per_unit": "9429",
        "price_unit": "ML"
      },
      {
        "state": "VIC",
        "price": "6600",
        "price_per_unit": "9429",
        "price_unit": "ML"
      },
      {
        "state": "QLD",
        "price": "6600",
        "price_per_unit": "9429",
        "price_unit": "ML"
      },
      {
        "state": "WA",
        "price": "6600",
        "price_per_unit": "9429",
        "price_unit": "ML"
      },
      {
        "state": "SA",
        "price": "6600",
        "price_per_unit": "9429",
        "price_unit": "ML"
      },
      {
        "state": "TAS",
        "price": "6600",
        "price_per_unit": "9429",
        "price_unit": "ML"
      },
      {
        "state": "ACT",
        "price": "6600",
        "price_per_unit": "9429",
        "price_unit": "ML"
      },
      {
        "state": "NT",
        "price": "6600",
        "price_per_unit": "9429",
        "price_unit": "ML"
      }
    ]
  },
  {
    "source_url": "https://www.woolworths.com.au/shop/productdetails/1074926383/estee-lauder-double-wear-stay-in-place-flawless-wear-concealer-1n-light-neutral-7ml-0-24oz",
    "name": "Estee Lauder Double Wear Stay In Place Flawless Wear Concealer - # 1N Light (Neutral) 7ml/0.24oz",
    "image_url": "https://cdn1.woolworths.media/content/wowproductimages/large/1074926383.jpg",
    "source_id": "Woolworths - 1074926383",
    "barcode": null,
    "shop": "Woolworths",
    "weight": "10ML",
    "prices": [
      {
        "state": "NSW",
        "price": "6200",
        "price_per_unit": "8857",
        "price_unit": "ML"
      },
      {
        "state": "VIC",
        "price": "6200",
        "price_per_unit": "8857",
        "price_unit": "ML"
      },
      {
        "state": "QLD",
        "price": "6200",
        "price_per_unit": "8857",
        "price_unit": "ML"
      },
      {
        "state": "WA",
        "price": "6200",
        "price_per_unit": "8857",
        "price_unit": "ML"
      },
      {
        "state": "SA",
        "price": "6200",
        "price_per_unit": "8857",
        "price_unit": "ML"
      },
      {
        "state": "TAS",
        "price": "6200",
        "price_per_unit": "8857",
        "price_unit": "ML"
      },
      {
        "state": "ACT",
        "price": "6200",
        "price_per_unit": "8857",
        "price_unit": "ML"
      },
      {
        "state": "NT",
        "price": "6200",
        "price_per_unit": "8857",
        "price_unit": "ML"
      }
    ]
  },
  {
    "source_url": "https://www.woolworths.com.au/shop/productdetails/1075796598/estee-lauder-double-wear-stay-in-place-flawless-wear-concealer-1w-light-warm-7ml-0-24oz",
    "name": "Estee Lauder Double Wear Stay In Place Flawless Wear Concealer - # 1W Light (Warm) 7ml/0.24oz",
    "image_url": "https://cdn1.woolworths.media/content/wowproductimages/large/1075796598.jpg",
    "source_id": "Woolworths - 1075796598",
    "barcode": null,
    "shop": "Woolworths",
    "weight": "10ML",
    "prices": [
      {
        "state": "NSW",
        "price": "5900",
        "price_per_unit": "8429",
        "price_unit": "ML"
      },
      {
        "state": "VIC",
        "price": "5900",
        "price_per_unit": "8429",
        "price_unit": "ML"
      },
      {
        "state": "QLD",
        "price": "5900",
        "price_per_unit": "8429",
        "price_unit": "ML"
      },
      {
        "state": "WA",
        "price": "5900",
        "price_per_unit": "8429",
        "price_unit": "ML"
      },
      {
        "state": "SA",
        "price": "5900",
        "price_per_unit": "8429",
        "price_unit": "ML"
      },
      {
        "state": "TAS",
        "price": "5900",
        "price_per_unit": "8429",
        "price_unit": "ML"
      },
      {
        "state": "ACT",
        "price": "5900",
        "price_per_unit": "8429",
        "price_unit": "ML"
      },
      {
        "state": "NT",
        "price": "5900",
        "price_per_unit": "8429",
        "price_unit": "ML"
      }
    ]
  },
  {
    "source_url": "https://www.woolworths.com.au/shop/productdetails/1074926385/estee-lauder-double-wear-stay-in-place-flawless-wear-concealer-2c-light-medium-cool-7ml-0-24oz",
    "name": "Estee Lauder Double Wear Stay In Place Flawless Wear Concealer - # 2C Light Medium (Cool) 7ml/0.24oz",
    "image_url": "https://cdn1.woolworths.media/content/wowproductimages/large/1074926385.jpg",
    "source_id": "Woolworths - 1074926385",
    "barcode": null,
    "shop": "Woolworths",
    "weight": "10ML",
    "prices": [
      {
        "state": "NSW",
        "price": "6600",
        "price_per_unit": "9429",
        "price_unit": "ML"
      },
      {
        "state": "VIC",
        "price": "6600",
        "price_per_unit": "9429",
        "price_unit": "ML"
      },
      {
        "state": "QLD",
        "price": "6600",
        "price_per_unit": "9429",
        "price_unit": "ML"
      },
      {
        "state": "WA",
        "price": "6600",
        "price_per_unit": "9429",
        "price_unit": "ML"
      },
      {
        "state": "SA",
        "price": "6600",
        "price_per_unit": "9429",
        "price_unit": "ML"
      },
      {
        "state": "TAS",
        "price": "6600",
        "price_per_unit": "9429",
        "price_unit": "ML"
      },
      {
        "state": "ACT",
        "price": "6600",
        "price_per_unit": "9429",
        "price_unit": "ML"
      },
      {
        "state": "NT",
        "price": "6600",
        "price_per_unit": "9429",
        "price_unit": "ML"
      }
    ]
  },
  {
    "source_url": "https://www.woolworths.com.au/shop/productdetails/1074926387/estee-lauder-double-wear-stay-in-place-flawless-wear-concealer-3c-medium-cool-7ml-0-24oz",
    "name": "Estee Lauder Double Wear Stay In Place Flawless Wear Concealer - # 3C Medium (Cool) 7ml/0.24oz",
    "image_url": "https://cdn1.woolworths.media/content/wowproductimages/large/1074926387.jpg",
    "source_id": "Woolworths - 1074926387",
    "barcode": null,
    "shop": "Woolworths",
    "weight": "10ML",
    "prices": [
      {
        "state": "NSW",
        "price": "6600",
        "price_per_unit": "9429",
        "price_unit": "ML"
      },
      {
        "state": "VIC",
        "price": "6600",
        "price_per_unit": "9429",
        "price_unit": "ML"
      },
      {
        "state": "QLD",
        "price": "6600",
        "price_per_unit": "9429",
        "price_unit": "ML"
      },
      {
        "state": "WA",
        "price": "6600",
        "price_per_unit": "9429",
        "price_unit": "ML"
      },
      {
        "state": "SA",
        "price": "6600",
        "price_per_unit": "9429",
        "price_unit": "ML"
      },
      {
        "state": "TAS",
        "price": "6600",
        "price_per_unit": "9429",
        "price_unit": "ML"
      },
      {
        "state": "ACT",
        "price": "6600",
        "price_per_unit": "9429",
        "price_unit": "ML"
      },
      {
        "state": "NT",
        "price": "6600",
        "price_per_unit": "9429",
        "price_unit": "ML"
      }
    ]
  },
  {
    "source_url": "https://www.woolworths.com.au/shop/productdetails/1074713414/estee-lauder-double-wear-stay-in-place-makeup-spf-10-no-98-spiced-sand-4n2-30ml-1oz",
    "name": "Estee Lauder Double Wear Stay In Place Makeup SPF 10 - No. 98 Spiced Sand (4N2) 30ml/1oz",
    "image_url": "https://cdn1.woolworths.media/content/wowproductimages/large/1074713414.jpg",
    "source_id": "Woolworths - 1074713414",
    "barcode": null,
    "shop": "Woolworths",
    "weight": "10ML",
    "prices": [
      {
        "state": "NSW",
        "price": "8595",
        "price_per_unit": "2865",
        "price_unit": "ML"
      },
      {
        "state": "VIC",
        "price": "8595",
        "price_per_unit": "2865",
        "price_unit": "ML"
      },
      {
        "state": "QLD",
        "price": "8595",
        "price_per_unit": "2865",
        "price_unit": "ML"
      },
      {
        "state": "WA",
        "price": "8595",
        "price_per_unit": "2865",
        "price_unit": "ML"
      },
      {
        "state": "SA",
        "price": "8595",
        "price_per_unit": "2865",
        "price_unit": "ML"
      },
      {
        "state": "TAS",
        "price": "8595",
        "price_per_unit": "2865",
        "price_unit": "ML"
      },
      {
        "state": "ACT",
        "price": "8595",
        "price_per_unit": "2865",
        "price_unit": "ML"
      },
      {
        "state": "NT",
        "price": "8595",
        "price_per_unit": "2865",
        "price_unit": "ML"
      }
    ]
  },
  {
    "source_url": "https://www.woolworths.com.au/shop/productdetails/1074926403/estee-lauder-double-wear-stay-in-place-matte-powder-foundation-spf-10-3c2-pebble-12g-0-42oz",
    "name": "Estee Lauder Double Wear Stay In Place Matte Powder Foundation SPF 10 - # 3C2 Pebble 12g/0.42oz",
    "image_url": "https://cdn1.woolworths.media/content/wowproductimages/large/1074926403.jpg",
    "source_id": "Woolworths - 1074926403",
    "barcode": null,
    "shop": "Woolworths",
    "weight": "10G",
    "prices": [
      {
        "state": "NSW",
        "price": "8600",
        "price_per_unit": "7167",
        "price_unit": "G"
      },
      {
        "state": "VIC",
        "price": "8600",
        "price_per_unit": "7167",
        "price_unit": "G"
      },
      {
        "state": "QLD",
        "price": "8600",
        "price_per_unit": "7167",
        "price_unit": "G"
      },
      {
        "state": "WA",
        "price": "8600",
        "price_per_unit": "7167",
        "price_unit": "G"
      },
      {
        "state": "SA",
        "price": "8600",
        "price_per_unit": "7167",
        "price_unit": "G"
      },
      {
        "state": "TAS",
        "price": "8600",
        "price_per_unit": "7167",
        "price_unit": "G"
      },
      {
        "state": "ACT",
        "price": "8600",
        "price_per_unit": "7167",
        "price_unit": "G"
      },
      {
        "state": "NT",
        "price": "8600",
        "price_per_unit": "7167",
        "price_unit": "G"
      }
    ]
  },
  {
    "source_url": "https://www.woolworths.com.au/shop/productdetails/1074926404/estee-lauder-double-wear-stay-in-place-matte-powder-foundation-spf-10-4c1-outdoor-beige-12g-0-42oz",
    "name": "Estee Lauder Double Wear Stay In Place Matte Powder Foundation SPF 10 - # 4C1 Outdoor Beige 12g/0.42oz",
    "image_url": "https://cdn1.woolworths.media/content/wowproductimages/large/1074926404.jpg",
    "source_id": "Woolworths - 1074926404",
    "barcode": null,
    "shop": "Woolworths",
    "weight": "10G",
    "prices": [
      {
        "state": "NSW",
        "price": "8200",
        "price_per_unit": "6833",
        "price_unit": "G"
      },
      {
        "state": "VIC",
        "price": "8200",
        "price_per_unit": "6833",
        "price_unit": "G"
      },
      {
        "state": "QLD",
        "price": "8200",
        "price_per_unit": "6833",
        "price_unit": "G"
      },
      {
        "state": "WA",
        "price": "8200",
        "price_per_unit": "6833",
        "price_unit": "G"
      },
      {
        "state": "SA",
        "price": "8200",
        "price_per_unit": "6833",
        "price_unit": "G"
      },
      {
        "state": "TAS",
        "price": "8200",
        "price_per_unit": "6833",
        "price_unit": "G"
      },
      {
        "state": "ACT",
        "price": "8200",
        "price_per_unit": "6833",
        "price_unit": "G"
      },
      {
        "state": "NT",
        "price": "8200",
        "price_per_unit": "6833",
        "price_unit": "G"
      }
    ]
  },
  {
    "source_url": "https://www.woolworths.com.au/shop/productdetails/1074926405/estee-lauder-double-wear-stay-in-place-matte-powder-foundation-spf-10-4n1-shell-beige-12g-0-42oz",
    "name": "Estee Lauder Double Wear Stay In Place Matte Powder Foundation SPF 10 - # 4N1 Shell Beige 12g/0.42oz",
    "image_url": "https://cdn1.woolworths.media/content/wowproductimages/large/1074926405.jpg",
    "source_id": "Woolworths - 1074926405",
    "barcode": null,
    "shop": "Woolworths",
    "weight": "10G",
    "prices": [
      {
        "state": "NSW",
        "price": "7500",
        "price_per_unit": "6250",
        "price_unit": "G"
      },
      {
        "state": "VIC",
        "price": "7500",
        "price_per_unit": "6250",
        "price_unit": "G"
      },
      {
        "state": "QLD",
        "price": "7500",
        "price_per_unit": "6250",
        "price_unit": "G"
      },
      {
        "state": "WA",
        "price": "7500",
        "price_per_unit": "6250",
        "price_unit": "G"
      },
      {
        "state": "SA",
        "price": "7500",
        "price_per_unit": "6250",
        "price_unit": "G"
      },
      {
        "state": "TAS",
        "price": "7500",
        "price_per_unit": "6250",
        "price_unit": "G"
      },
      {
        "state": "ACT",
        "price": "7500",
        "price_per_unit": "6250",
        "price_unit": "G"
      },
      {
        "state": "NT",
        "price": "7500",
        "price_per_unit": "6250",
        "price_unit": "G"
      }
    ]
  },
  {
    "source_url": "https://www.woolworths.com.au/shop/productdetails/1074926406/estee-lauder-double-wear-stay-in-place-matte-powder-foundation-spf-10-4n2-spiced-sand-12g-0-42oz",
    "name": "Estee Lauder Double Wear Stay In Place Matte Powder Foundation SPF 10 - # 4N2 Spiced Sand 12g/0.42oz",
    "image_url": "https://cdn1.woolworths.media/content/wowproductimages/large/1074926406.jpg",
    "source_id": "Woolworths - 1074926406",
    "barcode": null,
    "shop": "Woolworths",
    "weight": "10G",
    "prices": [
      {
        "state": "NSW",
        "price": "8600",
        "price_per_unit": "7167",
        "price_unit": "G"
      },
      {
        "state": "VIC",
        "price": "8600",
        "price_per_unit": "7167",
        "price_unit": "G"
      },
      {
        "state": "QLD",
        "price": "8600",
        "price_per_unit": "7167",
        "price_unit": "G"
      },
      {
        "state": "WA",
        "price": "8600",
        "price_per_unit": "7167",
        "price_unit": "G"
      },
      {
        "state": "SA",
        "price": "8600",
        "price_per_unit": "7167",
        "price_unit": "G"
      },
      {
        "state": "TAS",
        "price": "8600",
        "price_per_unit": "7167",
        "price_unit": "G"
      },
      {
        "state": "ACT",
        "price": "8600",
        "price_per_unit": "7167",
        "price_unit": "G"
      },
      {
        "state": "NT",
        "price": "8600",
        "price_per_unit": "7167",
        "price_unit": "G"
      }
    ]
  },
  {
    "source_url": "https://www.woolworths.com.au/shop/productdetails/1075470813/estee-lauder-double-wear-stay-in-place-matte-powder-foundation-spf10-3n2-wheat-12g-0-42oz",
    "name": "Estee Lauder Double Wear Stay In Place Matte Powder Foundation SPF10 - # 3N2 Wheat 12g/0.42oz",
    "image_url": "https://cdn1.woolworths.media/content/wowproductimages/large/1075470813.jpg",
    "source_id": "Woolworths - 1075470813",
    "barcode": null,
    "shop": "Woolworths",
    "weight": "10G",
    "prices": [
      {
        "state": "NSW",
        "price": "8600",
        "price_per_unit": "7167",
        "price_unit": "G"
      },
      {
        "state": "VIC",
        "price": "8600",
        "price_per_unit": "7167",
        "price_unit": "G"
      },
      {
        "state": "QLD",
        "price": "8600",
        "price_per_unit": "7167",
        "price_unit": "G"
      },
      {
        "state": "WA",
        "price": "8600",
        "price_per_unit": "7167",
        "price_unit": "G"
      },
      {
        "state": "SA",
        "price": "8600",
        "price_per_unit": "7167",
        "price_unit": "G"
      },
      {
        "state": "TAS",
        "price": "8600",
        "price_per_unit": "7167",
        "price_unit": "G"
      },
      {
        "state": "ACT",
        "price": "8600",
        "price_per_unit": "7167",
        "price_unit": "G"
      },
      {
        "state": "NT",
        "price": "8600",
        "price_per_unit": "7167",
        "price_unit": "G"
      }
    ]
  },
  {
    "source_url": "https://www.woolworths.com.au/shop/productdetails/1074926411/estee-lauder-futurist-aqua-brilliance-watery-glow-primer-40ml-1-4oz",
    "name": "Estee Lauder Futurist Aqua Brilliance Watery Glow Primer 40ml/1.4oz",
    "image_url": "https://cdn1.woolworths.media/content/wowproductimages/large/1074926411.jpg",
    "source_id": "Woolworths - 1074926411",
    "barcode": null,
    "shop": "Woolworths",
    "weight": "10ML",
    "prices": [
      {
        "state": "NSW",
        "price": "7500",
        "price_per_unit": "1875",
        "price_unit": "ML"
      },
      {
        "state": "VIC",
        "price": "7500",
        "price_per_unit": "1875",
        "price_unit": "ML"
      },
      {
        "state": "QLD",
        "price": "7500",
        "price_per_unit": "1875",
        "price_unit": "ML"
      },
      {
        "state": "WA",
        "price": "7500",
        "price_per_unit": "1875",
        "price_unit": "ML"
      },
      {
        "state": "SA",
        "price": "7500",
        "price_per_unit": "1875",
        "price_unit": "ML"
      },
      {
        "state": "TAS",
        "price": "7500",
        "price_per_unit": "1875",
        "price_unit": "ML"
      },
      {
        "state": "ACT",
        "price": "7500",
        "price_per_unit": "1875",
        "price_unit": "ML"
      },
      {
        "state": "NT",
        "price": "7500",
        "price_per_unit": "1875",
        "price_unit": "ML"
      }
    ]
  },
  {
    "source_url": "https://www.woolworths.com.au/shop/productdetails/1075323890/estee-lauder-little-black-primer-01-black-6ml-0-21oz",
    "name": "Estee Lauder Little Black Primer - #01 Black 6ml/0.21oz",
    "image_url": "https://cdn1.woolworths.media/content/wowproductimages/large/1075323890.jpg",
    "source_id": "Woolworths - 1075323890",
    "barcode": null,
    "shop": "Woolworths",
    "weight": "10ML",
    "prices": [
      {
        "state": "NSW",
        "price": "5200",
        "price_per_unit": "8667",
        "price_unit": "ML"
      },
      {
        "state": "VIC",
        "price": "5200",
        "price_per_unit": "8667",
        "price_unit": "ML"
      },
      {
        "state": "QLD",
        "price": "5200",
        "price_per_unit": "8667",
        "price_unit": "ML"
      },
      {
        "state": "WA",
        "price": "5200",
        "price_per_unit": "8667",
        "price_unit": "ML"
      },
      {
        "state": "SA",
        "price": "5200",
        "price_per_unit": "8667",
        "price_unit": "ML"
      },
      {
        "state": "TAS",
        "price": "5200",
        "price_per_unit": "8667",
        "price_unit": "ML"
      },
      {
        "state": "ACT",
        "price": "5200",
        "price_per_unit": "8667",
        "price_unit": "ML"
      },
      {
        "state": "NT",
        "price": "5200",
        "price_per_unit": "8667",
        "price_unit": "ML"
      }
    ]
  },
  {
    "source_url": "https://www.woolworths.com.au/shop/productdetails/1074926460/etude-house-double-lasting-foundation-spf-35-13c1-rosy-pure-30g-1-05oz",
    "name": "Etude House Double Lasting Foundation SPF 35 - #13C1 Rosy Pure 30g/1.05oz",
    "image_url": "https://cdn1.woolworths.media/content/wowproductimages/large/1074926460.jpg",
    "source_id": "Woolworths - 1074926460",
    "barcode": null,
    "shop": "Woolworths",
    "weight": "10G",
    "prices": [
      {
        "state": "NSW",
        "price": "5100",
        "price_per_unit": "1700",
        "price_unit": "G"
      },
      {
        "state": "VIC",
        "price": "5100",
        "price_per_unit": "1700",
        "price_unit": "G"
      },
      {
        "state": "QLD",
        "price": "5100",
        "price_per_unit": "1700",
        "price_unit": "G"
      },
      {
        "state": "WA",
        "price": "5100",
        "price_per_unit": "1700",
        "price_unit": "G"
      },
      {
        "state": "SA",
        "price": "5100",
        "price_per_unit": "1700",
        "price_unit": "G"
      },
      {
        "state": "TAS",
        "price": "5100",
        "price_per_unit": "1700",
        "price_unit": "G"
      },
      {
        "state": "ACT",
        "price": "5100",
        "price_per_unit": "1700",
        "price_unit": "G"
      },
      {
        "state": "NT",
        "price": "5100",
        "price_per_unit": "1700",
        "price_unit": "G"
      }
    ]
  },
  {
    "source_url": "https://www.woolworths.com.au/shop/productdetails/1074926461/etude-house-double-lasting-foundation-spf-35-17c1-light-vanilla-30g-1-05oz",
    "name": "Etude House Double Lasting Foundation SPF 35 - #17C1 Light Vanilla 30g/1.05oz",
    "image_url": "https://cdn1.woolworths.media/content/wowproductimages/large/1074926461.jpg",
    "source_id": "Woolworths - 1074926461",
    "barcode": null,
    "shop": "Woolworths",
    "weight": "10G",
    "prices": [
      {
        "state": "NSW",
        "price": "5100",
        "price_per_unit": "1700",
        "price_unit": "G"
      },
      {
        "state": "VIC",
        "price": "5100",
        "price_per_unit": "1700",
        "price_unit": "G"
      },
      {
        "state": "QLD",
        "price": "5100",
        "price_per_unit": "1700",
        "price_unit": "G"
      },
      {
        "state": "WA",
        "price": "5100",
        "price_per_unit": "1700",
        "price_unit": "G"
      },
      {
        "state": "SA",
        "price": "5100",
        "price_per_unit": "1700",
        "price_unit": "G"
      },
      {
        "state": "TAS",
        "price": "5100",
        "price_per_unit": "1700",
        "price_unit": "G"
      },
      {
        "state": "ACT",
        "price": "5100",
        "price_per_unit": "1700",
        "price_unit": "G"
      },
      {
        "state": "NT",
        "price": "5100",
        "price_per_unit": "1700",
        "price_unit": "G"
      }
    ]
  },
  {
    "source_url": "https://www.woolworths.com.au/shop/productdetails/1074926462/etude-house-double-lasting-foundation-spf-35-17n1-neutral-vanilla-30g-1-05oz",
    "name": "Etude House Double Lasting Foundation SPF 35 - #17N1 Neutral Vanilla 30g/1.05oz",
    "image_url": "https://cdn1.woolworths.media/content/wowproductimages/large/1074926462.jpg",
    "source_id": "Woolworths - 1074926462",
    "barcode": null,
    "shop": "Woolworths",
    "weight": "10G",
    "prices": [
      {
        "state": "NSW",
        "price": "5100",
        "price_per_unit": "1700",
        "price_unit": "G"
      },
      {
        "state": "VIC",
        "price": "5100",
        "price_per_unit": "1700",
        "price_unit": "G"
      },
      {
        "state": "QLD",
        "price": "5100",
        "price_per_unit": "1700",
        "price_unit": "G"
      },
      {
        "state": "WA",
        "price": "5100",
        "price_per_unit": "1700",
        "price_unit": "G"
      },
      {
        "state": "SA",
        "price": "5100",
        "price_per_unit": "1700",
        "price_unit": "G"
      },
      {
        "state": "TAS",
        "price": "5100",
        "price_per_unit": "1700",
        "price_unit": "G"
      },
      {
        "state": "ACT",
        "price": "5100",
        "price_per_unit": "1700",
        "price_unit": "G"
      },
      {
        "state": "NT",
        "price": "5100",
        "price_per_unit": "1700",
        "price_unit": "G"
      }
    ]
  },
  {
    "source_url": "https://www.woolworths.com.au/shop/productdetails/1074926463/etude-house-double-lasting-foundation-spf-35-21c1-petal-30g-1-05oz",
    "name": "Etude House Double Lasting Foundation SPF 35 - #21C1 Petal 30g/1.05oz",
    "image_url": "https://cdn1.woolworths.media/content/wowproductimages/large/1074926463.jpg",
    "source_id": "Woolworths - 1074926463",
    "barcode": null,
    "shop": "Woolworths",
    "weight": "10G",
    "prices": [
      {
        "state": "NSW",
        "price": "5100",
        "price_per_unit": "1700",
        "price_unit": "G"
      },
      {
        "state": "VIC",
        "price": "5100",
        "price_per_unit": "1700",
        "price_unit": "G"
      },
      {
        "state": "QLD",
        "price": "5100",
        "price_per_unit": "1700",
        "price_unit": "G"
      },
      {
        "state": "WA",
        "price": "5100",
        "price_per_unit": "1700",
        "price_unit": "G"
      },
      {
        "state": "SA",
        "price": "5100",
        "price_per_unit": "1700",
        "price_unit": "G"
      },
      {
        "state": "TAS",
        "price": "5100",
        "price_per_unit": "1700",
        "price_unit": "G"
      },
      {
        "state": "ACT",
        "price": "5100",
        "price_per_unit": "1700",
        "price_unit": "G"
      },
      {
        "state": "NT",
        "price": "5100",
        "price_per_unit": "1700",
        "price_unit": "G"
      }
    ]
  },
  {
    "source_url": "https://www.woolworths.com.au/shop/productdetails/1074926464/etude-house-double-lasting-foundation-spf-35-21n1-neutral-beige-30g-1-05oz",
    "name": "Etude House Double Lasting Foundation SPF 35 - #21N1 Neutral Beige 30g/1.05oz",
    "image_url": "https://cdn1.woolworths.media/content/wowproductimages/large/1074926464.jpg",
    "source_id": "Woolworths - 1074926464",
    "barcode": null,
    "shop": "Woolworths",
    "weight": "10G",
    "prices": [
      {
        "state": "NSW",
        "price": "5100",
        "price_per_unit": "1700",
        "price_unit": "G"
      },
      {
        "state": "VIC",
        "price": "5100",
        "price_per_unit": "1700",
        "price_unit": "G"
      },
      {
        "state": "QLD",
        "price": "5100",
        "price_per_unit": "1700",
        "price_unit": "G"
      },
      {
        "state": "WA",
        "price": "5100",
        "price_per_unit": "1700",
        "price_unit": "G"
      },
      {
        "state": "SA",
        "price": "5100",
        "price_per_unit": "1700",
        "price_unit": "G"
      },
      {
        "state": "TAS",
        "price": "5100",
        "price_per_unit": "1700",
        "price_unit": "G"
      },
      {
        "state": "ACT",
        "price": "5100",
        "price_per_unit": "1700",
        "price_unit": "G"
      },
      {
        "state": "NT",
        "price": "5100",
        "price_per_unit": "1700",
        "price_unit": "G"
      }
    ]
  },
  {
    "source_url": "https://www.woolworths.com.au/shop/productdetails/1074926465/etude-house-double-lasting-foundation-spf-35-21w1-beige-30g-1-05oz",
    "name": "Etude House Double Lasting Foundation SPF 35 - #21W1 Beige 30g/1.05oz",
    "image_url": "https://cdn1.woolworths.media/content/wowproductimages/large/1074926465.jpg",
    "source_id": "Woolworths - 1074926465",
    "barcode": null,
    "shop": "Woolworths",
    "weight": "10G",
    "prices": [
      {
        "state": "NSW",
        "price": "5100",
        "price_per_unit": "1700",
        "price_unit": "G"
      },
      {
        "state": "VIC",
        "price": "5100",
        "price_per_unit": "1700",
        "price_unit": "G"
      },
      {
        "state": "QLD",
        "price": "5100",
        "price_per_unit": "1700",
        "price_unit": "G"
      },
      {
        "state": "WA",
        "price": "5100",
        "price_per_unit": "1700",
        "price_unit": "G"
      },
      {
        "state": "SA",
        "price": "5100",
        "price_per_unit": "1700",
        "price_unit": "G"
      },
      {
        "state": "TAS",
        "price": "5100",
        "price_per_unit": "1700",
        "price_unit": "G"
      },
      {
        "state": "ACT",
        "price": "5100",
        "price_per_unit": "1700",
        "price_unit": "G"
      },
      {
        "state": "NT",
        "price": "5100",
        "price_per_unit": "1700",
        "price_unit": "G"
      }
    ]
  },
  {
    "source_url": "https://www.woolworths.com.au/shop/productdetails/1074926467/etude-house-double-lasting-foundation-spf-35-23w1-honey-sand-30g-1-05oz",
    "name": "Etude House Double Lasting Foundation SPF 35 - #23W1 Honey Sand 30g/1.05oz",
    "image_url": "https://cdn1.woolworths.media/content/wowproductimages/large/1074926467.jpg",
    "source_id": "Woolworths - 1074926467",
    "barcode": null,
    "shop": "Woolworths",
    "weight": "10G",
    "prices": [
      {
        "state": "NSW",
        "price": "5100",
        "price_per_unit": "1700",
        "price_unit": "G"
      },
      {
        "state": "VIC",
        "price": "5100",
        "price_per_unit": "1700",
        "price_unit": "G"
      },
      {
        "state": "QLD",
        "price": "5100",
        "price_per_unit": "1700",
        "price_unit": "G"
      },
      {
        "state": "WA",
        "price": "5100",
        "price_per_unit": "1700",
        "price_unit": "G"
      },
      {
        "state": "SA",
        "price": "5100",
        "price_per_unit": "1700",
        "price_unit": "G"
      },
      {
        "state": "TAS",
        "price": "5100",
        "price_per_unit": "1700",
        "price_unit": "G"
      },
      {
        "state": "ACT",
        "price": "5100",
        "price_per_unit": "1700",
        "price_unit": "G"
      },
      {
        "state": "NT",
        "price": "5100",
        "price_per_unit": "1700",
        "price_unit": "G"
      }
    ]
  },
  {
    "source_url": "https://www.woolworths.com.au/shop/productdetails/1074926468/etude-house-double-lasting-foundation-spf-35-25n1-tan-30g-1-05oz",
    "name": "Etude House Double Lasting Foundation SPF 35 - #25N1 Tan 30g/1.05oz",
    "image_url": "https://cdn1.woolworths.media/content/wowproductimages/large/1074926468.jpg",
    "source_id": "Woolworths - 1074926468",
    "barcode": null,
    "shop": "Woolworths",
    "weight": "10G",
    "prices": [
      {
        "state": "NSW",
        "price": "5100",
        "price_per_unit": "1700",
        "price_unit": "G"
      },
      {
        "state": "VIC",
        "price": "5100",
        "price_per_unit": "1700",
        "price_unit": "G"
      },
      {
        "state": "QLD",
        "price": "5100",
        "price_per_unit": "1700",
        "price_unit": "G"
      },
      {
        "state": "WA",
        "price": "5100",
        "price_per_unit": "1700",
        "price_unit": "G"
      },
      {
        "state": "SA",
        "price": "5100",
        "price_per_unit": "1700",
        "price_unit": "G"
      },
      {
        "state": "TAS",
        "price": "5100",
        "price_per_unit": "1700",
        "price_unit": "G"
      },
      {
        "state": "ACT",
        "price": "5100",
        "price_per_unit": "1700",
        "price_unit": "G"
      },
      {
        "state": "NT",
        "price": "5100",
        "price_per_unit": "1700",
        "price_unit": "G"
      }
    ]
  },
  {
    "source_url": "https://www.woolworths.com.au/shop/productdetails/1074926469/etude-house-double-lasting-foundation-spf-35-27n1-amber-30g-1-05oz",
    "name": "Etude House Double Lasting Foundation SPF 35 - #27N1 Amber 30g/1.05oz",
    "image_url": "https://cdn1.woolworths.media/content/wowproductimages/large/1074926469.jpg",
    "source_id": "Woolworths - 1074926469",
    "barcode": null,
    "shop": "Woolworths",
    "weight": "10G",
    "prices": [
      {
        "state": "NSW",
        "price": "5100",
        "price_per_unit": "1700",
        "price_unit": "G"
      },
      {
        "state": "VIC",
        "price": "5100",
        "price_per_unit": "1700",
        "price_unit": "G"
      },
      {
        "state": "QLD",
        "price": "5100",
        "price_per_unit": "1700",
        "price_unit": "G"
      },
      {
        "state": "WA",
        "price": "5100",
        "price_per_unit": "1700",
        "price_unit": "G"
      },
      {
        "state": "SA",
        "price": "5100",
        "price_per_unit": "1700",
        "price_unit": "G"
      },
      {
        "state": "TAS",
        "price": "5100",
        "price_per_unit": "1700",
        "price_unit": "G"
      },
      {
        "state": "ACT",
        "price": "5100",
        "price_per_unit": "1700",
        "price_unit": "G"
      },
      {
        "state": "NT",
        "price": "5100",
        "price_per_unit": "1700",
        "price_unit": "G"
      }
    ]
  },
  {
    "source_url": "https://www.woolworths.com.au/shop/productdetails/1074926470/etude-house-double-lasting-serum-skin-foundation-spf-27-13c1-rosy-pure-30g-1-05oz",
    "name": "Etude House Double Lasting Serum Skin Foundation SPF 27 - # 13C1 Rosy Pure 30g/1.05oz",
    "image_url": "https://cdn1.woolworths.media/content/wowproductimages/large/1074926470.jpg",
    "source_id": "Woolworths - 1074926470",
    "barcode": null,
    "shop": "Woolworths",
    "weight": "10G",
    "prices": [
      {
        "state": "NSW",
        "price": "5100",
        "price_per_unit": "1700",
        "price_unit": "G"
      },
      {
        "state": "VIC",
        "price": "5100",
        "price_per_unit": "1700",
        "price_unit": "G"
      },
      {
        "state": "QLD",
        "price": "5100",
        "price_per_unit": "1700",
        "price_unit": "G"
      },
      {
        "state": "WA",
        "price": "5100",
        "price_per_unit": "1700",
        "price_unit": "G"
      },
      {
        "state": "SA",
        "price": "5100",
        "price_per_unit": "1700",
        "price_unit": "G"
      },
      {
        "state": "TAS",
        "price": "5100",
        "price_per_unit": "1700",
        "price_unit": "G"
      },
      {
        "state": "ACT",
        "price": "5100",
        "price_per_unit": "1700",
        "price_unit": "G"
      },
      {
        "state": "NT",
        "price": "5100",
        "price_per_unit": "1700",
        "price_unit": "G"
      }
    ]
  },
  {
    "source_url": "https://www.woolworths.com.au/shop/productdetails/1074926471/etude-house-double-lasting-serum-skin-foundation-spf-27-17n1-neutral-vanilla-30g-1-05oz",
    "name": "Etude House Double Lasting Serum Skin Foundation SPF 27 - # 17N1 Neutral Vanilla 30g/1.05oz",
    "image_url": "https://cdn1.woolworths.media/content/wowproductimages/large/1074926471.jpg",
    "source_id": "Woolworths - 1074926471",
    "barcode": null,
    "shop": "Woolworths",
    "weight": "10G",
    "prices": [
      {
        "state": "NSW",
        "price": "5100",
        "price_per_unit": "1700",
        "price_unit": "G"
      },
      {
        "state": "VIC",
        "price": "5100",
        "price_per_unit": "1700",
        "price_unit": "G"
      },
      {
        "state": "QLD",
        "price": "5100",
        "price_per_unit": "1700",
        "price_unit": "G"
      },
      {
        "state": "WA",
        "price": "5100",
        "price_per_unit": "1700",
        "price_unit": "G"
      },
      {
        "state": "SA",
        "price": "5100",
        "price_per_unit": "1700",
        "price_unit": "G"
      },
      {
        "state": "TAS",
        "price": "5100",
        "price_per_unit": "1700",
        "price_unit": "G"
      },
      {
        "state": "ACT",
        "price": "5100",
        "price_per_unit": "1700",
        "price_unit": "G"
      },
      {
        "state": "NT",
        "price": "5100",
        "price_per_unit": "1700",
        "price_unit": "G"
      }
    ]
  },
  {
    "source_url": "https://www.woolworths.com.au/shop/productdetails/1074926472/etude-house-double-lasting-serum-skin-foundation-spf-27-19n1-vanilla-30g-1-05oz",
    "name": "Etude House Double Lasting Serum Skin Foundation SPF 27 - # 19N1 Vanilla 30g/1.05oz",
    "image_url": "https://cdn1.woolworths.media/content/wowproductimages/large/1074926472.jpg",
    "source_id": "Woolworths - 1074926472",
    "barcode": null,
    "shop": "Woolworths",
    "weight": "10G",
    "prices": [
      {
        "state": "NSW",
        "price": "5100",
        "price_per_unit": "1700",
        "price_unit": "G"
      },
      {
        "state": "VIC",
        "price": "5100",
        "price_per_unit": "1700",
        "price_unit": "G"
      },
      {
        "state": "QLD",
        "price": "5100",
        "price_per_unit": "1700",
        "price_unit": "G"
      },
      {
        "state": "WA",
        "price": "5100",
        "price_per_unit": "1700",
        "price_unit": "G"
      },
      {
        "state": "SA",
        "price": "5100",
        "price_per_unit": "1700",
        "price_unit": "G"
      },
      {
        "state": "TAS",
        "price": "5100",
        "price_per_unit": "1700",
        "price_unit": "G"
      },
      {
        "state": "ACT",
        "price": "5100",
        "price_per_unit": "1700",
        "price_unit": "G"
      },
      {
        "state": "NT",
        "price": "5100",
        "price_per_unit": "1700",
        "price_unit": "G"
      }
    ]
  },
  {
    "source_url": "https://www.woolworths.com.au/shop/productdetails/1074926474/etude-house-double-lasting-serum-skin-foundation-spf-27-21c1-petal-30g-1-05oz",
    "name": "Etude House Double Lasting Serum Skin Foundation SPF 27 - # 21C1 Petal 30g/1.05oz",
    "image_url": "https://cdn1.woolworths.media/content/wowproductimages/large/1074926474.jpg",
    "source_id": "Woolworths - 1074926474",
    "barcode": null,
    "shop": "Woolworths",
    "weight": "10G",
    "prices": [
      {
        "state": "NSW",
        "price": "5100",
        "price_per_unit": "1700",
        "price_unit": "G"
      },
      {
        "state": "VIC",
        "price": "5100",
        "price_per_unit": "1700",
        "price_unit": "G"
      },
      {
        "state": "QLD",
        "price": "5100",
        "price_per_unit": "1700",
        "price_unit": "G"
      },
      {
        "state": "WA",
        "price": "5100",
        "price_per_unit": "1700",
        "price_unit": "G"
      },
      {
        "state": "SA",
        "price": "5100",
        "price_per_unit": "1700",
        "price_unit": "G"
      },
      {
        "state": "TAS",
        "price": "5100",
        "price_per_unit": "1700",
        "price_unit": "G"
      },
      {
        "state": "ACT",
        "price": "5100",
        "price_per_unit": "1700",
        "price_unit": "G"
      },
      {
        "state": "NT",
        "price": "5100",
        "price_per_unit": "1700",
        "price_unit": "G"
      }
    ]
  },
  {
    "source_url": "https://www.woolworths.com.au/shop/productdetails/1074926475/etude-house-double-lasting-serum-skin-foundation-spf-27-21n1-neutral-beige-30g-1-05oz",
    "name": "Etude House Double Lasting Serum Skin Foundation SPF 27 - # 21N1 Neutral Beige 30g/1.05oz",
    "image_url": "https://cdn1.woolworths.media/content/wowproductimages/large/1074926475.jpg",
    "source_id": "Woolworths - 1074926475",
    "barcode": null,
    "shop": "Woolworths",
    "weight": "10G",
    "prices": [
      {
        "state": "NSW",
        "price": "5100",
        "price_per_unit": "1700",
        "price_unit": "G"
      },
      {
        "state": "VIC",
        "price": "5100",
        "price_per_unit": "1700",
        "price_unit": "G"
      },
      {
        "state": "QLD",
        "price": "5100",
        "price_per_unit": "1700",
        "price_unit": "G"
      },
      {
        "state": "WA",
        "price": "5100",
        "price_per_unit": "1700",
        "price_unit": "G"
      },
      {
        "state": "SA",
        "price": "5100",
        "price_per_unit": "1700",
        "price_unit": "G"
      },
      {
        "state": "TAS",
        "price": "5100",
        "price_per_unit": "1700",
        "price_unit": "G"
      },
      {
        "state": "ACT",
        "price": "5100",
        "price_per_unit": "1700",
        "price_unit": "G"
      },
      {
        "state": "NT",
        "price": "5100",
        "price_per_unit": "1700",
        "price_unit": "G"
      }
    ]
  },
  {
    "source_url": "https://www.woolworths.com.au/shop/productdetails/1074926476/etude-house-double-lasting-serum-skin-foundation-spf-27-23n1-sand-30g-1-05oz",
    "name": "Etude House Double Lasting Serum Skin Foundation SPF 27 - # 23N1 Sand 30g/1.05oz",
    "image_url": "https://cdn1.woolworths.media/content/wowproductimages/large/1074926476.jpg",
    "source_id": "Woolworths - 1074926476",
    "barcode": null,
    "shop": "Woolworths",
    "weight": "10G",
    "prices": [
      {
        "state": "NSW",
        "price": "5100",
        "price_per_unit": "1700",
        "price_unit": "G"
      },
      {
        "state": "VIC",
        "price": "5100",
        "price_per_unit": "1700",
        "price_unit": "G"
      },
      {
        "state": "QLD",
        "price": "5100",
        "price_per_unit": "1700",
        "price_unit": "G"
      },
      {
        "state": "WA",
        "price": "5100",
        "price_per_unit": "1700",
        "price_unit": "G"
      },
      {
        "state": "SA",
        "price": "5100",
        "price_per_unit": "1700",
        "price_unit": "G"
      },
      {
        "state": "TAS",
        "price": "5100",
        "price_per_unit": "1700",
        "price_unit": "G"
      },
      {
        "state": "ACT",
        "price": "5100",
        "price_per_unit": "1700",
        "price_unit": "G"
      },
      {
        "state": "NT",
        "price": "5100",
        "price_per_unit": "1700",
        "price_unit": "G"
      }
    ]
  },
  {
    "source_url": "https://www.woolworths.com.au/shop/productdetails/1074926477/etude-house-double-lasting-serum-skin-foundation-spf-27-25n1-tan-30g-1-05oz",
    "name": "Etude House Double Lasting Serum Skin Foundation SPF 27 - # 25N1 Tan 30g/1.05oz",
    "image_url": "https://cdn1.woolworths.media/content/wowproductimages/large/1074926477.jpg",
    "source_id": "Woolworths - 1074926477",
    "barcode": null,
    "shop": "Woolworths",
    "weight": "10G",
    "prices": [
      {
        "state": "NSW",
        "price": "5100",
        "price_per_unit": "1700",
        "price_unit": "G"
      },
      {
        "state": "VIC",
        "price": "5100",
        "price_per_unit": "1700",
        "price_unit": "G"
      },
      {
        "state": "QLD",
        "price": "5100",
        "price_per_unit": "1700",
        "price_unit": "G"
      },
      {
        "state": "WA",
        "price": "5100",
        "price_per_unit": "1700",
        "price_unit": "G"
      },
      {
        "state": "SA",
        "price": "5100",
        "price_per_unit": "1700",
        "price_unit": "G"
      },
      {
        "state": "TAS",
        "price": "5100",
        "price_per_unit": "1700",
        "price_unit": "G"
      },
      {
        "state": "ACT",
        "price": "5100",
        "price_per_unit": "1700",
        "price_unit": "G"
      },
      {
        "state": "NT",
        "price": "5100",
        "price_per_unit": "1700",
        "price_unit": "G"
      }
    ]
  },
  {
    "source_url": "https://www.woolworths.com.au/shop/productdetails/1074926499/etude-house-lovely-cookie-blusher-be101-ginger-honey-cookie-4g",
    "name": "Etude House Lovely Cookie Blusher - #BE101 Ginger Honey Cookie 4g",
    "image_url": "https://cdn1.woolworths.media/content/wowproductimages/large/1074926499.jpg",
    "source_id": "Woolworths - 1074926499",
    "barcode": null,
    "shop": "Woolworths",
    "weight": "10G",
    "prices": [
      {
        "state": "NSW",
        "price": "2200",
        "price_per_unit": "5500",
        "price_unit": "G"
      },
      {
        "state": "VIC",
        "price": "2200",
        "price_per_unit": "5500",
        "price_unit": "G"
      },
      {
        "state": "QLD",
        "price": "2200",
        "price_per_unit": "5500",
        "price_unit": "G"
      },
      {
        "state": "WA",
        "price": "2200",
        "price_per_unit": "5500",
        "price_unit": "G"
      },
      {
        "state": "SA",
        "price": "2200",
        "price_per_unit": "5500",
        "price_unit": "G"
      },
      {
        "state": "TAS",
        "price": "2200",
        "price_per_unit": "5500",
        "price_unit": "G"
      },
      {
        "state": "ACT",
        "price": "2200",
        "price_per_unit": "5500",
        "price_unit": "G"
      },
      {
        "state": "NT",
        "price": "2200",
        "price_per_unit": "5500",
        "price_unit": "G"
      }
    ]
  },
  {
    "source_url": "https://www.woolworths.com.au/shop/productdetails/1074926503/etude-house-lovely-cookie-blusher-or201-apricot-peach-mousse-4g",
    "name": "Etude House Lovely Cookie Blusher - #OR201 Apricot Peach Mousse 4g",
    "image_url": "https://cdn1.woolworths.media/content/wowproductimages/large/1074926503.jpg",
    "source_id": "Woolworths - 1074926503",
    "barcode": null,
    "shop": "Woolworths",
    "weight": "10G",
    "prices": [
      {
        "state": "NSW",
        "price": "2200",
        "price_per_unit": "5500",
        "price_unit": "G"
      },
      {
        "state": "VIC",
        "price": "2200",
        "price_per_unit": "5500",
        "price_unit": "G"
      },
      {
        "state": "QLD",
        "price": "2200",
        "price_per_unit": "5500",
        "price_unit": "G"
      },
      {
        "state": "WA",
        "price": "2200",
        "price_per_unit": "5500",
        "price_unit": "G"
      },
      {
        "state": "SA",
        "price": "2200",
        "price_per_unit": "5500",
        "price_unit": "G"
      },
      {
        "state": "TAS",
        "price": "2200",
        "price_per_unit": "5500",
        "price_unit": "G"
      },
      {
        "state": "ACT",
        "price": "2200",
        "price_per_unit": "5500",
        "price_unit": "G"
      },
      {
        "state": "NT",
        "price": "2200",
        "price_per_unit": "5500",
        "price_unit": "G"
      }
    ]
  },
  {
    "source_url": "https://www.woolworths.com.au/shop/productdetails/1074926504/etude-house-lovely-cookie-blusher-or202-sweet-coral-candy-4g",
    "name": "Etude House Lovely Cookie Blusher - #OR202 Sweet Coral Candy 4g",
    "image_url": "https://cdn1.woolworths.media/content/wowproductimages/large/1074926504.jpg",
    "source_id": "Woolworths - 1074926504",
    "barcode": null,
    "shop": "Woolworths",
    "weight": "10G",
    "prices": [
      {
        "state": "NSW",
        "price": "2200",
        "price_per_unit": "5500",
        "price_unit": "G"
      },
      {
        "state": "VIC",
        "price": "2200",
        "price_per_unit": "5500",
        "price_unit": "G"
      },
      {
        "state": "QLD",
        "price": "2200",
        "price_per_unit": "5500",
        "price_unit": "G"
      },
      {
        "state": "WA",
        "price": "2200",
        "price_per_unit": "5500",
        "price_unit": "G"
      },
      {
        "state": "SA",
        "price": "2200",
        "price_per_unit": "5500",
        "price_unit": "G"
      },
      {
        "state": "TAS",
        "price": "2200",
        "price_per_unit": "5500",
        "price_unit": "G"
      },
      {
        "state": "ACT",
        "price": "2200",
        "price_per_unit": "5500",
        "price_unit": "G"
      },
      {
        "state": "NT",
        "price": "2200",
        "price_per_unit": "5500",
        "price_unit": "G"
      }
    ]
  },
  {
    "source_url": "https://www.woolworths.com.au/shop/productdetails/1074926563/fenty-beauty-by-rihanna-pro-filt-r-hydrating-complexion-kit-foundation-32ml-primer-32ml-instant-retouch-setting-powder-7-8g-140-3pcs",
    "name": "Fenty Beauty by Rihanna Pro Filt'R Hydrating Complexion Kit: Foundation 32ml + Primer 32ml + Instant Retouch Setting Powder 7.8g - #140 3pcs",
    "image_url": "https://cdn1.woolworths.media/content/wowproductimages/large/1074926563.jpg",
    "source_id": "Woolworths - 1074926563",
    "barcode": null,
    "shop": "Woolworths",
    "weight": "1EA",
    "prices": [
      {
        "state": "NSW",
        "price": "11100",
        "price_per_unit": "3700",
        "price_unit": "EA"
      },
      {
        "state": "VIC",
        "price": "11100",
        "price_per_unit": "3700",
        "price_unit": "EA"
      },
      {
        "state": "QLD",
        "price": "11100",
        "price_per_unit": "3700",
        "price_unit": "EA"
      },
      {
        "state": "WA",
        "price": "11100",
        "price_per_unit": "3700",
        "price_unit": "EA"
      },
      {
        "state": "SA",
        "price": "11100",
        "price_per_unit": "3700",
        "price_unit": "EA"
      },
      {
        "state": "TAS",
        "price": "11100",
        "price_per_unit": "3700",
        "price_unit": "EA"
      },
      {
        "state": "ACT",
        "price": "11100",
        "price_per_unit": "3700",
        "price_unit": "EA"
      },
      {
        "state": "NT",
        "price": "11100",
        "price_per_unit": "3700",
        "price_unit": "EA"
      }
    ]
  },
  {
    "source_url": "https://www.woolworths.com.au/shop/productdetails/1074926568/fenty-beauty-by-rihanna-pro-filt-r-soft-matte-complexion-kit-foundation-32ml-primer-32ml-instant-retouch-setting-powder-7-8g-190-3pcs",
    "name": "Fenty Beauty by Rihanna Pro Filt'R Soft Matte Complexion Kit: Foundation 32ml + Primer 32ml + Instant Retouch Setting Powder 7.8g - #190 3pcs",
    "image_url": "https://cdn1.woolworths.media/content/wowproductimages/large/1074926568.jpg",
    "source_id": "Woolworths - 1074926568",
    "barcode": null,
    "shop": "Woolworths",
    "weight": "1EA",
    "prices": [
      {
        "state": "NSW",
        "price": "11100",
        "price_per_unit": "3700",
        "price_unit": "EA"
      },
      {
        "state": "VIC",
        "price": "11100",
        "price_per_unit": "3700",
        "price_unit": "EA"
      },
      {
        "state": "QLD",
        "price": "11100",
        "price_per_unit": "3700",
        "price_unit": "EA"
      },
      {
        "state": "WA",
        "price": "11100",
        "price_per_unit": "3700",
        "price_unit": "EA"
      },
      {
        "state": "SA",
        "price": "11100",
        "price_per_unit": "3700",
        "price_unit": "EA"
      },
      {
        "state": "TAS",
        "price": "11100",
        "price_per_unit": "3700",
        "price_unit": "EA"
      },
      {
        "state": "ACT",
        "price": "11100",
        "price_per_unit": "3700",
        "price_unit": "EA"
      },
      {
        "state": "NT",
        "price": "11100",
        "price_per_unit": "3700",
        "price_unit": "EA"
      }
    ]
  },
  {
    "source_url": "https://www.woolworths.com.au/shop/productdetails/1075086100/filorga-oxygen-glow-cc-cream-spf-30-40ml-1-35oz",
    "name": "Filorga Oxygen Glow CC Cream SPF 30 40ml/1.35oz",
    "image_url": "https://cdn1.woolworths.media/content/wowproductimages/large/1075086100.jpg",
    "source_id": "Woolworths - 1075086100",
    "barcode": null,
    "shop": "Woolworths",
    "weight": "100ML",
    "prices": [
      {
        "state": "NSW",
        "price": "5800",
        "price_per_unit": "14500",
        "price_unit": "ML"
      },
      {
        "state": "VIC",
        "price": "5800",
        "price_per_unit": "14500",
        "price_unit": "ML"
      },
      {
        "state": "QLD",
        "price": "5800",
        "price_per_unit": "14500",
        "price_unit": "ML"
      },
      {
        "state": "WA",
        "price": "5800",
        "price_per_unit": "14500",
        "price_unit": "ML"
      },
      {
        "state": "SA",
        "price": "5800",
        "price_per_unit": "14500",
        "price_unit": "ML"
      },
      {
        "state": "TAS",
        "price": "5800",
        "price_per_unit": "14500",
        "price_unit": "ML"
      },
      {
        "state": "ACT",
        "price": "5800",
        "price_per_unit": "14500",
        "price_unit": "ML"
      },
      {
        "state": "NT",
        "price": "5800",
        "price_per_unit": "14500",
        "price_unit": "ML"
      }
    ]
  },
  {
    "source_url": "https://www.woolworths.com.au/shop/productdetails/1075572869/giorgio-armani-a-blush-professional-liquid-face-blush-30-3-9ml-0-13oz",
    "name": "Giorgio Armani A Blush Professional Liquid Face Blush - # 30 3.9ml/0.13oz",
    "image_url": "https://cdn1.woolworths.media/content/wowproductimages/large/1075572869.jpg",
    "source_id": "Woolworths - 1075572869",
    "barcode": null,
    "shop": "Woolworths",
    "weight": "10ML",
    "prices": [
      {
        "state": "NSW",
        "price": "8000",
        "price_per_unit": "20513",
        "price_unit": "ML"
      },
      {
        "state": "VIC",
        "price": "8000",
        "price_per_unit": "20513",
        "price_unit": "ML"
      },
      {
        "state": "QLD",
        "price": "8000",
        "price_per_unit": "20513",
        "price_unit": "ML"
      },
      {
        "state": "WA",
        "price": "8000",
        "price_per_unit": "20513",
        "price_unit": "ML"
      },
      {
        "state": "SA",
        "price": "8000",
        "price_per_unit": "20513",
        "price_unit": "ML"
      },
      {
        "state": "TAS",
        "price": "8000",
        "price_per_unit": "20513",
        "price_unit": "ML"
      },
      {
        "state": "ACT",
        "price": "8000",
        "price_per_unit": "20513",
        "price_unit": "ML"
      },
      {
        "state": "NT",
        "price": "8000",
        "price_per_unit": "20513",
        "price_unit": "ML"
      }
    ]
  },
  {
    "source_url": "https://www.woolworths.com.au/shop/productdetails/1075774825/giorgio-armani-designer-glow-radiant-revitalizing-foundation-1-30ml-1oz",
    "name": "Giorgio Armani Designer Glow Radiant Revitalizing Foundation - # 1 30ml/1oz",
    "image_url": "https://cdn1.woolworths.media/content/wowproductimages/large/1075774825.jpg",
    "source_id": "Woolworths - 1075774825",
    "barcode": null,
    "shop": "Woolworths",
    "weight": "10ML",
    "prices": [
      {
        "state": "NSW",
        "price": "10400",
        "price_per_unit": "3467",
        "price_unit": "ML"
      },
      {
        "state": "VIC",
        "price": "10400",
        "price_per_unit": "3467",
        "price_unit": "ML"
      },
      {
        "state": "QLD",
        "price": "10400",
        "price_per_unit": "3467",
        "price_unit": "ML"
      },
      {
        "state": "WA",
        "price": "10400",
        "price_per_unit": "3467",
        "price_unit": "ML"
      },
      {
        "state": "SA",
        "price": "10400",
        "price_per_unit": "3467",
        "price_unit": "ML"
      },
      {
        "state": "TAS",
        "price": "10400",
        "price_per_unit": "3467",
        "price_unit": "ML"
      },
      {
        "state": "ACT",
        "price": "10400",
        "price_per_unit": "3467",
        "price_unit": "ML"
      },
      {
        "state": "NT",
        "price": "10400",
        "price_per_unit": "3467",
        "price_unit": "ML"
      }
    ]
  },
  {
    "source_url": "https://www.woolworths.com.au/shop/productdetails/1075774826/giorgio-armani-designer-glow-radiant-revitalizing-foundation-1-5-30ml-1oz",
    "name": "Giorgio Armani Designer Glow Radiant Revitalizing Foundation - # 1.5 30ml/1oz",
    "image_url": "https://cdn1.woolworths.media/content/wowproductimages/large/1075774826.jpg",
    "source_id": "Woolworths - 1075774826",
    "barcode": null,
    "shop": "Woolworths",
    "weight": "10ML",
    "prices": [
      {
        "state": "NSW",
        "price": "10400",
        "price_per_unit": "3467",
        "price_unit": "ML"
      },
      {
        "state": "VIC",
        "price": "10400",
        "price_per_unit": "3467",
        "price_unit": "ML"
      },
      {
        "state": "QLD",
        "price": "10400",
        "price_per_unit": "3467",
        "price_unit": "ML"
      },
      {
        "state": "WA",
        "price": "10400",
        "price_per_unit": "3467",
        "price_unit": "ML"
      },
      {
        "state": "SA",
        "price": "10400",
        "price_per_unit": "3467",
        "price_unit": "ML"
      },
      {
        "state": "TAS",
        "price": "10400",
        "price_per_unit": "3467",
        "price_unit": "ML"
      },
      {
        "state": "ACT",
        "price": "10400",
        "price_per_unit": "3467",
        "price_unit": "ML"
      },
      {
        "state": "NT",
        "price": "10400",
        "price_per_unit": "3467",
        "price_unit": "ML"
      }
    ]
  },
  {
    "source_url": "https://www.woolworths.com.au/shop/productdetails/1075100688/giorgio-armani-luminous-silk-concealer-3-12ml-0-4oz",
    "name": "Giorgio Armani Luminous Silk Concealer - #3 12ml/0.4oz",
    "image_url": "https://cdn1.woolworths.media/content/wowproductimages/large/1075100688.jpg",
    "source_id": "Woolworths - 1075100688",
    "barcode": null,
    "shop": "Woolworths",
    "weight": "10ML",
    "prices": [
      {
        "state": "NSW",
        "price": "7500",
        "price_per_unit": "6250",
        "price_unit": "ML"
      },
      {
        "state": "VIC",
        "price": "7500",
        "price_per_unit": "6250",
        "price_unit": "ML"
      },
      {
        "state": "QLD",
        "price": "7500",
        "price_per_unit": "6250",
        "price_unit": "ML"
      },
      {
        "state": "WA",
        "price": "7500",
        "price_per_unit": "6250",
        "price_unit": "ML"
      },
      {
        "state": "SA",
        "price": "7500",
        "price_per_unit": "6250",
        "price_unit": "ML"
      },
      {
        "state": "TAS",
        "price": "7500",
        "price_per_unit": "6250",
        "price_unit": "ML"
      },
      {
        "state": "ACT",
        "price": "7500",
        "price_per_unit": "6250",
        "price_unit": "ML"
      },
      {
        "state": "NT",
        "price": "7500",
        "price_per_unit": "6250",
        "price_unit": "ML"
      }
    ]
  },
  {
    "source_url": "https://www.woolworths.com.au/shop/productdetails/1075100690/giorgio-armani-luminous-silk-foundation-1-5-fair-neutral-30ml-1oz",
    "name": "Giorgio Armani Luminous Silk Foundation - # 1.5 (Fair, Neutral) 30ml/1oz",
    "image_url": "https://cdn1.woolworths.media/content/wowproductimages/large/1075100690.jpg",
    "source_id": "Woolworths - 1075100690",
    "barcode": null,
    "shop": "Woolworths",
    "weight": "10ML",
    "prices": [
      {
        "state": "NSW",
        "price": "9500",
        "price_per_unit": "3167",
        "price_unit": "ML"
      },
      {
        "state": "VIC",
        "price": "9500",
        "price_per_unit": "3167",
        "price_unit": "ML"
      },
      {
        "state": "QLD",
        "price": "9500",
        "price_per_unit": "3167",
        "price_unit": "ML"
      },
      {
        "state": "WA",
        "price": "9500",
        "price_per_unit": "3167",
        "price_unit": "ML"
      },
      {
        "state": "SA",
        "price": "9500",
        "price_per_unit": "3167",
        "price_unit": "ML"
      },
      {
        "state": "TAS",
        "price": "9500",
        "price_per_unit": "3167",
        "price_unit": "ML"
      },
      {
        "state": "ACT",
        "price": "9500",
        "price_per_unit": "3167",
        "price_unit": "ML"
      },
      {
        "state": "NT",
        "price": "9500",
        "price_per_unit": "3167",
        "price_unit": "ML"
      }
    ]
  },
  {
    "source_url": "https://www.woolworths.com.au/shop/productdetails/1074926659/giorgio-armani-luminous-silk-foundation-11-5-30ml-1oz",
    "name": "Giorgio Armani Luminous Silk Foundation - # 11.5 30ml/1oz",
    "image_url": "https://cdn1.woolworths.media/content/wowproductimages/large/1074926659.jpg",
    "source_id": "Woolworths - 1074926659",
    "barcode": null,
    "shop": "Woolworths",
    "weight": "10ML",
    "prices": [
      {
        "state": "NSW",
        "price": "10700",
        "price_per_unit": "3567",
        "price_unit": "ML"
      },
      {
        "state": "VIC",
        "price": "10700",
        "price_per_unit": "3567",
        "price_unit": "ML"
      },
      {
        "state": "QLD",
        "price": "10700",
        "price_per_unit": "3567",
        "price_unit": "ML"
      },
      {
        "state": "WA",
        "price": "10700",
        "price_per_unit": "3567",
        "price_unit": "ML"
      },
      {
        "state": "SA",
        "price": "10700",
        "price_per_unit": "3567",
        "price_unit": "ML"
      },
      {
        "state": "TAS",
        "price": "10700",
        "price_per_unit": "3567",
        "price_unit": "ML"
      },
      {
        "state": "ACT",
        "price": "10700",
        "price_per_unit": "3567",
        "price_unit": "ML"
      },
      {
        "state": "NT",
        "price": "10700",
        "price_per_unit": "3567",
        "price_unit": "ML"
      }
    ]
  },
  {
    "source_url": "https://www.woolworths.com.au/shop/productdetails/1075572873/giorgio-armani-luminous-silk-foundation-3-pale-peach-30ml-1oz",
    "name": "Giorgio Armani Luminous Silk Foundation - # 3 (Pale Peach) 30ml/1oz",
    "image_url": "https://cdn1.woolworths.media/content/wowproductimages/large/1075572873.jpg",
    "source_id": "Woolworths - 1075572873",
    "barcode": null,
    "shop": "Woolworths",
    "weight": "10ML",
    "prices": [
      {
        "state": "NSW",
        "price": "10200",
        "price_per_unit": "3400",
        "price_unit": "ML"
      },
      {
        "state": "VIC",
        "price": "10200",
        "price_per_unit": "3400",
        "price_unit": "ML"
      },
      {
        "state": "QLD",
        "price": "10200",
        "price_per_unit": "3400",
        "price_unit": "ML"
      },
      {
        "state": "WA",
        "price": "10200",
        "price_per_unit": "3400",
        "price_unit": "ML"
      },
      {
        "state": "SA",
        "price": "10200",
        "price_per_unit": "3400",
        "price_unit": "ML"
      },
      {
        "state": "TAS",
        "price": "10200",
        "price_per_unit": "3400",
        "price_unit": "ML"
      },
      {
        "state": "ACT",
        "price": "10200",
        "price_per_unit": "3400",
        "price_unit": "ML"
      },
      {
        "state": "NT",
        "price": "10200",
        "price_per_unit": "3400",
        "price_unit": "ML"
      }
    ]
  },
  {
    "source_url": "https://www.woolworths.com.au/shop/productdetails/1075572877/giorgio-armani-luminous-silk-foundation-4-25-light-peachy-30ml-1oz",
    "name": "Giorgio Armani Luminous Silk Foundation - # 4.25 (Light, Peachy) 30ml/1oz",
    "image_url": "https://cdn1.woolworths.media/content/wowproductimages/large/1075572877.jpg",
    "source_id": "Woolworths - 1075572877",
    "barcode": null,
    "shop": "Woolworths",
    "weight": "10ML",
    "prices": [
      {
        "state": "NSW",
        "price": "9500",
        "price_per_unit": "3167",
        "price_unit": "ML"
      },
      {
        "state": "VIC",
        "price": "9500",
        "price_per_unit": "3167",
        "price_unit": "ML"
      },
      {
        "state": "QLD",
        "price": "9500",
        "price_per_unit": "3167",
        "price_unit": "ML"
      },
      {
        "state": "WA",
        "price": "9500",
        "price_per_unit": "3167",
        "price_unit": "ML"
      },
      {
        "state": "SA",
        "price": "9500",
        "price_per_unit": "3167",
        "price_unit": "ML"
      },
      {
        "state": "TAS",
        "price": "9500",
        "price_per_unit": "3167",
        "price_unit": "ML"
      },
      {
        "state": "ACT",
        "price": "9500",
        "price_per_unit": "3167",
        "price_unit": "ML"
      },
      {
        "state": "NT",
        "price": "9500",
        "price_per_unit": "3167",
        "price_unit": "ML"
      }
    ]
  },
  {
    "source_url": "https://www.woolworths.com.au/shop/productdetails/1075100696/giorgio-armani-luminous-silk-foundation-5-1-medium-neutral-30ml-1oz",
    "name": "Giorgio Armani Luminous Silk Foundation - # 5.1 (Medium, Neutral) 30ml/1oz",
    "image_url": "https://cdn1.woolworths.media/content/wowproductimages/large/1075100696.jpg",
    "source_id": "Woolworths - 1075100696",
    "barcode": null,
    "shop": "Woolworths",
    "weight": "10ML",
    "prices": [
      {
        "state": "NSW",
        "price": "9500",
        "price_per_unit": "3167",
        "price_unit": "ML"
      },
      {
        "state": "VIC",
        "price": "9500",
        "price_per_unit": "3167",
        "price_unit": "ML"
      },
      {
        "state": "QLD",
        "price": "9500",
        "price_per_unit": "3167",
        "price_unit": "ML"
      },
      {
        "state": "WA",
        "price": "9500",
        "price_per_unit": "3167",
        "price_unit": "ML"
      },
      {
        "state": "SA",
        "price": "9500",
        "price_per_unit": "3167",
        "price_unit": "ML"
      },
      {
        "state": "TAS",
        "price": "9500",
        "price_per_unit": "3167",
        "price_unit": "ML"
      },
      {
        "state": "ACT",
        "price": "9500",
        "price_per_unit": "3167",
        "price_unit": "ML"
      },
      {
        "state": "NT",
        "price": "9500",
        "price_per_unit": "3167",
        "price_unit": "ML"
      }
    ]
  },
  {
    "source_url": "https://www.woolworths.com.au/shop/productdetails/1074926668/giorgio-armani-luminous-silk-foundation-6-golden-beige-30ml-1oz",
    "name": "Giorgio Armani Luminous Silk Foundation - # 6 (Golden Beige) 30ml/1oz",
    "image_url": "https://cdn1.woolworths.media/content/wowproductimages/large/1074926668.jpg",
    "source_id": "Woolworths - 1074926668",
    "barcode": null,
    "shop": "Woolworths",
    "weight": "10ML",
    "prices": [
      {
        "state": "NSW",
        "price": "8800",
        "price_per_unit": "2933",
        "price_unit": "ML"
      },
      {
        "state": "VIC",
        "price": "8800",
        "price_per_unit": "2933",
        "price_unit": "ML"
      },
      {
        "state": "QLD",
        "price": "8800",
        "price_per_unit": "2933",
        "price_unit": "ML"
      },
      {
        "state": "WA",
        "price": "8800",
        "price_per_unit": "2933",
        "price_unit": "ML"
      },
      {
        "state": "SA",
        "price": "8800",
        "price_per_unit": "2933",
        "price_unit": "ML"
      },
      {
        "state": "TAS",
        "price": "8800",
        "price_per_unit": "2933",
        "price_unit": "ML"
      },
      {
        "state": "ACT",
        "price": "8800",
        "price_per_unit": "2933",
        "price_unit": "ML"
      },
      {
        "state": "NT",
        "price": "8800",
        "price_per_unit": "2933",
        "price_unit": "ML"
      }
    ]
  },
  {
    "source_url": "https://www.woolworths.com.au/shop/productdetails/1074926670/giorgio-armani-luminous-silk-foundation-7-tan-30ml-1oz",
    "name": "Giorgio Armani Luminous Silk Foundation - # 7 Tan 30ml/1oz",
    "image_url": "https://cdn1.woolworths.media/content/wowproductimages/large/1074926670.jpg",
    "source_id": "Woolworths - 1074926670",
    "barcode": null,
    "shop": "Woolworths",
    "weight": "10ML",
    "prices": [
      {
        "state": "NSW",
        "price": "10000",
        "price_per_unit": "3333",
        "price_unit": "ML"
      },
      {
        "state": "VIC",
        "price": "10000",
        "price_per_unit": "3333",
        "price_unit": "ML"
      },
      {
        "state": "QLD",
        "price": "10000",
        "price_per_unit": "3333",
        "price_unit": "ML"
      },
      {
        "state": "WA",
        "price": "10000",
        "price_per_unit": "3333",
        "price_unit": "ML"
      },
      {
        "state": "SA",
        "price": "10000",
        "price_per_unit": "3333",
        "price_unit": "ML"
      },
      {
        "state": "TAS",
        "price": "10000",
        "price_per_unit": "3333",
        "price_unit": "ML"
      },
      {
        "state": "ACT",
        "price": "10000",
        "price_per_unit": "3333",
        "price_unit": "ML"
      },
      {
        "state": "NT",
        "price": "10000",
        "price_per_unit": "3333",
        "price_unit": "ML"
      }
    ]
  },
  {
    "source_url": "https://www.woolworths.com.au/shop/productdetails/1075317632/giorgio-armani-luminous-silk-glow-blush-30-offbeat-3-6g-0-12oz",
    "name": "Giorgio Armani Luminous Silk Glow Blush - # 30 Offbeat 3.6g/0.12oz",
    "image_url": "https://cdn1.woolworths.media/content/wowproductimages/large/1075317632.jpg",
    "source_id": "Woolworths - 1075317632",
    "barcode": null,
    "shop": "Woolworths",
    "weight": "10G",
    "prices": [
      {
        "state": "NSW",
        "price": "8100",
        "price_per_unit": "22500",
        "price_unit": "G"
      },
      {
        "state": "VIC",
        "price": "8100",
        "price_per_unit": "22500",
        "price_unit": "G"
      },
      {
        "state": "QLD",
        "price": "8100",
        "price_per_unit": "22500",
        "price_unit": "G"
      },
      {
        "state": "WA",
        "price": "8100",
        "price_per_unit": "22500",
        "price_unit": "G"
      },
      {
        "state": "SA",
        "price": "8100",
        "price_per_unit": "22500",
        "price_unit": "G"
      },
      {
        "state": "TAS",
        "price": "8100",
        "price_per_unit": "22500",
        "price_unit": "G"
      },
      {
        "state": "ACT",
        "price": "8100",
        "price_per_unit": "22500",
        "price_unit": "G"
      },
      {
        "state": "NT",
        "price": "8100",
        "price_per_unit": "22500",
        "price_unit": "G"
      }
    ]
  },
  {
    "source_url": "https://www.woolworths.com.au/shop/productdetails/1075100702/giorgio-armani-luminous-silk-glow-fusion-powder-5-5-3-5g-0-12oz",
    "name": "Giorgio Armani Luminous Silk Glow Fusion Powder - # 5.5 3.5g/0.12oz",
    "image_url": "https://cdn1.woolworths.media/content/wowproductimages/large/1075100702.jpg",
    "source_id": "Woolworths - 1075100702",
    "barcode": null,
    "shop": "Woolworths",
    "weight": "10G",
    "prices": [
      {
        "state": "NSW",
        "price": "9600",
        "price_per_unit": "27429",
        "price_unit": "G"
      },
      {
        "state": "VIC",
        "price": "9600",
        "price_per_unit": "27429",
        "price_unit": "G"
      },
      {
        "state": "QLD",
        "price": "9600",
        "price_per_unit": "27429",
        "price_unit": "G"
      },
      {
        "state": "WA",
        "price": "9600",
        "price_per_unit": "27429",
        "price_unit": "G"
      },
      {
        "state": "SA",
        "price": "9600",
        "price_per_unit": "27429",
        "price_unit": "G"
      },
      {
        "state": "TAS",
        "price": "9600",
        "price_per_unit": "27429",
        "price_unit": "G"
      },
      {
        "state": "ACT",
        "price": "9600",
        "price_per_unit": "27429",
        "price_unit": "G"
      },
      {
        "state": "NT",
        "price": "9600",
        "price_per_unit": "27429",
        "price_unit": "G"
      }
    ]
  },
  {
    "source_url": "https://www.woolworths.com.au/shop/productdetails/1075572883/giorgio-armani-luminous-silk-hydrating-primer-30ml-1oz",
    "name": "Giorgio Armani Luminous Silk Hydrating Primer 30ml/1oz",
    "image_url": "https://cdn1.woolworths.media/content/wowproductimages/large/1075572883.jpg",
    "source_id": "Woolworths - 1075572883",
    "barcode": null,
    "shop": "Woolworths",
    "weight": "10ML",
    "prices": [
      {
        "state": "NSW",
        "price": "8500",
        "price_per_unit": "2833",
        "price_unit": "ML"
      },
      {
        "state": "VIC",
        "price": "8500",
        "price_per_unit": "2833",
        "price_unit": "ML"
      },
      {
        "state": "QLD",
        "price": "8500",
        "price_per_unit": "2833",
        "price_unit": "ML"
      },
      {
        "state": "WA",
        "price": "8500",
        "price_per_unit": "2833",
        "price_unit": "ML"
      },
      {
        "state": "SA",
        "price": "8500",
        "price_per_unit": "2833",
        "price_unit": "ML"
      },
      {
        "state": "TAS",
        "price": "8500",
        "price_per_unit": "2833",
        "price_unit": "ML"
      },
      {
        "state": "ACT",
        "price": "8500",
        "price_per_unit": "2833",
        "price_unit": "ML"
      },
      {
        "state": "NT",
        "price": "8500",
        "price_per_unit": "2833",
        "price_unit": "ML"
      }
    ]
  },
  {
    "source_url": "https://www.woolworths.com.au/shop/productdetails/1074926676/giorgio-armani-neo-nude-fusion-powder-8-3-5g-0-12oz",
    "name": "Giorgio Armani Neo Nude Fusion Powder - # 8 3.5g/0.12oz",
    "image_url": "https://cdn1.woolworths.media/content/wowproductimages/large/1074926676.jpg",
    "source_id": "Woolworths - 1074926676",
    "barcode": null,
    "shop": "Woolworths",
    "weight": "10G",
    "prices": [
      {
        "state": "NSW",
        "price": "10800",
        "price_per_unit": "30857",
        "price_unit": "G"
      },
      {
        "state": "VIC",
        "price": "10800",
        "price_per_unit": "30857",
        "price_unit": "G"
      },
      {
        "state": "QLD",
        "price": "10800",
        "price_per_unit": "30857",
        "price_unit": "G"
      },
      {
        "state": "WA",
        "price": "10800",
        "price_per_unit": "30857",
        "price_unit": "G"
      },
      {
        "state": "SA",
        "price": "10800",
        "price_per_unit": "30857",
        "price_unit": "G"
      },
      {
        "state": "TAS",
        "price": "10800",
        "price_per_unit": "30857",
        "price_unit": "G"
      },
      {
        "state": "ACT",
        "price": "10800",
        "price_per_unit": "30857",
        "price_unit": "G"
      },
      {
        "state": "NT",
        "price": "10800",
        "price_per_unit": "30857",
        "price_unit": "G"
      }
    ]
  },
  {
    "source_url": "https://www.woolworths.com.au/shop/productdetails/1075572884/giorgio-armani-power-fabric-high-coverage-foundation-balm-3-9g-0-32oz",
    "name": "Giorgio Armani Power Fabric High Coverage Foundation Balm - # 3 9g/0.32oz",
    "image_url": "https://cdn1.woolworths.media/content/wowproductimages/large/1075572884.jpg",
    "source_id": "Woolworths - 1075572884",
    "barcode": null,
    "shop": "Woolworths",
    "weight": "10G",
    "prices": [
      {
        "state": "NSW",
        "price": "11000",
        "price_per_unit": "12222",
        "price_unit": "G"
      },
      {
        "state": "VIC",
        "price": "11000",
        "price_per_unit": "12222",
        "price_unit": "G"
      },
      {
        "state": "QLD",
        "price": "11000",
        "price_per_unit": "12222",
        "price_unit": "G"
      },
      {
        "state": "WA",
        "price": "11000",
        "price_per_unit": "12222",
        "price_unit": "G"
      },
      {
        "state": "SA",
        "price": "11000",
        "price_per_unit": "12222",
        "price_unit": "G"
      },
      {
        "state": "TAS",
        "price": "11000",
        "price_per_unit": "12222",
        "price_unit": "G"
      },
      {
        "state": "ACT",
        "price": "11000",
        "price_per_unit": "12222",
        "price_unit": "G"
      },
      {
        "state": "NT",
        "price": "11000",
        "price_per_unit": "12222",
        "price_unit": "G"
      }
    ]
  },
  {
    "source_url": "https://www.woolworths.com.au/shop/productdetails/1075575547/giorgio-armani-power-fabric-high-coverage-foundation-balm-4-9g-0-32oz",
    "name": "Giorgio Armani Power Fabric High Coverage Foundation Balm - # 4 9g/0.32oz",
    "image_url": "https://cdn1.woolworths.media/content/wowproductimages/large/1075575547.jpg",
    "source_id": "Woolworths - 1075575547",
    "barcode": null,
    "shop": "Woolworths",
    "weight": "10G",
    "prices": [
      {
        "state": "NSW",
        "price": "10900",
        "price_per_unit": "12111",
        "price_unit": "G"
      },
      {
        "state": "VIC",
        "price": "10900",
        "price_per_unit": "12111",
        "price_unit": "G"
      },
      {
        "state": "QLD",
        "price": "10900",
        "price_per_unit": "12111",
        "price_unit": "G"
      },
      {
        "state": "WA",
        "price": "10900",
        "price_per_unit": "12111",
        "price_unit": "G"
      },
      {
        "state": "SA",
        "price": "10900",
        "price_per_unit": "12111",
        "price_unit": "G"
      },
      {
        "state": "TAS",
        "price": "10900",
        "price_per_unit": "12111",
        "price_unit": "G"
      },
      {
        "state": "ACT",
        "price": "10900",
        "price_per_unit": "12111",
        "price_unit": "G"
      },
      {
        "state": "NT",
        "price": "10900",
        "price_per_unit": "12111",
        "price_unit": "G"
      }
    ]
  },
  {
    "source_url": "https://www.woolworths.com.au/shop/productdetails/1074926677/giorgio-armani-power-fabric-longwear-high-cover-foundation-spf-25-2-fair-golden-30ml-1oz",
    "name": "Giorgio Armani Power Fabric Longwear High Cover Foundation SPF 25 - # 2 (Fair, Golden) 30ml/1oz",
    "image_url": "https://cdn1.woolworths.media/content/wowproductimages/large/1074926677.jpg",
    "source_id": "Woolworths - 1074926677",
    "barcode": null,
    "shop": "Woolworths",
    "weight": "10ML",
    "prices": [
      {
        "state": "NSW",
        "price": "10000",
        "price_per_unit": "3333",
        "price_unit": "ML"
      },
      {
        "state": "VIC",
        "price": "10000",
        "price_per_unit": "3333",
        "price_unit": "ML"
      },
      {
        "state": "QLD",
        "price": "10000",
        "price_per_unit": "3333",
        "price_unit": "ML"
      },
      {
        "state": "WA",
        "price": "10000",
        "price_per_unit": "3333",
        "price_unit": "ML"
      },
      {
        "state": "SA",
        "price": "10000",
        "price_per_unit": "3333",
        "price_unit": "ML"
      },
      {
        "state": "TAS",
        "price": "10000",
        "price_per_unit": "3333",
        "price_unit": "ML"
      },
      {
        "state": "ACT",
        "price": "10000",
        "price_per_unit": "3333",
        "price_unit": "ML"
      },
      {
        "state": "NT",
        "price": "10000",
        "price_per_unit": "3333",
        "price_unit": "ML"
      }
    ]
  },
  {
    "source_url": "https://www.woolworths.com.au/shop/productdetails/1075317634/giorgio-armani-power-fabric-multi-retouch-concealer-2-6ml-0-2oz",
    "name": "Giorgio Armani Power Fabric+ Multi Retouch Concealer - # 2 6ml/0.2oz",
    "image_url": "https://cdn1.woolworths.media/content/wowproductimages/large/1075317634.jpg",
    "source_id": "Woolworths - 1075317634",
    "barcode": null,
    "shop": "Woolworths",
    "weight": "10ML",
    "prices": [
      {
        "state": "NSW",
        "price": "7200",
        "price_per_unit": "12000",
        "price_unit": "ML"
      },
      {
        "state": "VIC",
        "price": "7200",
        "price_per_unit": "12000",
        "price_unit": "ML"
      },
      {
        "state": "QLD",
        "price": "7200",
        "price_per_unit": "12000",
        "price_unit": "ML"
      },
      {
        "state": "WA",
        "price": "7200",
        "price_per_unit": "12000",
        "price_unit": "ML"
      },
      {
        "state": "SA",
        "price": "7200",
        "price_per_unit": "12000",
        "price_unit": "ML"
      },
      {
        "state": "TAS",
        "price": "7200",
        "price_per_unit": "12000",
        "price_unit": "ML"
      },
      {
        "state": "ACT",
        "price": "7200",
        "price_per_unit": "12000",
        "price_unit": "ML"
      },
      {
        "state": "NT",
        "price": "7200",
        "price_per_unit": "12000",
        "price_unit": "ML"
      }
    ]
  },
  {
    "source_url": "https://www.woolworths.com.au/shop/productdetails/1075317635/giorgio-armani-power-fabric-multi-retouch-concealer-3-6ml-0-2oz",
    "name": "Giorgio Armani Power Fabric+ Multi Retouch Concealer - # 3 6ml/0.2oz",
    "image_url": "https://cdn1.woolworths.media/content/wowproductimages/large/1075317635.jpg",
    "source_id": "Woolworths - 1075317635",
    "barcode": null,
    "shop": "Woolworths",
    "weight": "10ML",
    "prices": [
      {
        "state": "NSW",
        "price": "7700",
        "price_per_unit": "12833",
        "price_unit": "ML"
      },
      {
        "state": "VIC",
        "price": "7700",
        "price_per_unit": "12833",
        "price_unit": "ML"
      },
      {
        "state": "QLD",
        "price": "7700",
        "price_per_unit": "12833",
        "price_unit": "ML"
      },
      {
        "state": "WA",
        "price": "7700",
        "price_per_unit": "12833",
        "price_unit": "ML"
      },
      {
        "state": "SA",
        "price": "7700",
        "price_per_unit": "12833",
        "price_unit": "ML"
      },
      {
        "state": "TAS",
        "price": "7700",
        "price_per_unit": "12833",
        "price_unit": "ML"
      },
      {
        "state": "ACT",
        "price": "7700",
        "price_per_unit": "12833",
        "price_unit": "ML"
      },
      {
        "state": "NT",
        "price": "7700",
        "price_per_unit": "12833",
        "price_unit": "ML"
      }
    ]
  },
  {
    "source_url": "https://www.woolworths.com.au/shop/productdetails/1075317636/giorgio-armani-power-fabric-multi-retouch-concealer-3-5-6ml-0-2oz",
    "name": "Giorgio Armani Power Fabric+ Multi Retouch Concealer - # 3.5 6ml/0.2oz",
    "image_url": "https://cdn1.woolworths.media/content/wowproductimages/large/1075317636.jpg",
    "source_id": "Woolworths - 1075317636",
    "barcode": null,
    "shop": "Woolworths",
    "weight": "10ML",
    "prices": [
      {
        "state": "NSW",
        "price": "7700",
        "price_per_unit": "12833",
        "price_unit": "ML"
      },
      {
        "state": "VIC",
        "price": "7700",
        "price_per_unit": "12833",
        "price_unit": "ML"
      },
      {
        "state": "QLD",
        "price": "7700",
        "price_per_unit": "12833",
        "price_unit": "ML"
      },
      {
        "state": "WA",
        "price": "7700",
        "price_per_unit": "12833",
        "price_unit": "ML"
      },
      {
        "state": "SA",
        "price": "7700",
        "price_per_unit": "12833",
        "price_unit": "ML"
      },
      {
        "state": "TAS",
        "price": "7700",
        "price_per_unit": "12833",
        "price_unit": "ML"
      },
      {
        "state": "ACT",
        "price": "7700",
        "price_per_unit": "12833",
        "price_unit": "ML"
      },
      {
        "state": "NT",
        "price": "7700",
        "price_per_unit": "12833",
        "price_unit": "ML"
      }
    ]
  },
  {
    "source_url": "https://www.woolworths.com.au/shop/productdetails/1075317638/giorgio-armani-power-fabric-multi-retouch-concealer-4-5-6ml-0-2oz",
    "name": "Giorgio Armani Power Fabric+ Multi Retouch Concealer - # 4.5 6ml/0.2oz",
    "image_url": "https://cdn1.woolworths.media/content/wowproductimages/large/1075317638.jpg",
    "source_id": "Woolworths - 1075317638",
    "barcode": null,
    "shop": "Woolworths",
    "weight": "10ML",
    "prices": [
      {
        "state": "NSW",
        "price": "7700",
        "price_per_unit": "12833",
        "price_unit": "ML"
      },
      {
        "state": "VIC",
        "price": "7700",
        "price_per_unit": "12833",
        "price_unit": "ML"
      },
      {
        "state": "QLD",
        "price": "7700",
        "price_per_unit": "12833",
        "price_unit": "ML"
      },
      {
        "state": "WA",
        "price": "7700",
        "price_per_unit": "12833",
        "price_unit": "ML"
      },
      {
        "state": "SA",
        "price": "7700",
        "price_per_unit": "12833",
        "price_unit": "ML"
      },
      {
        "state": "TAS",
        "price": "7700",
        "price_per_unit": "12833",
        "price_unit": "ML"
      },
      {
        "state": "ACT",
        "price": "7700",
        "price_per_unit": "12833",
        "price_unit": "ML"
      },
      {
        "state": "NT",
        "price": "7700",
        "price_per_unit": "12833",
        "price_unit": "ML"
      }
    ]
  },
  {
    "source_url": "https://www.woolworths.com.au/shop/productdetails/1075317640/giorgio-armani-power-fabric-multi-retouch-concealer-5-5-6ml-0-2oz",
    "name": "Giorgio Armani Power Fabric+ Multi Retouch Concealer - # 5.5 6ml/0.2oz",
    "image_url": "https://cdn1.woolworths.media/content/wowproductimages/large/1075317640.jpg",
    "source_id": "Woolworths - 1075317640",
    "barcode": null,
    "shop": "Woolworths",
    "weight": "10ML",
    "prices": [
      {
        "state": "NSW",
        "price": "7700",
        "price_per_unit": "12833",
        "price_unit": "ML"
      },
      {
        "state": "VIC",
        "price": "7700",
        "price_per_unit": "12833",
        "price_unit": "ML"
      },
      {
        "state": "QLD",
        "price": "7700",
        "price_per_unit": "12833",
        "price_unit": "ML"
      },
      {
        "state": "WA",
        "price": "7700",
        "price_per_unit": "12833",
        "price_unit": "ML"
      },
      {
        "state": "SA",
        "price": "7700",
        "price_per_unit": "12833",
        "price_unit": "ML"
      },
      {
        "state": "TAS",
        "price": "7700",
        "price_per_unit": "12833",
        "price_unit": "ML"
      },
      {
        "state": "ACT",
        "price": "7700",
        "price_per_unit": "12833",
        "price_unit": "ML"
      },
      {
        "state": "NT",
        "price": "7700",
        "price_per_unit": "12833",
        "price_unit": "ML"
      }
    ]
  },
  {
    "source_url": "https://www.woolworths.com.au/shop/productdetails/1074926679/giorgio-armani-power-fabric-ultra-longwear-weightless-matte-foundation-spf-20-2-30ml-1oz",
    "name": "Giorgio Armani Power Fabric+ Ultra Longwear Weightless Matte Foundation SPF 20 - # 2 30ml/1oz",
    "image_url": "https://cdn1.woolworths.media/content/wowproductimages/large/1074926679.jpg",
    "source_id": "Woolworths - 1074926679",
    "barcode": null,
    "shop": "Woolworths",
    "weight": "10ML",
    "prices": [
      {
        "state": "NSW",
        "price": "9600",
        "price_per_unit": "3200",
        "price_unit": "ML"
      },
      {
        "state": "VIC",
        "price": "9600",
        "price_per_unit": "3200",
        "price_unit": "ML"
      },
      {
        "state": "QLD",
        "price": "9600",
        "price_per_unit": "3200",
        "price_unit": "ML"
      },
      {
        "state": "WA",
        "price": "9600",
        "price_per_unit": "3200",
        "price_unit": "ML"
      },
      {
        "state": "SA",
        "price": "9600",
        "price_per_unit": "3200",
        "price_unit": "ML"
      },
      {
        "state": "TAS",
        "price": "9600",
        "price_per_unit": "3200",
        "price_unit": "ML"
      },
      {
        "state": "ACT",
        "price": "9600",
        "price_per_unit": "3200",
        "price_unit": "ML"
      },
      {
        "state": "NT",
        "price": "9600",
        "price_per_unit": "3200",
        "price_unit": "ML"
      }
    ]
  },
  {
    "source_url": "https://www.woolworths.com.au/shop/productdetails/1074926680/giorgio-armani-power-fabric-ultra-longwear-weightless-matte-foundation-spf-20-2-5-30ml-1oz",
    "name": "Giorgio Armani Power Fabric+ Ultra Longwear Weightless Matte Foundation SPF 20 - # 2.5 30ml/1oz",
    "image_url": "https://cdn1.woolworths.media/content/wowproductimages/large/1074926680.jpg",
    "source_id": "Woolworths - 1074926680",
    "barcode": null,
    "shop": "Woolworths",
    "weight": "10ML",
    "prices": [
      {
        "state": "NSW",
        "price": "9100",
        "price_per_unit": "3033",
        "price_unit": "ML"
      },
      {
        "state": "VIC",
        "price": "9100",
        "price_per_unit": "3033",
        "price_unit": "ML"
      },
      {
        "state": "QLD",
        "price": "9100",
        "price_per_unit": "3033",
        "price_unit": "ML"
      },
      {
        "state": "WA",
        "price": "9100",
        "price_per_unit": "3033",
        "price_unit": "ML"
      },
      {
        "state": "SA",
        "price": "9100",
        "price_per_unit": "3033",
        "price_unit": "ML"
      },
      {
        "state": "TAS",
        "price": "9100",
        "price_per_unit": "3033",
        "price_unit": "ML"
      },
      {
        "state": "ACT",
        "price": "9100",
        "price_per_unit": "3033",
        "price_unit": "ML"
      },
      {
        "state": "NT",
        "price": "9100",
        "price_per_unit": "3033",
        "price_unit": "ML"
      }
    ]
  },
  {
    "source_url": "https://www.woolworths.com.au/shop/productdetails/1075100704/giorgio-armani-power-fabric-ultra-longwear-weightless-matte-foundation-spf-20-3-25-30ml-1oz",
    "name": "Giorgio Armani Power Fabric+ Ultra Longwear Weightless Matte Foundation SPF 20 - # 3.25 30ml/1oz",
    "image_url": "https://cdn1.woolworths.media/content/wowproductimages/large/1075100704.jpg",
    "source_id": "Woolworths - 1075100704",
    "barcode": null,
    "shop": "Woolworths",
    "weight": "10ML",
    "prices": [
      {
        "state": "NSW",
        "price": "10300",
        "price_per_unit": "3433",
        "price_unit": "ML"
      },
      {
        "state": "VIC",
        "price": "10300",
        "price_per_unit": "3433",
        "price_unit": "ML"
      },
      {
        "state": "QLD",
        "price": "10300",
        "price_per_unit": "3433",
        "price_unit": "ML"
      },
      {
        "state": "WA",
        "price": "10300",
        "price_per_unit": "3433",
        "price_unit": "ML"
      },
      {
        "state": "SA",
        "price": "10300",
        "price_per_unit": "3433",
        "price_unit": "ML"
      },
      {
        "state": "TAS",
        "price": "10300",
        "price_per_unit": "3433",
        "price_unit": "ML"
      },
      {
        "state": "ACT",
        "price": "10300",
        "price_per_unit": "3433",
        "price_unit": "ML"
      },
      {
        "state": "NT",
        "price": "10300",
        "price_per_unit": "3433",
        "price_unit": "ML"
      }
    ]
  },
  {
    "source_url": "https://www.woolworths.com.au/shop/productdetails/1075100705/giorgio-armani-power-fabric-ultra-longwear-weightless-matte-foundation-spf-20-3-5-30ml-1oz",
    "name": "Giorgio Armani Power Fabric+ Ultra Longwear Weightless Matte Foundation SPF 20 - # 3.5 30ml/1oz",
    "image_url": "https://cdn1.woolworths.media/content/wowproductimages/large/1075100705.jpg",
    "source_id": "Woolworths - 1075100705",
    "barcode": null,
    "shop": "Woolworths",
    "weight": "10ML",
    "prices": [
      {
        "state": "NSW",
        "price": "9900",
        "price_per_unit": "3300",
        "price_unit": "ML"
      },
      {
        "state": "VIC",
        "price": "9900",
        "price_per_unit": "3300",
        "price_unit": "ML"
      },
      {
        "state": "QLD",
        "price": "9900",
        "price_per_unit": "3300",
        "price_unit": "ML"
      },
      {
        "state": "WA",
        "price": "9900",
        "price_per_unit": "3300",
        "price_unit": "ML"
      },
      {
        "state": "SA",
        "price": "9900",
        "price_per_unit": "3300",
        "price_unit": "ML"
      },
      {
        "state": "TAS",
        "price": "9900",
        "price_per_unit": "3300",
        "price_unit": "ML"
      },
      {
        "state": "ACT",
        "price": "9900",
        "price_per_unit": "3300",
        "price_unit": "ML"
      },
      {
        "state": "NT",
        "price": "9900",
        "price_per_unit": "3300",
        "price_unit": "ML"
      }
    ]
  },
  {
    "source_url": "https://www.woolworths.com.au/shop/productdetails/1075100706/giorgio-armani-power-fabric-ultra-longwear-weightless-matte-foundation-spf-20-4-30ml-1oz",
    "name": "Giorgio Armani Power Fabric+ Ultra Longwear Weightless Matte Foundation SPF 20 - # 4 30ml/1oz",
    "image_url": "https://cdn1.woolworths.media/content/wowproductimages/large/1075100706.jpg",
    "source_id": "Woolworths - 1075100706",
    "barcode": null,
    "shop": "Woolworths",
    "weight": "10ML",
    "prices": [
      {
        "state": "NSW",
        "price": "9900",
        "price_per_unit": "3300",
        "price_unit": "ML"
      },
      {
        "state": "VIC",
        "price": "9900",
        "price_per_unit": "3300",
        "price_unit": "ML"
      },
      {
        "state": "QLD",
        "price": "9900",
        "price_per_unit": "3300",
        "price_unit": "ML"
      },
      {
        "state": "WA",
        "price": "9900",
        "price_per_unit": "3300",
        "price_unit": "ML"
      },
      {
        "state": "SA",
        "price": "9900",
        "price_per_unit": "3300",
        "price_unit": "ML"
      },
      {
        "state": "TAS",
        "price": "9900",
        "price_per_unit": "3300",
        "price_unit": "ML"
      },
      {
        "state": "ACT",
        "price": "9900",
        "price_per_unit": "3300",
        "price_unit": "ML"
      },
      {
        "state": "NT",
        "price": "9900",
        "price_per_unit": "3300",
        "price_unit": "ML"
      }
    ]
  },
  {
    "source_url": "https://www.woolworths.com.au/shop/productdetails/1075100707/giorgio-armani-power-fabric-ultra-longwear-weightless-matte-foundation-spf-20-4-5-30ml-1oz",
    "name": "Giorgio Armani Power Fabric+ Ultra Longwear Weightless Matte Foundation SPF 20 - # 4.5 30ml/1oz",
    "image_url": "https://cdn1.woolworths.media/content/wowproductimages/large/1075100707.jpg",
    "source_id": "Woolworths - 1075100707",
    "barcode": null,
    "shop": "Woolworths",
    "weight": "10ML",
    "prices": [
      {
        "state": "NSW",
        "price": "9900",
        "price_per_unit": "3300",
        "price_unit": "ML"
      },
      {
        "state": "VIC",
        "price": "9900",
        "price_per_unit": "3300",
        "price_unit": "ML"
      },
      {
        "state": "QLD",
        "price": "9900",
        "price_per_unit": "3300",
        "price_unit": "ML"
      },
      {
        "state": "WA",
        "price": "9900",
        "price_per_unit": "3300",
        "price_unit": "ML"
      },
      {
        "state": "SA",
        "price": "9900",
        "price_per_unit": "3300",
        "price_unit": "ML"
      },
      {
        "state": "TAS",
        "price": "9900",
        "price_per_unit": "3300",
        "price_unit": "ML"
      },
      {
        "state": "ACT",
        "price": "9900",
        "price_per_unit": "3300",
        "price_unit": "ML"
      },
      {
        "state": "NT",
        "price": "9900",
        "price_per_unit": "3300",
        "price_unit": "ML"
      }
    ]
  },
  {
    "source_url": "https://www.woolworths.com.au/shop/productdetails/1075100708/giorgio-armani-power-fabric-ultra-longwear-weightless-matte-foundation-spf-20-5-30ml-1oz",
    "name": "Giorgio Armani Power Fabric+ Ultra Longwear Weightless Matte Foundation SPF 20 - # 5 30ml/1oz",
    "image_url": "https://cdn1.woolworths.media/content/wowproductimages/large/1075100708.jpg",
    "source_id": "Woolworths - 1075100708",
    "barcode": null,
    "shop": "Woolworths",
    "weight": "10ML",
    "prices": [
      {
        "state": "NSW",
        "price": "9900",
        "price_per_unit": "3300",
        "price_unit": "ML"
      },
      {
        "state": "VIC",
        "price": "9900",
        "price_per_unit": "3300",
        "price_unit": "ML"
      },
      {
        "state": "QLD",
        "price": "9900",
        "price_per_unit": "3300",
        "price_unit": "ML"
      },
      {
        "state": "WA",
        "price": "9900",
        "price_per_unit": "3300",
        "price_unit": "ML"
      },
      {
        "state": "SA",
        "price": "9900",
        "price_per_unit": "3300",
        "price_unit": "ML"
      },
      {
        "state": "TAS",
        "price": "9900",
        "price_per_unit": "3300",
        "price_unit": "ML"
      },
      {
        "state": "ACT",
        "price": "9900",
        "price_per_unit": "3300",
        "price_unit": "ML"
      },
      {
        "state": "NT",
        "price": "9900",
        "price_per_unit": "3300",
        "price_unit": "ML"
      }
    ]
  },
  {
    "source_url": "https://www.woolworths.com.au/shop/productdetails/1076478463/almay-best-blend-forever-makeup-30ml-100-porcelain",
    "name": "Almay Best Blend Forever Makeup 30ml 100 PORCELAIN",
    "image_url": "https://cdn1.woolworths.media/content/wowproductimages/large/default.png",
    "source_id": "Woolworths - 1076478463",
    "barcode": null,
    "shop": "Woolworths",
    "weight": "1EA",
    "prices": [
      {
        "state": "QLD",
        "price": "1634",
        "price_per_unit": "1634",
        "price_unit": "EA"
      },
      {
        "state": "WA",
        "price": "1634",
        "price_per_unit": "1634",
        "price_unit": "EA"
      },
      {
        "state": "SA",
        "price": "1634",
        "price_per_unit": "1634",
        "price_unit": "EA"
      },
      {
        "state": "TAS",
        "price": "1634",
        "price_per_unit": "1634",
        "price_unit": "EA"
      },
      {
        "state": "ACT",
        "price": "1634",
        "price_per_unit": "1634",
        "price_unit": "EA"
      },
      {
        "state": "NT",
        "price": "1634",
        "price_per_unit": "1634",
        "price_unit": "EA"
      }
    ]
  },
  {
    "source_url": "https://www.woolworths.com.au/shop/productdetails/1076478464/almay-best-blend-forever-makeup-30ml-100-porcelain-2-pack",
    "name": "Almay Best Blend Forever Makeup 30ml 100 PORCELAIN - 2 Pack",
    "image_url": "https://cdn1.woolworths.media/content/wowproductimages/large/default.png",
    "source_id": "Woolworths - 1076478464",
    "barcode": null,
    "shop": "Woolworths",
    "weight": "1EA",
    "prices": [
      {
        "state": "QLD",
        "price": "2142",
        "price_per_unit": "1071",
        "price_unit": "EA"
      },
      {
        "state": "WA",
        "price": "2142",
        "price_per_unit": "1071",
        "price_unit": "EA"
      },
      {
        "state": "SA",
        "price": "2142",
        "price_per_unit": "1071",
        "price_unit": "EA"
      },
      {
        "state": "TAS",
        "price": "2142",
        "price_per_unit": "1071",
        "price_unit": "EA"
      },
      {
        "state": "ACT",
        "price": "2142",
        "price_per_unit": "1071",
        "price_unit": "EA"
      },
      {
        "state": "NT",
        "price": "2142",
        "price_per_unit": "1071",
        "price_unit": "EA"
      }
    ]
  },
  {
    "source_url": "https://www.woolworths.com.au/shop/productdetails/1076478465/almay-best-blend-forever-makeup-30ml-110-ivory",
    "name": "Almay Best Blend Forever Makeup 30ml 110 IVORY",
    "image_url": "https://cdn1.woolworths.media/content/wowproductimages/large/default.png",
    "source_id": "Woolworths - 1076478465",
    "barcode": null,
    "shop": "Woolworths",
    "weight": "1EA",
    "prices": [
      {
        "state": "QLD",
        "price": "1634",
        "price_per_unit": "1634",
        "price_unit": "EA"
      },
      {
        "state": "WA",
        "price": "1634",
        "price_per_unit": "1634",
        "price_unit": "EA"
      },
      {
        "state": "SA",
        "price": "1634",
        "price_per_unit": "1634",
        "price_unit": "EA"
      },
      {
        "state": "TAS",
        "price": "1634",
        "price_per_unit": "1634",
        "price_unit": "EA"
      },
      {
        "state": "ACT",
        "price": "1634",
        "price_per_unit": "1634",
        "price_unit": "EA"
      },
      {
        "state": "NT",
        "price": "1634",
        "price_per_unit": "1634",
        "price_unit": "EA"
      }
    ]
  },
  {
    "source_url": "https://www.woolworths.com.au/shop/productdetails/1076478466/almay-best-blend-forever-makeup-30ml-110-ivory-2-pack",
    "name": "Almay Best Blend Forever Makeup 30ml 110 IVORY - 2 Pack",
    "image_url": "https://cdn1.woolworths.media/content/wowproductimages/large/default.png",
    "source_id": "Woolworths - 1076478466",
    "barcode": null,
    "shop": "Woolworths",
    "weight": "1EA",
    "prices": [
      {
        "state": "QLD",
        "price": "2142",
        "price_per_unit": "1071",
        "price_unit": "EA"
      },
      {
        "state": "WA",
        "price": "2142",
        "price_per_unit": "1071",
        "price_unit": "EA"
      },
      {
        "state": "SA",
        "price": "2142",
        "price_per_unit": "1071",
        "price_unit": "EA"
      },
      {
        "state": "TAS",
        "price": "2142",
        "price_per_unit": "1071",
        "price_unit": "EA"
      },
      {
        "state": "ACT",
        "price": "2142",
        "price_per_unit": "1071",
        "price_unit": "EA"
      },
      {
        "state": "NT",
        "price": "2142",
        "price_per_unit": "1071",
        "price_unit": "EA"
      }
    ]
  },
  {
    "source_url": "https://www.woolworths.com.au/shop/productdetails/1076478467/almay-best-blend-forever-makeup-30ml-120-buff",
    "name": "Almay Best Blend Forever Makeup 30ml 120 BUFF",
    "image_url": "https://cdn1.woolworths.media/content/wowproductimages/large/default.png",
    "source_id": "Woolworths - 1076478467",
    "barcode": null,
    "shop": "Woolworths",
    "weight": "1EA",
    "prices": [
      {
        "state": "QLD",
        "price": "1634",
        "price_per_unit": "1634",
        "price_unit": "EA"
      },
      {
        "state": "WA",
        "price": "1634",
        "price_per_unit": "1634",
        "price_unit": "EA"
      },
      {
        "state": "SA",
        "price": "1634",
        "price_per_unit": "1634",
        "price_unit": "EA"
      },
      {
        "state": "TAS",
        "price": "1634",
        "price_per_unit": "1634",
        "price_unit": "EA"
      },
      {
        "state": "ACT",
        "price": "1634",
        "price_per_unit": "1634",
        "price_unit": "EA"
      },
      {
        "state": "NT",
        "price": "1634",
        "price_per_unit": "1634",
        "price_unit": "EA"
      }
    ]
  },
  {
    "source_url": "https://www.woolworths.com.au/shop/productdetails/1076478468/almay-best-blend-forever-makeup-30ml-120-buff-2-pack",
    "name": "Almay Best Blend Forever Makeup 30ml 120 BUFF - 2 Pack",
    "image_url": "https://cdn1.woolworths.media/content/wowproductimages/large/default.png",
    "source_id": "Woolworths - 1076478468",
    "barcode": null,
    "shop": "Woolworths",
    "weight": "1EA",
    "prices": [
      {
        "state": "QLD",
        "price": "2142",
        "price_per_unit": "1071",
        "price_unit": "EA"
      },
      {
        "state": "WA",
        "price": "2142",
        "price_per_unit": "1071",
        "price_unit": "EA"
      },
      {
        "state": "SA",
        "price": "2142",
        "price_per_unit": "1071",
        "price_unit": "EA"
      },
      {
        "state": "TAS",
        "price": "2142",
        "price_per_unit": "1071",
        "price_unit": "EA"
      },
      {
        "state": "ACT",
        "price": "2142",
        "price_per_unit": "1071",
        "price_unit": "EA"
      },
      {
        "state": "NT",
        "price": "2142",
        "price_per_unit": "1071",
        "price_unit": "EA"
      }
    ]
  },
  {
    "source_url": "https://www.woolworths.com.au/shop/productdetails/1076478469/almay-best-blend-forever-makeup-30ml-130-neutral",
    "name": "Almay Best Blend Forever Makeup 30ml 130 NEUTRAL",
    "image_url": "https://cdn1.woolworths.media/content/wowproductimages/large/default.png",
    "source_id": "Woolworths - 1076478469",
    "barcode": null,
    "shop": "Woolworths",
    "weight": "1EA",
    "prices": [
      {
        "state": "QLD",
        "price": "1634",
        "price_per_unit": "1634",
        "price_unit": "EA"
      },
      {
        "state": "WA",
        "price": "1634",
        "price_per_unit": "1634",
        "price_unit": "EA"
      },
      {
        "state": "SA",
        "price": "1634",
        "price_per_unit": "1634",
        "price_unit": "EA"
      },
      {
        "state": "TAS",
        "price": "1634",
        "price_per_unit": "1634",
        "price_unit": "EA"
      },
      {
        "state": "ACT",
        "price": "1634",
        "price_per_unit": "1634",
        "price_unit": "EA"
      },
      {
        "state": "NT",
        "price": "1634",
        "price_per_unit": "1634",
        "price_unit": "EA"
      }
    ]
  },
  {
    "source_url": "https://www.woolworths.com.au/shop/productdetails/1076478470/almay-best-blend-forever-makeup-30ml-130-neutral-2-pack",
    "name": "Almay Best Blend Forever Makeup 30ml 130 NEUTRAL - 2 Pack",
    "image_url": "https://cdn1.woolworths.media/content/wowproductimages/large/default.png",
    "source_id": "Woolworths - 1076478470",
    "barcode": null,
    "shop": "Woolworths",
    "weight": "1EA",
    "prices": [
      {
        "state": "QLD",
        "price": "2143",
        "price_per_unit": "1072",
        "price_unit": "EA"
      },
      {
        "state": "WA",
        "price": "2143",
        "price_per_unit": "1072",
        "price_unit": "EA"
      },
      {
        "state": "SA",
        "price": "2143",
        "price_per_unit": "1072",
        "price_unit": "EA"
      },
      {
        "state": "TAS",
        "price": "2143",
        "price_per_unit": "1072",
        "price_unit": "EA"
      },
      {
        "state": "ACT",
        "price": "2143",
        "price_per_unit": "1072",
        "price_unit": "EA"
      },
      {
        "state": "NT",
        "price": "2143",
        "price_per_unit": "1072",
        "price_unit": "EA"
      }
    ]
  },
  {
    "source_url": "https://www.woolworths.com.au/shop/productdetails/1076478471/almay-best-blend-forever-makeup-30ml-140-beige",
    "name": "Almay Best Blend Forever Makeup 30ml 140 BEIGE",
    "image_url": "https://cdn1.woolworths.media/content/wowproductimages/large/default.png",
    "source_id": "Woolworths - 1076478471",
    "barcode": null,
    "shop": "Woolworths",
    "weight": "1EA",
    "prices": [
      {
        "state": "QLD",
        "price": "1634",
        "price_per_unit": "1634",
        "price_unit": "EA"
      },
      {
        "state": "WA",
        "price": "1634",
        "price_per_unit": "1634",
        "price_unit": "EA"
      },
      {
        "state": "SA",
        "price": "1634",
        "price_per_unit": "1634",
        "price_unit": "EA"
      },
      {
        "state": "TAS",
        "price": "1634",
        "price_per_unit": "1634",
        "price_unit": "EA"
      },
      {
        "state": "ACT",
        "price": "1634",
        "price_per_unit": "1634",
        "price_unit": "EA"
      },
      {
        "state": "NT",
        "price": "1634",
        "price_per_unit": "1634",
        "price_unit": "EA"
      }
    ]
  },
  {
    "source_url": "https://www.woolworths.com.au/shop/productdetails/1076478472/almay-best-blend-forever-makeup-30ml-140-beige-2-pack",
    "name": "Almay Best Blend Forever Makeup 30ml 140 BEIGE - 2 Pack",
    "image_url": "https://cdn1.woolworths.media/content/wowproductimages/large/default.png",
    "source_id": "Woolworths - 1076478472",
    "barcode": null,
    "shop": "Woolworths",
    "weight": "1EA",
    "prices": [
      {
        "state": "QLD",
        "price": "2142",
        "price_per_unit": "1071",
        "price_unit": "EA"
      },
      {
        "state": "WA",
        "price": "2142",
        "price_per_unit": "1071",
        "price_unit": "EA"
      },
      {
        "state": "SA",
        "price": "2142",
        "price_per_unit": "1071",
        "price_unit": "EA"
      },
      {
        "state": "TAS",
        "price": "2142",
        "price_per_unit": "1071",
        "price_unit": "EA"
      },
      {
        "state": "ACT",
        "price": "2142",
        "price_per_unit": "1071",
        "price_unit": "EA"
      },
      {
        "state": "NT",
        "price": "2142",
        "price_per_unit": "1071",
        "price_unit": "EA"
      }
    ]
  },
  {
    "source_url": "https://www.woolworths.com.au/shop/productdetails/1076478473/almay-best-blend-forever-makeup-30ml-150-naked",
    "name": "Almay Best Blend Forever Makeup 30ml 150 NAKED",
    "image_url": "https://cdn1.woolworths.media/content/wowproductimages/large/default.png",
    "source_id": "Woolworths - 1076478473",
    "barcode": null,
    "shop": "Woolworths",
    "weight": "1EA",
    "prices": [
      {
        "state": "QLD",
        "price": "1634",
        "price_per_unit": "1634",
        "price_unit": "EA"
      },
      {
        "state": "WA",
        "price": "1634",
        "price_per_unit": "1634",
        "price_unit": "EA"
      },
      {
        "state": "SA",
        "price": "1634",
        "price_per_unit": "1634",
        "price_unit": "EA"
      },
      {
        "state": "TAS",
        "price": "1634",
        "price_per_unit": "1634",
        "price_unit": "EA"
      },
      {
        "state": "ACT",
        "price": "1634",
        "price_per_unit": "1634",
        "price_unit": "EA"
      },
      {
        "state": "NT",
        "price": "1634",
        "price_per_unit": "1634",
        "price_unit": "EA"
      }
    ]
  },
  {
    "source_url": "https://www.woolworths.com.au/shop/productdetails/1076478476/almay-best-blend-forever-makeup-30ml-150-naked-2-pack",
    "name": "Almay Best Blend Forever Makeup 30ml 150 NAKED - 2 Pack",
    "image_url": "https://cdn1.woolworths.media/content/wowproductimages/large/default.png",
    "source_id": "Woolworths - 1076478476",
    "barcode": null,
    "shop": "Woolworths",
    "weight": "1EA",
    "prices": [
      {
        "state": "QLD",
        "price": "2142",
        "price_per_unit": "1071",
        "price_unit": "EA"
      },
      {
        "state": "WA",
        "price": "2142",
        "price_per_unit": "1071",
        "price_unit": "EA"
      },
      {
        "state": "SA",
        "price": "2142",
        "price_per_unit": "1071",
        "price_unit": "EA"
      },
      {
        "state": "TAS",
        "price": "2142",
        "price_per_unit": "1071",
        "price_unit": "EA"
      },
      {
        "state": "ACT",
        "price": "2142",
        "price_per_unit": "1071",
        "price_unit": "EA"
      },
      {
        "state": "NT",
        "price": "2142",
        "price_per_unit": "1071",
        "price_unit": "EA"
      }
    ]
  },
  {
    "source_url": "https://www.woolworths.com.au/shop/productdetails/1076478477/almay-best-blend-forever-makeup-30ml-160-sand-beige",
    "name": "Almay Best Blend Forever Makeup 30ml 160 SAND BEIGE",
    "image_url": "https://cdn1.woolworths.media/content/wowproductimages/large/default.png",
    "source_id": "Woolworths - 1076478477",
    "barcode": null,
    "shop": "Woolworths",
    "weight": "1EA",
    "prices": [
      {
        "state": "QLD",
        "price": "1634",
        "price_per_unit": "1634",
        "price_unit": "EA"
      },
      {
        "state": "WA",
        "price": "1634",
        "price_per_unit": "1634",
        "price_unit": "EA"
      },
      {
        "state": "SA",
        "price": "1634",
        "price_per_unit": "1634",
        "price_unit": "EA"
      },
      {
        "state": "TAS",
        "price": "1634",
        "price_per_unit": "1634",
        "price_unit": "EA"
      },
      {
        "state": "ACT",
        "price": "1634",
        "price_per_unit": "1634",
        "price_unit": "EA"
      },
      {
        "state": "NT",
        "price": "1634",
        "price_per_unit": "1634",
        "price_unit": "EA"
      }
    ]
  },
  {
    "source_url": "https://www.woolworths.com.au/shop/productdetails/1076478479/almay-best-blend-forever-makeup-30ml-160-sand-beige-2-pack",
    "name": "Almay Best Blend Forever Makeup 30ml 160 SAND BEIGE - 2 Pack",
    "image_url": "https://cdn1.woolworths.media/content/wowproductimages/large/default.png",
    "source_id": "Woolworths - 1076478479",
    "barcode": null,
    "shop": "Woolworths",
    "weight": "1EA",
    "prices": [
      {
        "state": "QLD",
        "price": "2142",
        "price_per_unit": "1071",
        "price_unit": "EA"
      },
      {
        "state": "WA",
        "price": "2142",
        "price_per_unit": "1071",
        "price_unit": "EA"
      },
      {
        "state": "SA",
        "price": "2142",
        "price_per_unit": "1071",
        "price_unit": "EA"
      },
      {
        "state": "TAS",
        "price": "2142",
        "price_per_unit": "1071",
        "price_unit": "EA"
      },
      {
        "state": "ACT",
        "price": "2142",
        "price_per_unit": "1071",
        "price_unit": "EA"
      },
      {
        "state": "NT",
        "price": "2142",
        "price_per_unit": "1071",
        "price_unit": "EA"
      }
    ]
  },
  {
    "source_url": "https://www.woolworths.com.au/shop/productdetails/1076478480/almay-best-blend-forever-makeup-30ml-170-true-beige",
    "name": "Almay Best Blend Forever Makeup 30ml 170 TRUE BEIGE",
    "image_url": "https://cdn1.woolworths.media/content/wowproductimages/large/default.png",
    "source_id": "Woolworths - 1076478480",
    "barcode": null,
    "shop": "Woolworths",
    "weight": "1EA",
    "prices": [
      {
        "state": "QLD",
        "price": "1634",
        "price_per_unit": "1634",
        "price_unit": "EA"
      },
      {
        "state": "WA",
        "price": "1634",
        "price_per_unit": "1634",
        "price_unit": "EA"
      },
      {
        "state": "SA",
        "price": "1634",
        "price_per_unit": "1634",
        "price_unit": "EA"
      },
      {
        "state": "TAS",
        "price": "1634",
        "price_per_unit": "1634",
        "price_unit": "EA"
      },
      {
        "state": "ACT",
        "price": "1634",
        "price_per_unit": "1634",
        "price_unit": "EA"
      },
      {
        "state": "NT",
        "price": "1634",
        "price_per_unit": "1634",
        "price_unit": "EA"
      }
    ]
  },
  {
    "source_url": "https://www.woolworths.com.au/shop/productdetails/1076478481/almay-best-blend-forever-makeup-30ml-170-true-beige-2-pack",
    "name": "Almay Best Blend Forever Makeup 30ml 170 TRUE BEIGE - 2 Pack",
    "image_url": "https://cdn1.woolworths.media/content/wowproductimages/large/default.png",
    "source_id": "Woolworths - 1076478481",
    "barcode": null,
    "shop": "Woolworths",
    "weight": "1EA",
    "prices": [
      {
        "state": "QLD",
        "price": "2142",
        "price_per_unit": "1071",
        "price_unit": "EA"
      },
      {
        "state": "WA",
        "price": "2142",
        "price_per_unit": "1071",
        "price_unit": "EA"
      },
      {
        "state": "SA",
        "price": "2142",
        "price_per_unit": "1071",
        "price_unit": "EA"
      },
      {
        "state": "TAS",
        "price": "2142",
        "price_per_unit": "1071",
        "price_unit": "EA"
      },
      {
        "state": "ACT",
        "price": "2142",
        "price_per_unit": "1071",
        "price_unit": "EA"
      },
      {
        "state": "NT",
        "price": "2142",
        "price_per_unit": "1071",
        "price_unit": "EA"
      }
    ]
  },
  {
    "source_url": "https://www.woolworths.com.au/shop/productdetails/1076478488/almay-clear-complexion-makeup-30ml-600-sun-beige",
    "name": "Almay Clear Complexion Makeup 30ml 600 SUN BEIGE",
    "image_url": "https://cdn1.woolworths.media/content/wowproductimages/large/default.png",
    "source_id": "Woolworths - 1076478488",
    "barcode": null,
    "shop": "Woolworths",
    "weight": "1EA",
    "prices": [
      {
        "state": "QLD",
        "price": "2009",
        "price_per_unit": "2009",
        "price_unit": "EA"
      },
      {
        "state": "WA",
        "price": "2009",
        "price_per_unit": "2009",
        "price_unit": "EA"
      },
      {
        "state": "SA",
        "price": "2009",
        "price_per_unit": "2009",
        "price_unit": "EA"
      },
      {
        "state": "TAS",
        "price": "2009",
        "price_per_unit": "2009",
        "price_unit": "EA"
      },
      {
        "state": "ACT",
        "price": "2009",
        "price_per_unit": "2009",
        "price_unit": "EA"
      },
      {
        "state": "NT",
        "price": "2009",
        "price_per_unit": "2009",
        "price_unit": "EA"
      }
    ]
  },
  {
    "source_url": "https://www.woolworths.com.au/shop/productdetails/1076478489/almay-clear-complexion-makeup-30ml-705-toast",
    "name": "Almay Clear Complexion Makeup 30ml 705 TOAST",
    "image_url": "https://cdn1.woolworths.media/content/wowproductimages/large/default.png",
    "source_id": "Woolworths - 1076478489",
    "barcode": null,
    "shop": "Woolworths",
    "weight": "1EA",
    "prices": [
      {
        "state": "QLD",
        "price": "2009",
        "price_per_unit": "2009",
        "price_unit": "EA"
      },
      {
        "state": "WA",
        "price": "2009",
        "price_per_unit": "2009",
        "price_unit": "EA"
      },
      {
        "state": "SA",
        "price": "2009",
        "price_per_unit": "2009",
        "price_unit": "EA"
      },
      {
        "state": "TAS",
        "price": "2009",
        "price_per_unit": "2009",
        "price_unit": "EA"
      },
      {
        "state": "ACT",
        "price": "2009",
        "price_per_unit": "2009",
        "price_unit": "EA"
      },
      {
        "state": "NT",
        "price": "2009",
        "price_per_unit": "2009",
        "price_unit": "EA"
      }
    ]
  },
  {
    "source_url": "https://www.woolworths.com.au/shop/productdetails/1076478490/almay-clear-complexion-makeup-30ml-730-golden-caramel",
    "name": "Almay Clear Complexion Makeup 30ml 730 GOLDEN CARAMEL",
    "image_url": "https://cdn1.woolworths.media/content/wowproductimages/large/default.png",
    "source_id": "Woolworths - 1076478490",
    "barcode": null,
    "shop": "Woolworths",
    "weight": "1EA",
    "prices": [
      {
        "state": "QLD",
        "price": "2009",
        "price_per_unit": "2009",
        "price_unit": "EA"
      },
      {
        "state": "WA",
        "price": "2009",
        "price_per_unit": "2009",
        "price_unit": "EA"
      },
      {
        "state": "SA",
        "price": "2009",
        "price_per_unit": "2009",
        "price_unit": "EA"
      },
      {
        "state": "TAS",
        "price": "2009",
        "price_per_unit": "2009",
        "price_unit": "EA"
      },
      {
        "state": "ACT",
        "price": "2009",
        "price_per_unit": "2009",
        "price_unit": "EA"
      },
      {
        "state": "NT",
        "price": "2009",
        "price_per_unit": "2009",
        "price_unit": "EA"
      }
    ]
  },
  {
    "source_url": "https://www.woolworths.com.au/shop/productdetails/1076478491/almay-clear-complexion-makeup-30ml-800-caramel",
    "name": "Almay Clear Complexion Makeup 30ml 800 CARAMEL",
    "image_url": "https://cdn1.woolworths.media/content/wowproductimages/large/default.png",
    "source_id": "Woolworths - 1076478491",
    "barcode": null,
    "shop": "Woolworths",
    "weight": "1EA",
    "prices": [
      {
        "state": "QLD",
        "price": "2009",
        "price_per_unit": "2009",
        "price_unit": "EA"
      },
      {
        "state": "WA",
        "price": "2009",
        "price_per_unit": "2009",
        "price_unit": "EA"
      },
      {
        "state": "SA",
        "price": "2009",
        "price_per_unit": "2009",
        "price_unit": "EA"
      },
      {
        "state": "TAS",
        "price": "2009",
        "price_per_unit": "2009",
        "price_unit": "EA"
      },
      {
        "state": "ACT",
        "price": "2009",
        "price_per_unit": "2009",
        "price_unit": "EA"
      },
      {
        "state": "NT",
        "price": "2009",
        "price_per_unit": "2009",
        "price_unit": "EA"
      }
    ]
  },
  {
    "source_url": "https://www.woolworths.com.au/shop/productdetails/1076478492/almay-clear-complexion-pressed-powder-8g-400-medium-deep",
    "name": "Almay Clear Complexion Pressed Powder 8g 400 MEDIUM DEEP",
    "image_url": "https://cdn1.woolworths.media/content/wowproductimages/large/default.png",
    "source_id": "Woolworths - 1076478492",
    "barcode": null,
    "shop": "Woolworths",
    "weight": "1EA",
    "prices": [
      {
        "state": "QLD",
        "price": "2037",
        "price_per_unit": "2037",
        "price_unit": "EA"
      },
      {
        "state": "WA",
        "price": "2037",
        "price_per_unit": "2037",
        "price_unit": "EA"
      },
      {
        "state": "SA",
        "price": "2037",
        "price_per_unit": "2037",
        "price_unit": "EA"
      },
      {
        "state": "TAS",
        "price": "2037",
        "price_per_unit": "2037",
        "price_unit": "EA"
      },
      {
        "state": "ACT",
        "price": "2037",
        "price_per_unit": "2037",
        "price_unit": "EA"
      },
      {
        "state": "NT",
        "price": "2037",
        "price_per_unit": "2037",
        "price_unit": "EA"
      }
    ]
  },
  {
    "source_url": "https://www.woolworths.com.au/shop/productdetails/1076478496/almay-clear-complexion-pressed-powder-8g-500-deep",
    "name": "Almay Clear Complexion Pressed Powder 8g 500 DEEP",
    "image_url": "https://cdn1.woolworths.media/content/wowproductimages/large/default.png",
    "source_id": "Woolworths - 1076478496",
    "barcode": null,
    "shop": "Woolworths",
    "weight": "1EA",
    "prices": [
      {
        "state": "QLD",
        "price": "2037",
        "price_per_unit": "2037",
        "price_unit": "EA"
      },
      {
        "state": "WA",
        "price": "2037",
        "price_per_unit": "2037",
        "price_unit": "EA"
      },
      {
        "state": "SA",
        "price": "2037",
        "price_per_unit": "2037",
        "price_unit": "EA"
      },
      {
        "state": "TAS",
        "price": "2037",
        "price_per_unit": "2037",
        "price_unit": "EA"
      },
      {
        "state": "ACT",
        "price": "2037",
        "price_per_unit": "2037",
        "price_unit": "EA"
      },
      {
        "state": "NT",
        "price": "2037",
        "price_per_unit": "2037",
        "price_unit": "EA"
      }
    ]
  },
  {
    "source_url": "https://www.woolworths.com.au/shop/productdetails/1075996749/bareminerals-original-liquid-mineral-concealer-3-5n-medium-tan-6ml-0-2oz",
    "name": "BareMinerals Original Liquid Mineral Concealer - # 3.5N Medium/Tan 6ml/0.2oz",
    "image_url": "https://cdn1.woolworths.media/content/wowproductimages/large/1075996749.jpg",
    "source_id": "Woolworths - 1075996749",
    "barcode": null,
    "shop": "Woolworths",
    "weight": "10ML",
    "prices": [
      {
        "state": "QLD",
        "price": "5300",
        "price_per_unit": "8833",
        "price_unit": "ML"
      },
      {
        "state": "WA",
        "price": "5300",
        "price_per_unit": "8833",
        "price_unit": "ML"
      },
      {
        "state": "SA",
        "price": "5300",
        "price_per_unit": "8833",
        "price_unit": "ML"
      },
      {
        "state": "TAS",
        "price": "5300",
        "price_per_unit": "8833",
        "price_unit": "ML"
      },
      {
        "state": "ACT",
        "price": "5300",
        "price_per_unit": "8833",
        "price_unit": "ML"
      },
      {
        "state": "NT",
        "price": "5300",
        "price_per_unit": "8833",
        "price_unit": "ML"
      }
    ]
  },
  {
    "source_url": "https://www.woolworths.com.au/shop/productdetails/1074926714/givenchy-prisme-libre-blush-4-color-loose-powder-blush-6-flanelle-rubis-brick-red-4x1-5g-0-0525oz",
    "name": "Givenchy Prisme Libre Blush 4 Color Loose Powder Blush - # 6 Flanelle Rubis (Brick Red) 4x1.5g/0.0525oz",
    "image_url": "https://cdn1.woolworths.media/content/wowproductimages/large/1074926714.jpg",
    "source_id": "Woolworths - 1074926714",
    "barcode": null,
    "shop": "Woolworths",
    "weight": "10G",
    "prices": [
      {
        "state": "QLD",
        "price": "8100",
        "price_per_unit": "54000",
        "price_unit": "G"
      },
      {
        "state": "WA",
        "price": "8100",
        "price_per_unit": "54000",
        "price_unit": "G"
      },
      {
        "state": "SA",
        "price": "8100",
        "price_per_unit": "54000",
        "price_unit": "G"
      },
      {
        "state": "TAS",
        "price": "8100",
        "price_per_unit": "54000",
        "price_unit": "G"
      },
      {
        "state": "NT",
        "price": "8100",
        "price_per_unit": "54000",
        "price_unit": "G"
      }
    ]
  },
  {
    "source_url": "https://www.woolworths.com.au/shop/productdetails/1074926716/givenchy-prisme-libre-blush-the-first-4-color-loose-powder-blush-1-mousseline-lilas-4x1-12g-0-15oz",
    "name": "Givenchy Prisme Libre Blush The First 4-Color Loose Powder Blush - # 1 Mousseline Lilas 4x1.12g/0.15oz",
    "image_url": "https://cdn1.woolworths.media/content/wowproductimages/large/1074926716.jpg",
    "source_id": "Woolworths - 1074926716",
    "barcode": null,
    "shop": "Woolworths",
    "weight": "10G",
    "prices": [
      {
        "state": "QLD",
        "price": "8000",
        "price_per_unit": "71429",
        "price_unit": "G"
      },
      {
        "state": "WA",
        "price": "8000",
        "price_per_unit": "71429",
        "price_unit": "G"
      },
      {
        "state": "SA",
        "price": "8000",
        "price_per_unit": "71429",
        "price_unit": "G"
      },
      {
        "state": "TAS",
        "price": "8000",
        "price_per_unit": "71429",
        "price_unit": "G"
      },
      {
        "state": "NT",
        "price": "8000",
        "price_per_unit": "71429",
        "price_unit": "G"
      }
    ]
  },
  {
    "source_url": "https://www.woolworths.com.au/shop/productdetails/1075817194/givenchy-prisme-libre-mat-finish-enhanced-radiance-loose-powder-4-in-1-harmony-1-mousseline-pastel-4x3g-0-105oz",
    "name": "Givenchy Prisme Libre Mat Finish & Enhanced Radiance Loose Powder 4 In 1 Harmony - # 1 Mousseline Pastel 4x3g/0.105oz",
    "image_url": "https://cdn1.woolworths.media/content/wowproductimages/large/1075817194.jpg",
    "source_id": "Woolworths - 1075817194",
    "barcode": null,
    "shop": "Woolworths",
    "weight": "10G",
    "prices": [
      {
        "state": "QLD",
        "price": "9900",
        "price_per_unit": "33000",
        "price_unit": "G"
      },
      {
        "state": "WA",
        "price": "9900",
        "price_per_unit": "33000",
        "price_unit": "G"
      },
      {
        "state": "SA",
        "price": "9900",
        "price_per_unit": "33000",
        "price_unit": "G"
      },
      {
        "state": "TAS",
        "price": "9900",
        "price_per_unit": "33000",
        "price_unit": "G"
      },
      {
        "state": "NT",
        "price": "9900",
        "price_per_unit": "33000",
        "price_unit": "G"
      }
    ]
  },
  {
    "source_url": "https://www.woolworths.com.au/shop/productdetails/1075810203/givenchy-prisme-libre-pressed-powder-2-satin-blanc-9-5g-0-33oz",
    "name": "Givenchy Prisme Libre Pressed Powder - # 2 Satin Blanc 9.5g/0.33oz",
    "image_url": "https://cdn1.woolworths.media/content/wowproductimages/large/1075810203.jpg",
    "source_id": "Woolworths - 1075810203",
    "barcode": null,
    "shop": "Woolworths",
    "weight": "10G",
    "prices": [
      {
        "state": "QLD",
        "price": "8700",
        "price_per_unit": "9158",
        "price_unit": "G"
      },
      {
        "state": "WA",
        "price": "8700",
        "price_per_unit": "9158",
        "price_unit": "G"
      },
      {
        "state": "SA",
        "price": "8700",
        "price_per_unit": "9158",
        "price_unit": "G"
      },
      {
        "state": "TAS",
        "price": "8700",
        "price_per_unit": "9158",
        "price_unit": "G"
      },
      {
        "state": "NT",
        "price": "8700",
        "price_per_unit": "9158",
        "price_unit": "G"
      }
    ]
  },
  {
    "source_url": "https://www.woolworths.com.au/shop/productdetails/1074926727/givenchy-prisme-libre-skin-caring-concealer-c180-light-with-cool-undertones-11ml-0-37oz",
    "name": "Givenchy Prisme Libre Skin Caring Concealer - # C180 Light with Cool Undertones 11ml/0.37oz",
    "image_url": "https://cdn1.woolworths.media/content/wowproductimages/large/1074926727.jpg",
    "source_id": "Woolworths - 1074926727",
    "barcode": null,
    "shop": "Woolworths",
    "weight": "10ML",
    "prices": [
      {
        "state": "QLD",
        "price": "6600",
        "price_per_unit": "6000",
        "price_unit": "ML"
      },
      {
        "state": "WA",
        "price": "6600",
        "price_per_unit": "6000",
        "price_unit": "ML"
      },
      {
        "state": "SA",
        "price": "6600",
        "price_per_unit": "6000",
        "price_unit": "ML"
      },
      {
        "state": "TAS",
        "price": "6600",
        "price_per_unit": "6000",
        "price_unit": "ML"
      },
      {
        "state": "NT",
        "price": "6600",
        "price_per_unit": "6000",
        "price_unit": "ML"
      }
    ]
  },
  {
    "source_url": "https://www.woolworths.com.au/shop/productdetails/1074926728/givenchy-prisme-libre-skin-caring-concealer-n120-light-with-neutral-undertones-11ml-0-37oz",
    "name": "Givenchy Prisme Libre Skin Caring Concealer - # N120 Light with Neutral Undertones 11ml/0.37oz",
    "image_url": "https://cdn1.woolworths.media/content/wowproductimages/large/1074926728.jpg",
    "source_id": "Woolworths - 1074926728",
    "barcode": null,
    "shop": "Woolworths",
    "weight": "10ML",
    "prices": [
      {
        "state": "QLD",
        "price": "7100",
        "price_per_unit": "6455",
        "price_unit": "ML"
      },
      {
        "state": "WA",
        "price": "7100",
        "price_per_unit": "6455",
        "price_unit": "ML"
      },
      {
        "state": "SA",
        "price": "7100",
        "price_per_unit": "6455",
        "price_unit": "ML"
      },
      {
        "state": "TAS",
        "price": "7100",
        "price_per_unit": "6455",
        "price_unit": "ML"
      },
      {
        "state": "NT",
        "price": "7100",
        "price_per_unit": "6455",
        "price_unit": "ML"
      }
    ]
  },
  {
    "source_url": "https://www.woolworths.com.au/shop/productdetails/1075025569/givenchy-prisme-libre-skin-caring-concealer-n250-11ml-0-37oz",
    "name": "Givenchy Prisme Libre Skin Caring Concealer - # N250 11ml/0.37oz",
    "image_url": "https://cdn1.woolworths.media/content/wowproductimages/large/1075025569.jpg",
    "source_id": "Woolworths - 1075025569",
    "barcode": null,
    "shop": "Woolworths",
    "weight": "10ML",
    "prices": [
      {
        "state": "QLD",
        "price": "6600",
        "price_per_unit": "6000",
        "price_unit": "ML"
      },
      {
        "state": "WA",
        "price": "6600",
        "price_per_unit": "6000",
        "price_unit": "ML"
      },
      {
        "state": "SA",
        "price": "6600",
        "price_per_unit": "6000",
        "price_unit": "ML"
      },
      {
        "state": "TAS",
        "price": "6600",
        "price_per_unit": "6000",
        "price_unit": "ML"
      },
      {
        "state": "NT",
        "price": "6600",
        "price_per_unit": "6000",
        "price_unit": "ML"
      }
    ]
  },
  {
    "source_url": "https://www.woolworths.com.au/shop/productdetails/1075025570/givenchy-prisme-libre-skin-caring-concealer-n312-11ml-0-37oz",
    "name": "Givenchy Prisme Libre Skin Caring Concealer - # N312 11ml/0.37oz",
    "image_url": "https://cdn1.woolworths.media/content/wowproductimages/large/1075025570.jpg",
    "source_id": "Woolworths - 1075025570",
    "barcode": null,
    "shop": "Woolworths",
    "weight": "10ML",
    "prices": [
      {
        "state": "QLD",
        "price": "6600",
        "price_per_unit": "6000",
        "price_unit": "ML"
      },
      {
        "state": "WA",
        "price": "6600",
        "price_per_unit": "6000",
        "price_unit": "ML"
      },
      {
        "state": "SA",
        "price": "6600",
        "price_per_unit": "6000",
        "price_unit": "ML"
      },
      {
        "state": "TAS",
        "price": "6600",
        "price_per_unit": "6000",
        "price_unit": "ML"
      },
      {
        "state": "NT",
        "price": "6600",
        "price_per_unit": "6000",
        "price_unit": "ML"
      }
    ]
  },
  {
    "source_url": "https://www.woolworths.com.au/shop/productdetails/1074926729/givenchy-prisme-libre-skin-caring-concealer-n95-very-fair-with-neutral-undertones-11ml-0-37oz",
    "name": "Givenchy Prisme Libre Skin Caring Concealer - # N95 Very Fair with Neutral Undertones 11ml/0.37oz",
    "image_url": "https://cdn1.woolworths.media/content/wowproductimages/large/1074926729.jpg",
    "source_id": "Woolworths - 1074926729",
    "barcode": null,
    "shop": "Woolworths",
    "weight": "10ML",
    "prices": [
      {
        "state": "QLD",
        "price": "7100",
        "price_per_unit": "6455",
        "price_unit": "ML"
      },
      {
        "state": "WA",
        "price": "7100",
        "price_per_unit": "6455",
        "price_unit": "ML"
      },
      {
        "state": "SA",
        "price": "7100",
        "price_per_unit": "6455",
        "price_unit": "ML"
      },
      {
        "state": "TAS",
        "price": "7100",
        "price_per_unit": "6455",
        "price_unit": "ML"
      },
      {
        "state": "NT",
        "price": "7100",
        "price_per_unit": "6455",
        "price_unit": "ML"
      }
    ]
  },
  {
    "source_url": "https://www.woolworths.com.au/shop/productdetails/1074926730/givenchy-prisme-libre-skin-caring-concealer-w100-fair-with-warm-undertones-11ml-0-37oz",
    "name": "Givenchy Prisme Libre Skin Caring Concealer - # W100 Fair with Warm Undertones 11ml/0.37oz",
    "image_url": "https://cdn1.woolworths.media/content/wowproductimages/large/1074926730.jpg",
    "source_id": "Woolworths - 1074926730",
    "barcode": null,
    "shop": "Woolworths",
    "weight": "10ML",
    "prices": [
      {
        "state": "QLD",
        "price": "6600",
        "price_per_unit": "6000",
        "price_unit": "ML"
      },
      {
        "state": "WA",
        "price": "6600",
        "price_per_unit": "6000",
        "price_unit": "ML"
      },
      {
        "state": "SA",
        "price": "6600",
        "price_per_unit": "6000",
        "price_unit": "ML"
      },
      {
        "state": "TAS",
        "price": "6600",
        "price_per_unit": "6000",
        "price_unit": "ML"
      },
      {
        "state": "NT",
        "price": "6600",
        "price_per_unit": "6000",
        "price_unit": "ML"
      }
    ]
  },
  {
    "source_url": "https://www.woolworths.com.au/shop/productdetails/1074926731/givenchy-prisme-libre-skin-caring-concealer-w110-fair-to-light-with-warm-undertones-11ml-0-37oz",
    "name": "Givenchy Prisme Libre Skin Caring Concealer - #W110 Fair To Light with Warm Undertones 11ml/0.37oz",
    "image_url": "https://cdn1.woolworths.media/content/wowproductimages/large/1074926731.jpg",
    "source_id": "Woolworths - 1074926731",
    "barcode": null,
    "shop": "Woolworths",
    "weight": "10ML",
    "prices": [
      {
        "state": "QLD",
        "price": "6600",
        "price_per_unit": "6000",
        "price_unit": "ML"
      },
      {
        "state": "WA",
        "price": "6600",
        "price_per_unit": "6000",
        "price_unit": "ML"
      },
      {
        "state": "SA",
        "price": "6600",
        "price_per_unit": "6000",
        "price_unit": "ML"
      },
      {
        "state": "TAS",
        "price": "6600",
        "price_per_unit": "6000",
        "price_unit": "ML"
      },
      {
        "state": "NT",
        "price": "6600",
        "price_per_unit": "6000",
        "price_unit": "ML"
      }
    ]
  },
  {
    "source_url": "https://www.woolworths.com.au/shop/productdetails/1075209973/givenchy-prisme-libre-skin-caring-corrector-blue-11ml-0-37oz",
    "name": "Givenchy Prisme Libre Skin Caring Corrector - # Blue 11ml/0.37oz",
    "image_url": "https://cdn1.woolworths.media/content/wowproductimages/large/1075209973.jpg",
    "source_id": "Woolworths - 1075209973",
    "barcode": null,
    "shop": "Woolworths",
    "weight": "10ML",
    "prices": [
      {
        "state": "QLD",
        "price": "6600",
        "price_per_unit": "6000",
        "price_unit": "ML"
      },
      {
        "state": "WA",
        "price": "6600",
        "price_per_unit": "6000",
        "price_unit": "ML"
      },
      {
        "state": "SA",
        "price": "6600",
        "price_per_unit": "6000",
        "price_unit": "ML"
      },
      {
        "state": "TAS",
        "price": "6600",
        "price_per_unit": "6000",
        "price_unit": "ML"
      },
      {
        "state": "NT",
        "price": "6600",
        "price_per_unit": "6000",
        "price_unit": "ML"
      }
    ]
  },
  {
    "source_url": "https://www.woolworths.com.au/shop/productdetails/1075209974/givenchy-prisme-libre-skin-caring-corrector-green-11ml-0-37oz",
    "name": "Givenchy Prisme Libre Skin Caring Corrector - # Green 11ml/0.37oz",
    "image_url": "https://cdn1.woolworths.media/content/wowproductimages/large/1075209974.jpg",
    "source_id": "Woolworths - 1075209974",
    "barcode": null,
    "shop": "Woolworths",
    "weight": "10ML",
    "prices": [
      {
        "state": "QLD",
        "price": "6600",
        "price_per_unit": "6000",
        "price_unit": "ML"
      },
      {
        "state": "WA",
        "price": "6600",
        "price_per_unit": "6000",
        "price_unit": "ML"
      },
      {
        "state": "TAS",
        "price": "6600",
        "price_per_unit": "6000",
        "price_unit": "ML"
      },
      {
        "state": "NT",
        "price": "6600",
        "price_per_unit": "6000",
        "price_unit": "ML"
      }
    ]
  },
  {
    "source_url": "https://www.woolworths.com.au/shop/productdetails/1075025571/givenchy-prisme-libre-skin-caring-corrector-peach-11ml-0-37oz",
    "name": "Givenchy Prisme Libre Skin Caring Corrector - # Peach 11ml/0.37oz",
    "image_url": "https://cdn1.woolworths.media/content/wowproductimages/large/1075025571.jpg",
    "source_id": "Woolworths - 1075025571",
    "barcode": null,
    "shop": "Woolworths",
    "weight": "10ML",
    "prices": [
      {
        "state": "QLD",
        "price": "6600",
        "price_per_unit": "6000",
        "price_unit": "ML"
      },
      {
        "state": "WA",
        "price": "6600",
        "price_per_unit": "6000",
        "price_unit": "ML"
      },
      {
        "state": "TAS",
        "price": "6600",
        "price_per_unit": "6000",
        "price_unit": "ML"
      },
      {
        "state": "NT",
        "price": "6600",
        "price_per_unit": "6000",
        "price_unit": "ML"
      }
    ]
  },
  {
    "source_url": "https://www.woolworths.com.au/shop/productdetails/1074926732/givenchy-prisme-libre-skin-caring-glow-foundation-1-c105-30ml-1oz",
    "name": "Givenchy Prisme Libre Skin Caring Glow Foundation - # 1-C105 30ml/1oz",
    "image_url": "https://cdn1.woolworths.media/content/wowproductimages/large/1074926732.jpg",
    "source_id": "Woolworths - 1074926732",
    "barcode": null,
    "shop": "Woolworths",
    "weight": "10ML",
    "prices": [
      {
        "state": "QLD",
        "price": "9100",
        "price_per_unit": "3033",
        "price_unit": "ML"
      },
      {
        "state": "WA",
        "price": "9100",
        "price_per_unit": "3033",
        "price_unit": "ML"
      },
      {
        "state": "TAS",
        "price": "9100",
        "price_per_unit": "3033",
        "price_unit": "ML"
      },
      {
        "state": "NT",
        "price": "9100",
        "price_per_unit": "3033",
        "price_unit": "ML"
      }
    ]
  },
  {
    "source_url": "https://www.woolworths.com.au/shop/productdetails/1074926734/givenchy-prisme-libre-skin-caring-glow-foundation-1-w105-30ml-1oz",
    "name": "Givenchy Prisme Libre Skin Caring Glow Foundation - # 1-W105 30ml/1oz",
    "image_url": "https://cdn1.woolworths.media/content/wowproductimages/large/1074926734.jpg",
    "source_id": "Woolworths - 1074926734",
    "barcode": null,
    "shop": "Woolworths",
    "weight": "10ML",
    "prices": [
      {
        "state": "QLD",
        "price": "8600",
        "price_per_unit": "2867",
        "price_unit": "ML"
      },
      {
        "state": "WA",
        "price": "8600",
        "price_per_unit": "2867",
        "price_unit": "ML"
      },
      {
        "state": "TAS",
        "price": "8600",
        "price_per_unit": "2867",
        "price_unit": "ML"
      },
      {
        "state": "NT",
        "price": "8600",
        "price_per_unit": "2867",
        "price_unit": "ML"
      }
    ]
  },
  {
    "source_url": "https://www.woolworths.com.au/shop/productdetails/1074926735/givenchy-prisme-libre-skin-caring-glow-foundation-2-n120-30ml-1oz",
    "name": "Givenchy Prisme Libre Skin Caring Glow Foundation - # 2-N120 30ml/1oz",
    "image_url": "https://cdn1.woolworths.media/content/wowproductimages/large/1074926735.jpg",
    "source_id": "Woolworths - 1074926735",
    "barcode": null,
    "shop": "Woolworths",
    "weight": "10ML",
    "prices": [
      {
        "state": "QLD",
        "price": "8400",
        "price_per_unit": "2800",
        "price_unit": "ML"
      },
      {
        "state": "WA",
        "price": "8400",
        "price_per_unit": "2800",
        "price_unit": "ML"
      },
      {
        "state": "TAS",
        "price": "8400",
        "price_per_unit": "2800",
        "price_unit": "ML"
      },
      {
        "state": "NT",
        "price": "8400",
        "price_per_unit": "2800",
        "price_unit": "ML"
      }
    ]
  },
  {
    "source_url": "https://www.woolworths.com.au/shop/productdetails/1074926736/givenchy-prisme-libre-skin-caring-glow-foundation-2-w110-30ml-1oz",
    "name": "Givenchy Prisme Libre Skin Caring Glow Foundation - # 2-W110 30ml/1oz",
    "image_url": "https://cdn1.woolworths.media/content/wowproductimages/large/1074926736.jpg",
    "source_id": "Woolworths - 1074926736",
    "barcode": null,
    "shop": "Woolworths",
    "weight": "10ML",
    "prices": [
      {
        "state": "QLD",
        "price": "8300",
        "price_per_unit": "2767",
        "price_unit": "ML"
      },
      {
        "state": "WA",
        "price": "8300",
        "price_per_unit": "2767",
        "price_unit": "ML"
      },
      {
        "state": "TAS",
        "price": "8300",
        "price_per_unit": "2767",
        "price_unit": "ML"
      },
      {
        "state": "NT",
        "price": "8300",
        "price_per_unit": "2767",
        "price_unit": "ML"
      }
    ]
  },
  {
    "source_url": "https://www.woolworths.com.au/shop/productdetails/1074926747/glo-skin-beauty-blush-duo-1x-blush-1x-cream-blush-getaway-glow-2x3-4g-0-12oz",
    "name": "Glo Skin Beauty Blush Duo (1x Blush + 1x Cream Blush) - # Getaway Glow 2x3.4g/0.12oz",
    "image_url": "https://cdn1.woolworths.media/content/wowproductimages/large/1074926747.jpg",
    "source_id": "Woolworths - 1074926747",
    "barcode": null,
    "shop": "Woolworths",
    "weight": "10G",
    "prices": [
      {
        "state": "QLD",
        "price": "7900",
        "price_per_unit": "23235",
        "price_unit": "G"
      },
      {
        "state": "WA",
        "price": "7900",
        "price_per_unit": "23235",
        "price_unit": "G"
      },
      {
        "state": "TAS",
        "price": "7900",
        "price_per_unit": "23235",
        "price_unit": "G"
      },
      {
        "state": "NT",
        "price": "7900",
        "price_per_unit": "23235",
        "price_unit": "G"
      }
    ]
  },
  {
    "source_url": "https://www.woolworths.com.au/shop/productdetails/1076478572/almay-pressed-powder-5-7g-100-my-best-light",
    "name": "Almay Pressed Powder 5.7g 100 MY BEST LIGHT",
    "image_url": "https://cdn1.woolworths.media/content/wowproductimages/large/1076478572.jpg",
    "source_id": "Woolworths - 1076478572",
    "barcode": null,
    "shop": "Woolworths",
    "weight": "1EA",
    "prices": [
      {
        "state": "WA",
        "price": "2203",
        "price_per_unit": "2203",
        "price_unit": "EA"
      },
      {
        "state": "SA",
        "price": "2203",
        "price_per_unit": "2203",
        "price_unit": "EA"
      },
      {
        "state": "TAS",
        "price": "2203",
        "price_per_unit": "2203",
        "price_unit": "EA"
      },
      {
        "state": "ACT",
        "price": "2203",
        "price_per_unit": "2203",
        "price_unit": "EA"
      },
      {
        "state": "NT",
        "price": "2203",
        "price_per_unit": "2203",
        "price_unit": "EA"
      }
    ]
  },
  {
    "source_url": "https://www.woolworths.com.au/shop/productdetails/1076478574/almay-pressed-powder-5-7g-200-light-medium-mine",
    "name": "Almay Pressed Powder 5.7g 200 LIGHT, MEDIUM MINE",
    "image_url": "https://cdn1.woolworths.media/content/wowproductimages/large/1076478574.jpg",
    "source_id": "Woolworths - 1076478574",
    "barcode": null,
    "shop": "Woolworths",
    "weight": "1EA",
    "prices": [
      {
        "state": "WA",
        "price": "2203",
        "price_per_unit": "2203",
        "price_unit": "EA"
      },
      {
        "state": "SA",
        "price": "2203",
        "price_per_unit": "2203",
        "price_unit": "EA"
      },
      {
        "state": "TAS",
        "price": "2203",
        "price_per_unit": "2203",
        "price_unit": "EA"
      },
      {
        "state": "ACT",
        "price": "2203",
        "price_per_unit": "2203",
        "price_unit": "EA"
      },
      {
        "state": "NT",
        "price": "2203",
        "price_per_unit": "2203",
        "price_unit": "EA"
      }
    ]
  },
  {
    "source_url": "https://www.woolworths.com.au/shop/productdetails/1076478575/almay-smart-shade-cc-luminous-primer-spf15-30ml",
    "name": "Almay Smart Shade CC Luminous Primer SPF15 30ml",
    "image_url": "https://cdn1.woolworths.media/content/wowproductimages/large/1076478575.jpg",
    "source_id": "Woolworths - 1076478575",
    "barcode": null,
    "shop": "Woolworths",
    "weight": "1EA",
    "prices": [
      {
        "state": "WA",
        "price": "1856",
        "price_per_unit": "1856",
        "price_unit": "EA"
      },
      {
        "state": "SA",
        "price": "1856",
        "price_per_unit": "1856",
        "price_unit": "EA"
      },
      {
        "state": "TAS",
        "price": "1856",
        "price_per_unit": "1856",
        "price_unit": "EA"
      },
      {
        "state": "ACT",
        "price": "1856",
        "price_per_unit": "1856",
        "price_unit": "EA"
      },
      {
        "state": "NT",
        "price": "1856",
        "price_per_unit": "1856",
        "price_unit": "EA"
      }
    ]
  },
  {
    "source_url": "https://www.woolworths.com.au/shop/productdetails/1076478600/australis-fresh-flawless-full-coverage-foundation-30ml-caramel",
    "name": "Australis Fresh & Flawless Full Coverage Foundation 30ml CARAMEL",
    "image_url": "https://cdn1.woolworths.media/content/wowproductimages/large/1076478600.jpg",
    "source_id": "Woolworths - 1076478600",
    "barcode": null,
    "shop": "Woolworths",
    "weight": "10ML",
    "prices": [
      {
        "state": "WA",
        "price": "1352",
        "price_per_unit": "451",
        "price_unit": "ML"
      },
      {
        "state": "SA",
        "price": "1352",
        "price_per_unit": "451",
        "price_unit": "ML"
      },
      {
        "state": "TAS",
        "price": "1352",
        "price_per_unit": "451",
        "price_unit": "ML"
      },
      {
        "state": "ACT",
        "price": "1352",
        "price_per_unit": "451",
        "price_unit": "ML"
      },
      {
        "state": "NT",
        "price": "1352",
        "price_per_unit": "451",
        "price_unit": "ML"
      }
    ]
  },
  {
    "source_url": "https://www.woolworths.com.au/shop/productdetails/1076478601/australis-fresh-flawless-full-coverage-foundation-30ml-deep-tan",
    "name": "Australis Fresh & Flawless Full Coverage Foundation 30ml DEEP TAN",
    "image_url": "https://cdn1.woolworths.media/content/wowproductimages/large/1076478601.jpg",
    "source_id": "Woolworths - 1076478601",
    "barcode": null,
    "shop": "Woolworths",
    "weight": "10ML",
    "prices": [
      {
        "state": "WA",
        "price": "1352",
        "price_per_unit": "451",
        "price_unit": "ML"
      },
      {
        "state": "SA",
        "price": "1352",
        "price_per_unit": "451",
        "price_unit": "ML"
      },
      {
        "state": "TAS",
        "price": "1352",
        "price_per_unit": "451",
        "price_unit": "ML"
      },
      {
        "state": "ACT",
        "price": "1352",
        "price_per_unit": "451",
        "price_unit": "ML"
      },
      {
        "state": "NT",
        "price": "1352",
        "price_per_unit": "451",
        "price_unit": "ML"
      }
    ]
  },
  {
    "source_url": "https://www.woolworths.com.au/shop/productdetails/1076478602/australis-fresh-flawless-full-coverage-foundation-30ml-fawn",
    "name": "Australis Fresh & Flawless Full Coverage Foundation 30ml FAWN",
    "image_url": "https://cdn1.woolworths.media/content/wowproductimages/large/1076478602.jpg",
    "source_id": "Woolworths - 1076478602",
    "barcode": null,
    "shop": "Woolworths",
    "weight": "10ML",
    "prices": [
      {
        "state": "WA",
        "price": "1352",
        "price_per_unit": "451",
        "price_unit": "ML"
      },
      {
        "state": "SA",
        "price": "1352",
        "price_per_unit": "451",
        "price_unit": "ML"
      },
      {
        "state": "TAS",
        "price": "1352",
        "price_per_unit": "451",
        "price_unit": "ML"
      },
      {
        "state": "ACT",
        "price": "1352",
        "price_per_unit": "451",
        "price_unit": "ML"
      },
      {
        "state": "NT",
        "price": "1352",
        "price_per_unit": "451",
        "price_unit": "ML"
      }
    ]
  },
  {
    "source_url": "https://www.woolworths.com.au/shop/productdetails/1076478603/australis-fresh-flawless-full-coverage-foundation-30ml-golden-beige",
    "name": "Australis Fresh & Flawless Full Coverage Foundation 30ml GOLDEN BEIGE",
    "image_url": "https://cdn1.woolworths.media/content/wowproductimages/large/1076478603.jpg",
    "source_id": "Woolworths - 1076478603",
    "barcode": null,
    "shop": "Woolworths",
    "weight": "10ML",
    "prices": [
      {
        "state": "WA",
        "price": "1352",
        "price_per_unit": "451",
        "price_unit": "ML"
      },
      {
        "state": "SA",
        "price": "1352",
        "price_per_unit": "451",
        "price_unit": "ML"
      },
      {
        "state": "TAS",
        "price": "1352",
        "price_per_unit": "451",
        "price_unit": "ML"
      },
      {
        "state": "ACT",
        "price": "1352",
        "price_per_unit": "451",
        "price_unit": "ML"
      },
      {
        "state": "NT",
        "price": "1352",
        "price_per_unit": "451",
        "price_unit": "ML"
      }
    ]
  },
  {
    "source_url": "https://www.woolworths.com.au/shop/productdetails/1076478604/australis-fresh-flawless-full-coverage-foundation-30ml-golden-tan",
    "name": "Australis Fresh & Flawless Full Coverage Foundation 30ml GOLDEN TAN",
    "image_url": "https://cdn1.woolworths.media/content/wowproductimages/large/1076478604.jpg",
    "source_id": "Woolworths - 1076478604",
    "barcode": null,
    "shop": "Woolworths",
    "weight": "10ML",
    "prices": [
      {
        "state": "WA",
        "price": "1352",
        "price_per_unit": "451",
        "price_unit": "ML"
      },
      {
        "state": "SA",
        "price": "1352",
        "price_per_unit": "451",
        "price_unit": "ML"
      },
      {
        "state": "TAS",
        "price": "1352",
        "price_per_unit": "451",
        "price_unit": "ML"
      },
      {
        "state": "ACT",
        "price": "1352",
        "price_per_unit": "451",
        "price_unit": "ML"
      },
      {
        "state": "NT",
        "price": "1352",
        "price_per_unit": "451",
        "price_unit": "ML"
      }
    ]
  },
  {
    "source_url": "https://www.woolworths.com.au/shop/productdetails/1076478605/australis-fresh-flawless-full-coverage-foundation-30ml-sunkissed",
    "name": "Australis Fresh & Flawless Full Coverage Foundation 30ml SUNKISSED",
    "image_url": "https://cdn1.woolworths.media/content/wowproductimages/large/1076478605.jpg",
    "source_id": "Woolworths - 1076478605",
    "barcode": null,
    "shop": "Woolworths",
    "weight": "10ML",
    "prices": [
      {
        "state": "WA",
        "price": "1352",
        "price_per_unit": "451",
        "price_unit": "ML"
      },
      {
        "state": "SA",
        "price": "1352",
        "price_per_unit": "451",
        "price_unit": "ML"
      },
      {
        "state": "TAS",
        "price": "1352",
        "price_per_unit": "451",
        "price_unit": "ML"
      },
      {
        "state": "ACT",
        "price": "1352",
        "price_per_unit": "451",
        "price_unit": "ML"
      },
      {
        "state": "NT",
        "price": "1352",
        "price_per_unit": "451",
        "price_unit": "ML"
      }
    ]
  },
  {
    "source_url": "https://www.woolworths.com.au/shop/productdetails/1076478607/australis-fresh-flawless-full-coverage-foundation-30ml-tawny",
    "name": "Australis Fresh & Flawless Full Coverage Foundation 30ml TAWNY",
    "image_url": "https://cdn1.woolworths.media/content/wowproductimages/large/1076478607.jpg",
    "source_id": "Woolworths - 1076478607",
    "barcode": null,
    "shop": "Woolworths",
    "weight": "10ML",
    "prices": [
      {
        "state": "WA",
        "price": "1352",
        "price_per_unit": "451",
        "price_unit": "ML"
      },
      {
        "state": "SA",
        "price": "1352",
        "price_per_unit": "451",
        "price_unit": "ML"
      },
      {
        "state": "TAS",
        "price": "1352",
        "price_per_unit": "451",
        "price_unit": "ML"
      },
      {
        "state": "ACT",
        "price": "1352",
        "price_per_unit": "451",
        "price_unit": "ML"
      },
      {
        "state": "NT",
        "price": "1352",
        "price_per_unit": "451",
        "price_unit": "ML"
      }
    ]
  },
  {
    "source_url": "https://www.woolworths.com.au/shop/productdetails/1076478610/australis-fresh-flawless-full-coverage-foundation-30ml-toffee",
    "name": "Australis Fresh & Flawless Full Coverage Foundation 30ml TOFFEE",
    "image_url": "https://cdn1.woolworths.media/content/wowproductimages/large/1076478610.jpg",
    "source_id": "Woolworths - 1076478610",
    "barcode": null,
    "shop": "Woolworths",
    "weight": "10ML",
    "prices": [
      {
        "state": "WA",
        "price": "1352",
        "price_per_unit": "451",
        "price_unit": "ML"
      },
      {
        "state": "SA",
        "price": "1352",
        "price_per_unit": "451",
        "price_unit": "ML"
      },
      {
        "state": "TAS",
        "price": "1352",
        "price_per_unit": "451",
        "price_unit": "ML"
      },
      {
        "state": "ACT",
        "price": "1352",
        "price_per_unit": "451",
        "price_unit": "ML"
      },
      {
        "state": "NT",
        "price": "1352",
        "price_per_unit": "451",
        "price_unit": "ML"
      }
    ]
  },
  {
    "source_url": "https://www.woolworths.com.au/shop/productdetails/1076478611/australis-fresh-flawless-full-coverage-foundation-30ml-warm-sand",
    "name": "Australis Fresh & Flawless Full Coverage Foundation 30ml WARM SAND",
    "image_url": "https://cdn1.woolworths.media/content/wowproductimages/large/1076478611.jpg",
    "source_id": "Woolworths - 1076478611",
    "barcode": null,
    "shop": "Woolworths",
    "weight": "10ML",
    "prices": [
      {
        "state": "WA",
        "price": "1352",
        "price_per_unit": "451",
        "price_unit": "ML"
      },
      {
        "state": "SA",
        "price": "1352",
        "price_per_unit": "451",
        "price_unit": "ML"
      },
      {
        "state": "TAS",
        "price": "1352",
        "price_per_unit": "451",
        "price_unit": "ML"
      },
      {
        "state": "ACT",
        "price": "1352",
        "price_per_unit": "451",
        "price_unit": "ML"
      },
      {
        "state": "NT",
        "price": "1352",
        "price_per_unit": "451",
        "price_unit": "ML"
      }
    ]
  },
  {
    "source_url": "https://www.woolworths.com.au/shop/productdetails/1076478671/covergirl-clean-fresh-hydrating-concealer-7ml-350-light-medium",
    "name": "Covergirl Clean Fresh Hydrating Concealer 7ml 350 LIGHT MEDIUM",
    "image_url": "https://cdn1.woolworths.media/content/wowproductimages/large/default.png",
    "source_id": "Woolworths - 1076478671",
    "barcode": null,
    "shop": "Woolworths",
    "weight": "1EA",
    "prices": [
      {
        "state": "SA",
        "price": "1753",
        "price_per_unit": "1753",
        "price_unit": "EA"
      },
      {
        "state": "TAS",
        "price": "1753",
        "price_per_unit": "1753",
        "price_unit": "EA"
      },
      {
        "state": "ACT",
        "price": "1753",
        "price_per_unit": "1753",
        "price_unit": "EA"
      },
      {
        "state": "NT",
        "price": "1753",
        "price_per_unit": "1753",
        "price_unit": "EA"
      }
    ]
  },
  {
    "source_url": "https://www.woolworths.com.au/shop/productdetails/1076478672/covergirl-clean-fresh-hydrating-concealer-7ml-360-medium",
    "name": "Covergirl Clean Fresh Hydrating Concealer 7ml 360 MEDIUM",
    "image_url": "https://cdn1.woolworths.media/content/wowproductimages/large/default.png",
    "source_id": "Woolworths - 1076478672",
    "barcode": null,
    "shop": "Woolworths",
    "weight": "1EA",
    "prices": [
      {
        "state": "SA",
        "price": "1753",
        "price_per_unit": "1753",
        "price_unit": "EA"
      },
      {
        "state": "TAS",
        "price": "1753",
        "price_per_unit": "1753",
        "price_unit": "EA"
      },
      {
        "state": "ACT",
        "price": "1753",
        "price_per_unit": "1753",
        "price_unit": "EA"
      },
      {
        "state": "NT",
        "price": "1753",
        "price_per_unit": "1753",
        "price_unit": "EA"
      }
    ]
  },
  {
    "source_url": "https://www.woolworths.com.au/shop/productdetails/1076478673/covergirl-clean-fresh-skin-milk-nourishing-foundation-30ml-590-tan",
    "name": "Covergirl Clean Fresh Skin Milk Nourishing Foundation 30ml 590 TAN",
    "image_url": "https://cdn1.woolworths.media/content/wowproductimages/large/default.png",
    "source_id": "Woolworths - 1076478673",
    "barcode": null,
    "shop": "Woolworths",
    "weight": "1EA",
    "prices": [
      {
        "state": "SA",
        "price": "1753",
        "price_per_unit": "1753",
        "price_unit": "EA"
      },
      {
        "state": "TAS",
        "price": "1753",
        "price_per_unit": "1753",
        "price_unit": "EA"
      },
      {
        "state": "ACT",
        "price": "1753",
        "price_per_unit": "1753",
        "price_unit": "EA"
      },
      {
        "state": "NT",
        "price": "1753",
        "price_per_unit": "1753",
        "price_unit": "EA"
      }
    ]
  }
]