[
  {
    "source_url": "https://www.woolworths.com.au/shop/productdetails/1075346422/abache-organics-amazon-hair-oils-60ml",
    "name": "Abache Organics Amazon Hair Oils 60mL",
    "image_url": "https://cdn1.woolworths.media/content/wowproductimages/large/1075346422.jpg",
    "source_id": "Woolworths - 1075346422",
    "barcode": null,
    "shop": "Woolworths",
    "weight": "100ML",
    "prices": [
      {
        "state": "NSW",
        "price": "3196",
        "price_per_unit": "5327",
        "price_unit": "ML"
      },
      {
        "state": "VIC",
        "price": "3196",
        "price_per_unit": "5327",
        "price_unit": "ML"
      },
      {
        "state": "QLD",
        "price": "3196",
        "price_per_unit": "5327",
        "price_unit": "ML"
      },
      {
        "state": "WA",
        "price": "3196",
        "price_per_unit": "5327",
        "price_unit": "ML"
      },
      {
        "state": "SA",
        "price": "3196",
        "price_per_unit": "5327",
        "price_unit": "ML"
      },
      {
        "state": "TAS",
        "price": "3196",
        "price_per_unit": "5327",
        "price_unit": "ML"
      },
      {
        "state": "ACT",
        "price": "3196",
        "price_per_unit": "5327",
        "price_unit": "ML"
      },
      {
        "state": "NT",
        "price": "3196",
        "price_per_unit": "5327",
        "price_unit": "ML"
      }
    ]
  },
  {
    "source_url": "https://www.woolworths.com.au/shop/productdetails/1075477186/abache-organics-fine-elements-root-boost-spritz-125ml",
    "name": "Abache Organics Fine Elements Root Boost Spritz 125ml",
    "image_url": "https://cdn1.woolworths.media/content/wowproductimages/large/1075477186.jpg",
    "source_id": "Woolworths - 1075477186",
    "barcode": null,
    "shop": "Woolworths",
    "weight": "100ML",
    "prices": [
      {
        "state": "NSW",
        "price": "2396",
        "price_per_unit": "1917",
        "price_unit": "ML"
      },
      {
        "state": "VIC",
        "price": "2396",
        "price_per_unit": "1917",
        "price_unit": "ML"
      },
      {
        "state": "QLD",
        "price": "2396",
        "price_per_unit": "1917",
        "price_unit": "ML"
      },
      {
        "state": "WA",
        "price": "2396",
        "price_per_unit": "1917",
        "price_unit": "ML"
      },
      {
        "state": "SA",
        "price": "2396",
        "price_per_unit": "1917",
        "price_unit": "ML"
      },
      {
        "state": "TAS",
        "price": "2396",
        "price_per_unit": "1917",
        "price_unit": "ML"
      },
      {
        "state": "ACT",
        "price": "2396",
        "price_per_unit": "1917",
        "price_unit": "ML"
      },
      {
        "state": "NT",
        "price": "2396",
        "price_per_unit": "1917",
        "price_unit": "ML"
      }
    ]
  },
  {
    "source_url": "https://www.woolworths.com.au/shop/productdetails/1075345526/abache-organics-magic-thermal-styling-gel-125ml",
    "name": "Abache Organics Magic Thermal Styling Gel 125ml",
    "image_url": "https://cdn1.woolworths.media/content/wowproductimages/large/1075345526.jpg",
    "source_id": "Woolworths - 1075345526",
    "barcode": null,
    "shop": "Woolworths",
    "weight": "100ML",
    "prices": [
      {
        "state": "NSW",
        "price": "2316",
        "price_per_unit": "1853",
        "price_unit": "ML"
      },
      {
        "state": "VIC",
        "price": "2316",
        "price_per_unit": "1853",
        "price_unit": "ML"
      },
      {
        "state": "QLD",
        "price": "2316",
        "price_per_unit": "1853",
        "price_unit": "ML"
      },
      {
        "state": "WA",
        "price": "2316",
        "price_per_unit": "1853",
        "price_unit": "ML"
      },
      {
        "state": "SA",
        "price": "2316",
        "price_per_unit": "1853",
        "price_unit": "ML"
      },
      {
        "state": "TAS",
        "price": "2316",
        "price_per_unit": "1853",
        "price_unit": "ML"
      },
      {
        "state": "ACT",
        "price": "2316",
        "price_per_unit": "1853",
        "price_unit": "ML"
      },
      {
        "state": "NT",
        "price": "2316",
        "price_per_unit": "1853",
        "price_unit": "ML"
      }
    ]
  },
  {
    "source_url": "https://www.woolworths.com.au/shop/productdetails/1074924100/agadir-argan-oil-agadir-men-oud-wood-firm-hold-gel-198ml-6-7oz",
    "name": "Agadir Argan Oil Agadir Men Oud Wood Firm Hold Gel 198ml/6.7oz",
    "image_url": "https://cdn1.woolworths.media/content/wowproductimages/large/1074924100.jpg",
    "source_id": "Woolworths - 1074924100",
    "barcode": null,
    "shop": "Woolworths",
    "weight": "100ML",
    "prices": [
      {
        "state": "NSW",
        "price": "3400",
        "price_per_unit": "1717",
        "price_unit": "ML"
      },
      {
        "state": "VIC",
        "price": "3400",
        "price_per_unit": "1717",
        "price_unit": "ML"
      },
      {
        "state": "QLD",
        "price": "3400",
        "price_per_unit": "1717",
        "price_unit": "ML"
      },
      {
        "state": "WA",
        "price": "3400",
        "price_per_unit": "1717",
        "price_unit": "ML"
      },
      {
        "state": "SA",
        "price": "3400",
        "price_per_unit": "1717",
        "price_unit": "ML"
      },
      {
        "state": "TAS",
        "price": "3400",
        "price_per_unit": "1717",
        "price_unit": "ML"
      },
      {
        "state": "ACT",
        "price": "3400",
        "price_per_unit": "1717",
        "price_unit": "ML"
      },
      {
        "state": "NT",
        "price": "3400",
        "price_per_unit": "1717",
        "price_unit": "ML"
      }
    ]
  },
  {
    "source_url": "https://www.woolworths.com.au/shop/productdetails/1074005655/alba-spray-tan-machine-hvlp-spray-gun-sunless-tanning-fine-mist-4-speed-black",
    "name": "Alba. Spray Tan Machine HVLP Spray Gun Sunless Tanning Fine Mist 4 speed Black",
    "image_url": "https://cdn1.woolworths.media/content/wowproductimages/large/1074005655.jpg",
    "source_id": "Woolworths - 1074005655",
    "barcode": null,
    "shop": "Woolworths",
    "weight": null,
    "prices": []
  },
  {
    "source_url": "https://www.woolworths.com.au/shop/productdetails/1074005649/alba-spray-tan-machine-kit-hvlp-spray-gun-sunless-fine-mist-tanning-warm-air",
    "name": "Alba. Spray Tan Machine Kit HVLP Spray Gun Sunless fine mist Tanning Warm Air",
    "image_url": "https://cdn1.woolworths.media/content/wowproductimages/large/1074005649.jpg",
    "source_id": "Woolworths - 1074005649",
    "barcode": null,
    "shop": "Woolworths",
    "weight": null,
    "prices": []
  },
  {
    "source_url": "https://www.woolworths.com.au/shop/productdetails/1074005645/alba-spray-tanning-machine-spray-gun-sunless-tan-kit-700w-hvlp-system-black",
    "name": "Alba. Spray Tanning Machine Spray Gun Sunless Tan Kit 700W HVLP System Black",
    "image_url": "https://cdn1.woolworths.media/content/wowproductimages/large/1074005645.jpg",
    "source_id": "Woolworths - 1074005645",
    "barcode": null,
    "shop": "Woolworths",
    "weight": null,
    "prices": []
  },
  {
    "source_url": "https://www.woolworths.com.au/shop/productdetails/1075511176/american-crew-firm-holding-styling-gel-250ml",
    "name": "American Crew Firm Holding Styling Gel 250mL",
    "image_url": "https://cdn1.woolworths.media/content/wowproductimages/large/1075511176.jpg",
    "source_id": "Woolworths - 1075511176",
    "barcode": null,
    "shop": "Woolworths",
    "weight": "100ML",
    "prices": [
      {
        "state": "NSW",
        "price": "2895",
        "price_per_unit": "1158",
        "price_unit": "ML"
      },
      {
        "state": "VIC",
        "price": "2895",
        "price_per_unit": "1158",
        "price_unit": "ML"
      },
      {
        "state": "QLD",
        "price": "2895",
        "price_per_unit": "1158",
        "price_unit": "ML"
      },
      {
        "state": "WA",
        "price": "2895",
        "price_per_unit": "1158",
        "price_unit": "ML"
      },
      {
        "state": "SA",
        "price": "2895",
        "price_per_unit": "1158",
        "price_unit": "ML"
      },
      {
        "state": "TAS",
        "price": "2895",
        "price_per_unit": "1158",
        "price_unit": "ML"
      },
      {
        "state": "ACT",
        "price": "2895",
        "price_per_unit": "1158",
        "price_unit": "ML"
      },
      {
        "state": "NT",
        "price": "2895",
        "price_per_unit": "1158",
        "price_unit": "ML"
      }
    ]
  },
  {
    "source_url": "https://www.woolworths.com.au/shop/productdetails/1074676530/american-crew-grooming-cream-85g",
    "name": "American Crew Grooming Cream 85g",
    "image_url": "https://cdn1.woolworths.media/content/wowproductimages/large/1074676530.jpg",
    "source_id": "Woolworths - 1074676530",
    "barcode": null,
    "shop": "Woolworths",
    "weight": "1EA",
    "prices": [
      {
        "state": "NSW",
        "price": "3395",
        "price_per_unit": "3395",
        "price_unit": "EA"
      },
      {
        "state": "VIC",
        "price": "3395",
        "price_per_unit": "3395",
        "price_unit": "EA"
      },
      {
        "state": "QLD",
        "price": "3395",
        "price_per_unit": "3395",
        "price_unit": "EA"
      },
      {
        "state": "WA",
        "price": "3395",
        "price_per_unit": "3395",
        "price_unit": "EA"
      },
      {
        "state": "SA",
        "price": "3395",
        "price_per_unit": "3395",
        "price_unit": "EA"
      },
      {
        "state": "TAS",
        "price": "3395",
        "price_per_unit": "3395",
        "price_unit": "EA"
      },
      {
        "state": "ACT",
        "price": "3395",
        "price_per_unit": "3395",
        "price_unit": "EA"
      },
      {
        "state": "NT",
        "price": "3395",
        "price_per_unit": "3395",
        "price_unit": "EA"
      }
    ]
  },
  {
    "source_url": "https://www.woolworths.com.au/shop/productdetails/1074752186/american-crew-men-firm-hold-styling-gel-non-flaking-gel-390ml-13-1oz",
    "name": "American Crew Men Firm Hold Styling Gel (Non-Flaking Gel) 390ml/13.1oz",
    "image_url": "https://cdn1.woolworths.media/content/wowproductimages/large/1074752186.jpg",
    "source_id": "Woolworths - 1074752186",
    "barcode": null,
    "shop": "Woolworths",
    "weight": "100ML",
    "prices": [
      {
        "state": "NSW",
        "price": "9020",
        "price_per_unit": "2313",
        "price_unit": "ML"
      },
      {
        "state": "VIC",
        "price": "9020",
        "price_per_unit": "2313",
        "price_unit": "ML"
      },
      {
        "state": "QLD",
        "price": "9020",
        "price_per_unit": "2313",
        "price_unit": "ML"
      },
      {
        "state": "WA",
        "price": "9020",
        "price_per_unit": "2313",
        "price_unit": "ML"
      },
      {
        "state": "SA",
        "price": "9020",
        "price_per_unit": "2313",
        "price_unit": "ML"
      },
      {
        "state": "TAS",
        "price": "9020",
        "price_per_unit": "2313",
        "price_unit": "ML"
      },
      {
        "state": "ACT",
        "price": "9020",
        "price_per_unit": "2313",
        "price_unit": "ML"
      },
      {
        "state": "NT",
        "price": "9020",
        "price_per_unit": "2313",
        "price_unit": "ML"
      }
    ]
  },
  {
    "source_url": "https://www.woolworths.com.au/shop/productdetails/1075216498/american-crew-men-medium-hold-spray-gel-easy-styling-control-250ml-8-45oz",
    "name": "American Crew Men Medium Hold Spray Gel (Easy Styling Control) 250ml/8.45oz",
    "image_url": "https://cdn1.woolworths.media/content/wowproductimages/large/1075216498.jpg",
    "source_id": "Woolworths - 1075216498",
    "barcode": null,
    "shop": "Woolworths",
    "weight": "100ML",
    "prices": [
      {
        "state": "NSW",
        "price": "3300",
        "price_per_unit": "1320",
        "price_unit": "ML"
      },
      {
        "state": "VIC",
        "price": "3300",
        "price_per_unit": "1320",
        "price_unit": "ML"
      },
      {
        "state": "QLD",
        "price": "3300",
        "price_per_unit": "1320",
        "price_unit": "ML"
      },
      {
        "state": "WA",
        "price": "3300",
        "price_per_unit": "1320",
        "price_unit": "ML"
      },
      {
        "state": "SA",
        "price": "3300",
        "price_per_unit": "1320",
        "price_unit": "ML"
      },
      {
        "state": "TAS",
        "price": "3300",
        "price_per_unit": "1320",
        "price_unit": "ML"
      },
      {
        "state": "ACT",
        "price": "3300",
        "price_per_unit": "1320",
        "price_unit": "ML"
      },
      {
        "state": "NT",
        "price": "3300",
        "price_per_unit": "1320",
        "price_unit": "ML"
      }
    ]
  },
  {
    "source_url": "https://www.woolworths.com.au/shop/productdetails/1074676531/american-crew-molding-clay-85g",
    "name": "American Crew Molding Clay 85g",
    "image_url": "https://cdn1.woolworths.media/content/wowproductimages/large/1074676531.jpg",
    "source_id": "Woolworths - 1074676531",
    "barcode": null,
    "shop": "Woolworths",
    "weight": "1EA",
    "prices": [
      {
        "state": "NSW",
        "price": "3395",
        "price_per_unit": "3395",
        "price_unit": "EA"
      },
      {
        "state": "VIC",
        "price": "3395",
        "price_per_unit": "3395",
        "price_unit": "EA"
      },
      {
        "state": "QLD",
        "price": "3395",
        "price_per_unit": "3395",
        "price_unit": "EA"
      },
      {
        "state": "WA",
        "price": "3395",
        "price_per_unit": "3395",
        "price_unit": "EA"
      },
      {
        "state": "SA",
        "price": "3395",
        "price_per_unit": "3395",
        "price_unit": "EA"
      },
      {
        "state": "TAS",
        "price": "3395",
        "price_per_unit": "3395",
        "price_unit": "EA"
      },
      {
        "state": "ACT",
        "price": "3395",
        "price_per_unit": "3395",
        "price_unit": "EA"
      },
      {
        "state": "NT",
        "price": "3395",
        "price_per_unit": "3395",
        "price_unit": "EA"
      }
    ]
  },
  {
    "source_url": "https://www.woolworths.com.au/shop/productdetails/176167/anihana-conditioner-bar-honey-vanilla",
    "name": "Anihana Conditioner Bar Honey & Vanilla 60g",
    "image_url": "https://cdn1.woolworths.media/content/wowproductimages/large/176167.jpg",
    "source_id": "Woolworths - 176167",
    "barcode": "9421906696240",
    "shop": "Woolworths",
    "weight": "100G",
    "prices": [
      {
        "state": "NSW",
        "price": "1400",
        "price_per_unit": "2333",
        "price_unit": "G"
      },
      {
        "state": "VIC",
        "price": "1400",
        "price_per_unit": "2333",
        "price_unit": "G"
      },
      {
        "state": "WA",
        "price": "1400",
        "price_per_unit": "2333",
        "price_unit": "G"
      },
      {
        "state": "SA",
        "price": "1400",
        "price_per_unit": "2333",
        "price_unit": "G"
      },
      {
        "state": "TAS",
        "price": "1400",
        "price_per_unit": "2333",
        "price_unit": "G"
      },
      {
        "state": "ACT",
        "price": "1400",
        "price_per_unit": "2333",
        "price_unit": "G"
      },
      {
        "state": "NT",
        "price": "1470",
        "price_per_unit": "2450",
        "price_unit": "G"
      }
    ]
  },
  {
    "source_url": "https://www.woolworths.com.au/shop/productdetails/176935/anihana-shampoo-conditioner-bar-blue-ocean",
    "name": "Anihana Shampoo & Conditioner Bar Blue Ocean 65g",
    "image_url": "https://cdn1.woolworths.media/content/wowproductimages/large/176935.jpg",
    "source_id": "Woolworths - 176935",
    "barcode": "9421906696325",
    "shop": "Woolworths",
    "weight": "100G",
    "prices": [
      {
        "state": "NSW",
        "price": "1400",
        "price_per_unit": "2154",
        "price_unit": "G"
      },
      {
        "state": "VIC",
        "price": "1400",
        "price_per_unit": "2154",
        "price_unit": "G"
      },
      {
        "state": "WA",
        "price": "1400",
        "price_per_unit": "2154",
        "price_unit": "G"
      },
      {
        "state": "SA",
        "price": "1400",
        "price_per_unit": "2154",
        "price_unit": "G"
      },
      {
        "state": "TAS",
        "price": "1400",
        "price_per_unit": "2154",
        "price_unit": "G"
      },
      {
        "state": "ACT",
        "price": "1400",
        "price_per_unit": "2154",
        "price_unit": "G"
      },
      {
        "state": "NT",
        "price": "1470",
        "price_per_unit": "2262",
        "price_unit": "G"
      }
    ]
  },
  {
    "source_url": "https://www.woolworths.com.au/shop/productdetails/177092/anihana-shampoo-bar-lavender-rosemary",
    "name": "Anihana Shampoo Bar Lavender & Rosemary 65g",
    "image_url": "https://cdn1.woolworths.media/content/wowproductimages/large/177092.jpg",
    "source_id": "Woolworths - 177092",
    "barcode": "9421906696028",
    "shop": "Woolworths",
    "weight": "100G",
    "prices": [
      {
        "state": "NSW",
        "price": "1400",
        "price_per_unit": "2154",
        "price_unit": "G"
      },
      {
        "state": "VIC",
        "price": "1400",
        "price_per_unit": "2154",
        "price_unit": "G"
      },
      {
        "state": "WA",
        "price": "1400",
        "price_per_unit": "2154",
        "price_unit": "G"
      },
      {
        "state": "SA",
        "price": "1400",
        "price_per_unit": "2154",
        "price_unit": "G"
      },
      {
        "state": "TAS",
        "price": "1400",
        "price_per_unit": "2154",
        "price_unit": "G"
      },
      {
        "state": "ACT",
        "price": "1400",
        "price_per_unit": "2154",
        "price_unit": "G"
      },
      {
        "state": "NT",
        "price": "1470",
        "price_per_unit": "2262",
        "price_unit": "G"
      }
    ]
  },
  {
    "source_url": "https://www.woolworths.com.au/shop/productdetails/176835/anihana-shampoo-bar-manuka-honey-honey",
    "name": "Anihana Shampoo Bar Manuka Honey & Honey 65g",
    "image_url": "https://cdn1.woolworths.media/content/wowproductimages/large/176835.jpg",
    "source_id": "Woolworths - 176835",
    "barcode": "9421906696004",
    "shop": "Woolworths",
    "weight": "100G",
    "prices": [
      {
        "state": "NSW",
        "price": "1400",
        "price_per_unit": "2154",
        "price_unit": "G"
      },
      {
        "state": "VIC",
        "price": "1400",
        "price_per_unit": "2154",
        "price_unit": "G"
      },
      {
        "state": "WA",
        "price": "1400",
        "price_per_unit": "2154",
        "price_unit": "G"
      },
      {
        "state": "SA",
        "price": "1400",
        "price_per_unit": "2154",
        "price_unit": "G"
      },
      {
        "state": "TAS",
        "price": "1400",
        "price_per_unit": "2154",
        "price_unit": "G"
      },
      {
        "state": "ACT",
        "price": "1400",
        "price_per_unit": "2154",
        "price_unit": "G"
      },
      {
        "state": "NT",
        "price": "1470",
        "price_per_unit": "2262",
        "price_unit": "G"
      }
    ]
  },
  {
    "source_url": "https://www.woolworths.com.au/shop/productdetails/1074553565/ausway-hair-salon-trolley-hairdressing-storage-cart-beauty-tool-extension-colouring-tattoo-stand-on-wheels-rolling-spa-organiser-adjustable",
    "name": "Ausway Hair Salon Trolley Hairdressing Storage Cart Beauty Tool Extension Colouring Tattoo Stand on Wheels Rolling Spa Organiser Adjustable",
    "image_url": "https://cdn1.woolworths.media/content/wowproductimages/large/1074553565.jpg",
    "source_id": "Woolworths - 1074553565",
    "barcode": null,
    "shop": "Woolworths",
    "weight": null,
    "prices": []
  },
  {
    "source_url": "https://www.woolworths.com.au/shop/productdetails/1074502788/ausway-large-salon-basin-portable-shampoo-hairdressing-hair-wash-bowl-barber-furniture-mobile-high-gloss",
    "name": "Ausway Large Salon Basin Portable Shampoo Hairdressing Hair Wash Bowl Barber Furniture Mobile High Gloss",
    "image_url": "https://cdn1.woolworths.media/content/wowproductimages/large/1074502788.jpg",
    "source_id": "Woolworths - 1074502788",
    "barcode": null,
    "shop": "Woolworths",
    "weight": null,
    "prices": []
  },
  {
    "source_url": "https://www.woolworths.com.au/shop/productdetails/1074461859/ausway-portable-hair-washing-sink-basin-salon-large",
    "name": "Ausway Portable Hair Washing Sink Basin Salon Large",
    "image_url": "https://cdn1.woolworths.media/content/wowproductimages/large/1074461859.jpg",
    "source_id": "Woolworths - 1074461859",
    "barcode": null,
    "shop": "Woolworths",
    "weight": null,
    "prices": []
  },
  {
    "source_url": "https://www.woolworths.com.au/shop/productdetails/1074461860/ausway-portable-hair-washing-sink-basin-salon-medium",
    "name": "Ausway Portable Hair Washing Sink Basin Salon Medium",
    "image_url": "https://cdn1.woolworths.media/content/wowproductimages/large/1074461860.jpg",
    "source_id": "Woolworths - 1074461860",
    "barcode": null,
    "shop": "Woolworths",
    "weight": null,
    "prices": []
  },
  {
    "source_url": "https://www.woolworths.com.au/shop/productdetails/1074924382/aveda-confixor-liquid-gel-250ml-8-5oz",
    "name": "Aveda Confixor Liquid Gel 250ml/8.5oz",
    "image_url": "https://cdn1.woolworths.media/content/wowproductimages/large/1074924382.jpg",
    "source_id": "Woolworths - 1074924382",
    "barcode": null,
    "shop": "Woolworths",
    "weight": "100ML",
    "prices": [
      {
        "state": "NSW",
        "price": "5800",
        "price_per_unit": "2320",
        "price_unit": "ML"
      },
      {
        "state": "VIC",
        "price": "5800",
        "price_per_unit": "2320",
        "price_unit": "ML"
      },
      {
        "state": "QLD",
        "price": "5800",
        "price_per_unit": "2320",
        "price_unit": "ML"
      },
      {
        "state": "WA",
        "price": "5800",
        "price_per_unit": "2320",
        "price_unit": "ML"
      },
      {
        "state": "SA",
        "price": "5800",
        "price_per_unit": "2320",
        "price_unit": "ML"
      },
      {
        "state": "TAS",
        "price": "5800",
        "price_per_unit": "2320",
        "price_unit": "ML"
      },
      {
        "state": "ACT",
        "price": "5800",
        "price_per_unit": "2320",
        "price_unit": "ML"
      },
      {
        "state": "NT",
        "price": "5800",
        "price_per_unit": "2320",
        "price_unit": "ML"
      }
    ]
  },
  {
    "source_url": "https://www.woolworths.com.au/shop/productdetails/604700/batiste-24h-active-dry-shampoo",
    "name": "Batiste 24H Active Dry Shampoo 200mL",
    "image_url": "https://cdn1.woolworths.media/content/wowproductimages/large/604700.jpg",
    "source_id": "Woolworths - 604700",
    "barcode": "5010724539804",
    "shop": "Woolworths",
    "weight": "100ML",
    "prices": [
      {
        "state": "VIC",
        "price": "940",
        "price_per_unit": "470",
        "price_unit": "ML"
      },
      {
        "state": "WA",
        "price": "940",
        "price_per_unit": "470",
        "price_unit": "ML"
      },
      {
        "state": "SA",
        "price": "940",
        "price_per_unit": "470",
        "price_unit": "ML"
      },
      {
        "state": "TAS",
        "price": "940",
        "price_per_unit": "470",
        "price_unit": "ML"
      },
      {
        "state": "ACT",
        "price": "940",
        "price_per_unit": "470",
        "price_unit": "ML"
      },
      {
        "state": "NT",
        "price": "940",
        "price_per_unit": "470",
        "price_unit": "ML"
      }
    ]
  },
  {
    "source_url": "https://www.woolworths.com.au/shop/productdetails/603783/batiste-24hr-fresh-dry-shampoo",
    "name": "Batiste 24hr Fresh Dry Shampoo 200mL",
    "image_url": "https://cdn1.woolworths.media/content/wowproductimages/large/603783.jpg",
    "source_id": "Woolworths - 603783",
    "barcode": "5010724539811",
    "shop": "Woolworths",
    "weight": "100ML",
    "prices": [
      {
        "state": "NSW",
        "price": "940",
        "price_per_unit": "470",
        "price_unit": "ML"
      },
      {
        "state": "VIC",
        "price": "940",
        "price_per_unit": "470",
        "price_unit": "ML"
      },
      {
        "state": "WA",
        "price": "940",
        "price_per_unit": "470",
        "price_unit": "ML"
      },
      {
        "state": "SA",
        "price": "940",
        "price_per_unit": "470",
        "price_unit": "ML"
      },
      {
        "state": "TAS",
        "price": "940",
        "price_per_unit": "470",
        "price_unit": "ML"
      },
      {
        "state": "ACT",
        "price": "940",
        "price_per_unit": "470",
        "price_unit": "ML"
      },
      {
        "state": "NT",
        "price": "940",
        "price_per_unit": "470",
        "price_unit": "ML"
      }
    ]
  },
  {
    "source_url": "https://www.woolworths.com.au/shop/productdetails/155696/batiste-beautiful-brunette-dry-shampoo-plus",
    "name": "Batiste Beautiful Brunette Dry Shampoo Plus 350ml",
    "image_url": "https://cdn1.woolworths.media/content/wowproductimages/large/155696.jpg",
    "source_id": "Woolworths - 155696",
    "barcode": "5010724535042",
    "shop": "Woolworths",
    "weight": "100ML",
    "prices": [
      {
        "state": "NSW",
        "price": "1900",
        "price_per_unit": "543",
        "price_unit": "ML"
      },
      {
        "state": "VIC",
        "price": "1900",
        "price_per_unit": "543",
        "price_unit": "ML"
      },
      {
        "state": "WA",
        "price": "1900",
        "price_per_unit": "543",
        "price_unit": "ML"
      },
      {
        "state": "SA",
        "price": "1900",
        "price_per_unit": "543",
        "price_unit": "ML"
      },
      {
        "state": "TAS",
        "price": "1900",
        "price_per_unit": "543",
        "price_unit": "ML"
      },
      {
        "state": "ACT",
        "price": "1900",
        "price_per_unit": "543",
        "price_unit": "ML"
      }
    ]
  },
  {
    "source_url": "https://www.woolworths.com.au/shop/productdetails/745783/batiste-blush-dry-shampoo",
    "name": "Batiste Blush Dry Shampoo 200ml",
    "image_url": "https://cdn1.woolworths.media/content/wowproductimages/large/745783.jpg",
    "source_id": "Woolworths - 745783",
    "barcode": "5010724527375",
    "shop": "Woolworths",
    "weight": "100ML",
    "prices": [
      {
        "state": "NSW",
        "price": "940",
        "price_per_unit": "470",
        "price_unit": "ML"
      },
      {
        "state": "VIC",
        "price": "940",
        "price_per_unit": "470",
        "price_unit": "ML"
      },
      {
        "state": "QLD",
        "price": "940",
        "price_per_unit": "470",
        "price_unit": "ML"
      },
      {
        "state": "WA",
        "price": "940",
        "price_per_unit": "470",
        "price_unit": "ML"
      },
      {
        "state": "SA",
        "price": "940",
        "price_per_unit": "470",
        "price_unit": "ML"
      },
      {
        "state": "TAS",
        "price": "940",
        "price_per_unit": "470",
        "price_unit": "ML"
      },
      {
        "state": "ACT",
        "price": "940",
        "price_per_unit": "470",
        "price_unit": "ML"
      },
      {
        "state": "NT",
        "price": "940",
        "price_per_unit": "470",
        "price_unit": "ML"
      }
    ]
  },
  {
    "source_url": "https://www.woolworths.com.au/shop/productdetails/140903/batiste-blush-dry-shampoo",
    "name": "Batiste Blush Dry Shampoo 350ml",
    "image_url": "https://cdn1.woolworths.media/content/wowproductimages/large/140903.jpg",
    "source_id": "Woolworths - 140903",
    "barcode": "5010724535936",
    "shop": "Woolworths",
    "weight": "100ML",
    "prices": [
      {
        "state": "NSW",
        "price": "1900",
        "price_per_unit": "543",
        "price_unit": "ML"
      },
      {
        "state": "VIC",
        "price": "1900",
        "price_per_unit": "543",
        "price_unit": "ML"
      },
      {
        "state": "QLD",
        "price": "1900",
        "price_per_unit": "543",
        "price_unit": "ML"
      },
      {
        "state": "WA",
        "price": "1900",
        "price_per_unit": "543",
        "price_unit": "ML"
      },
      {
        "state": "SA",
        "price": "1900",
        "price_per_unit": "543",
        "price_unit": "ML"
      },
      {
        "state": "TAS",
        "price": "1900",
        "price_per_unit": "543",
        "price_unit": "ML"
      },
      {
        "state": "ACT",
        "price": "1900",
        "price_per_unit": "543",
        "price_unit": "ML"
      },
      {
        "state": "NT",
        "price": "2100",
        "price_per_unit": "600",
        "price_unit": "ML"
      }
    ]
  },
  {
    "source_url": "https://www.woolworths.com.au/shop/productdetails/186314/batiste-divine-dark",
    "name": "Batiste Divine Dark 350ml",
    "image_url": "https://cdn1.woolworths.media/content/wowproductimages/large/186314.jpg",
    "source_id": "Woolworths - 186314",
    "barcode": "5010724537497",
    "shop": "Woolworths",
    "weight": "100ML",
    "prices": [
      {
        "state": "NSW",
        "price": "1900",
        "price_per_unit": "543",
        "price_unit": "ML"
      },
      {
        "state": "VIC",
        "price": "1900",
        "price_per_unit": "543",
        "price_unit": "ML"
      },
      {
        "state": "QLD",
        "price": "1900",
        "price_per_unit": "543",
        "price_unit": "ML"
      },
      {
        "state": "WA",
        "price": "1900",
        "price_per_unit": "543",
        "price_unit": "ML"
      },
      {
        "state": "SA",
        "price": "1900",
        "price_per_unit": "543",
        "price_unit": "ML"
      },
      {
        "state": "TAS",
        "price": "1900",
        "price_per_unit": "543",
        "price_unit": "ML"
      },
      {
        "state": "ACT",
        "price": "1900",
        "price_per_unit": "543",
        "price_unit": "ML"
      },
      {
        "state": "NT",
        "price": "2100",
        "price_per_unit": "600",
        "price_unit": "ML"
      }
    ]
  },
  {
    "source_url": "https://www.woolworths.com.au/shop/productdetails/670330/batiste-divine-dark-dry-shampoo-plus",
    "name": "Batiste Divine Dark Dry Shampoo Plus 200ml",
    "image_url": "https://cdn1.woolworths.media/content/wowproductimages/large/670330.jpg",
    "source_id": "Woolworths - 670330",
    "barcode": "5010724527443",
    "shop": "Woolworths",
    "weight": "100ML",
    "prices": [
      {
        "state": "NSW",
        "price": "940",
        "price_per_unit": "470",
        "price_unit": "ML"
      },
      {
        "state": "VIC",
        "price": "940",
        "price_per_unit": "470",
        "price_unit": "ML"
      },
      {
        "state": "QLD",
        "price": "940",
        "price_per_unit": "470",
        "price_unit": "ML"
      },
      {
        "state": "WA",
        "price": "940",
        "price_per_unit": "470",
        "price_unit": "ML"
      },
      {
        "state": "SA",
        "price": "940",
        "price_per_unit": "470",
        "price_unit": "ML"
      },
      {
        "state": "TAS",
        "price": "940",
        "price_per_unit": "470",
        "price_unit": "ML"
      },
      {
        "state": "ACT",
        "price": "940",
        "price_per_unit": "470",
        "price_unit": "ML"
      },
      {
        "state": "NT",
        "price": "940",
        "price_per_unit": "470",
        "price_unit": "ML"
      }
    ]
  },
  {
    "source_url": "https://www.woolworths.com.au/shop/productdetails/856988/batiste-dry-shampoo-volume",
    "name": "Batiste Dry Shampoo & Volume 200ml",
    "image_url": "https://cdn1.woolworths.media/content/wowproductimages/large/856988.jpg",
    "source_id": "Woolworths - 856988",
    "barcode": "5010724532966",
    "shop": "Woolworths",
    "weight": "100ML",
    "prices": [
      {
        "state": "NSW",
        "price": "940",
        "price_per_unit": "470",
        "price_unit": "ML"
      },
      {
        "state": "VIC",
        "price": "940",
        "price_per_unit": "470",
        "price_unit": "ML"
      },
      {
        "state": "QLD",
        "price": "940",
        "price_per_unit": "470",
        "price_unit": "ML"
      },
      {
        "state": "WA",
        "price": "940",
        "price_per_unit": "470",
        "price_unit": "ML"
      },
      {
        "state": "SA",
        "price": "940",
        "price_per_unit": "470",
        "price_unit": "ML"
      },
      {
        "state": "TAS",
        "price": "940",
        "price_per_unit": "470",
        "price_unit": "ML"
      },
      {
        "state": "ACT",
        "price": "940",
        "price_per_unit": "470",
        "price_unit": "ML"
      },
      {
        "state": "NT",
        "price": "940",
        "price_per_unit": "470",
        "price_unit": "ML"
      }
    ]
  },
  {
    "source_url": "https://www.woolworths.com.au/shop/productdetails/747031/batiste-dry-shampoo-blush",
    "name": "Batiste Dry Shampoo Blush 50ml",
    "image_url": "https://cdn1.woolworths.media/content/wowproductimages/large/747031.jpg",
    "source_id": "Woolworths - 747031",
    "barcode": "5010724527399",
    "shop": "Woolworths",
    "weight": "100ML",
    "prices": [
      {
        "state": "NSW",
        "price": "700",
        "price_per_unit": "1400",
        "price_unit": "ML"
      },
      {
        "state": "VIC",
        "price": "700",
        "price_per_unit": "1400",
        "price_unit": "ML"
      },
      {
        "state": "QLD",
        "price": "700",
        "price_per_unit": "1400",
        "price_unit": "ML"
      },
      {
        "state": "WA",
        "price": "700",
        "price_per_unit": "1400",
        "price_unit": "ML"
      },
      {
        "state": "SA",
        "price": "700",
        "price_per_unit": "1400",
        "price_unit": "ML"
      },
      {
        "state": "TAS",
        "price": "700",
        "price_per_unit": "1400",
        "price_unit": "ML"
      },
      {
        "state": "ACT",
        "price": "700",
        "price_per_unit": "1400",
        "price_unit": "ML"
      },
      {
        "state": "NT",
        "price": "700",
        "price_per_unit": "1400",
        "price_unit": "ML"
      }
    ]
  },
  {
    "source_url": "https://www.woolworths.com.au/shop/productdetails/867750/batiste-dry-shampoo-cherry",
    "name": "Batiste Dry Shampoo Cherry 200ml",
    "image_url": "https://cdn1.woolworths.media/content/wowproductimages/large/867750.jpg",
    "source_id": "Woolworths - 867750",
    "barcode": "5010724526798",
    "shop": "Woolworths",
    "weight": "100ML",
    "prices": []
  },
  {
    "source_url": "https://www.woolworths.com.au/shop/productdetails/571025/batiste-dry-shampoo-original",
    "name": "Batiste Dry Shampoo Original 200ml",
    "image_url": "https://cdn1.woolworths.media/content/wowproductimages/large/571025.jpg",
    "source_id": "Woolworths - 571025",
    "barcode": "5010724527481",
    "shop": "Woolworths",
    "weight": "100ML",
    "prices": [
      {
        "state": "NSW",
        "price": "940",
        "price_per_unit": "470",
        "price_unit": "ML"
      },
      {
        "state": "VIC",
        "price": "940",
        "price_per_unit": "470",
        "price_unit": "ML"
      },
      {
        "state": "QLD",
        "price": "940",
        "price_per_unit": "470",
        "price_unit": "ML"
      },
      {
        "state": "WA",
        "price": "940",
        "price_per_unit": "470",
        "price_unit": "ML"
      },
      {
        "state": "SA",
        "price": "940",
        "price_per_unit": "470",
        "price_unit": "ML"
      },
      {
        "state": "TAS",
        "price": "940",
        "price_per_unit": "470",
        "price_unit": "ML"
      },
      {
        "state": "ACT",
        "price": "940",
        "price_per_unit": "470",
        "price_unit": "ML"
      },
      {
        "state": "NT",
        "price": "940",
        "price_per_unit": "470",
        "price_unit": "ML"
      }
    ]
  },
  {
    "source_url": "https://www.woolworths.com.au/shop/productdetails/140902/batiste-eden-bloom-dry-shampoo",
    "name": "Batiste Eden Bloom Dry Shampoo 350ml",
    "image_url": "https://cdn1.woolworths.media/content/wowproductimages/large/140902.jpg",
    "source_id": "Woolworths - 140902",
    "barcode": "5010724535943",
    "shop": "Woolworths",
    "weight": "100ML",
    "prices": [
      {
        "state": "NSW",
        "price": "1900",
        "price_per_unit": "543",
        "price_unit": "ML"
      },
      {
        "state": "VIC",
        "price": "1900",
        "price_per_unit": "543",
        "price_unit": "ML"
      },
      {
        "state": "QLD",
        "price": "1900",
        "price_per_unit": "543",
        "price_unit": "ML"
      },
      {
        "state": "WA",
        "price": "1900",
        "price_per_unit": "543",
        "price_unit": "ML"
      },
      {
        "state": "SA",
        "price": "1900",
        "price_per_unit": "543",
        "price_unit": "ML"
      },
      {
        "state": "TAS",
        "price": "1900",
        "price_per_unit": "543",
        "price_unit": "ML"
      },
      {
        "state": "ACT",
        "price": "1900",
        "price_per_unit": "543",
        "price_unit": "ML"
      },
      {
        "state": "NT",
        "price": "2100",
        "price_per_unit": "600",
        "price_unit": "ML"
      }
    ]
  },
  {
    "source_url": "https://www.woolworths.com.au/shop/productdetails/842060/batiste-limited-edition-eden-dry-shampoo",
    "name": "Batiste Limited Edition Eden Dry Shampoo 200ml",
    "image_url": "https://cdn1.woolworths.media/content/wowproductimages/large/842060.jpg",
    "source_id": "Woolworths - 842060",
    "barcode": "5010724528945",
    "shop": "Woolworths",
    "weight": "100ML",
    "prices": [
      {
        "state": "NSW",
        "price": "940",
        "price_per_unit": "470",
        "price_unit": "ML"
      },
      {
        "state": "VIC",
        "price": "940",
        "price_per_unit": "470",
        "price_unit": "ML"
      },
      {
        "state": "QLD",
        "price": "940",
        "price_per_unit": "470",
        "price_unit": "ML"
      },
      {
        "state": "WA",
        "price": "940",
        "price_per_unit": "470",
        "price_unit": "ML"
      },
      {
        "state": "SA",
        "price": "940",
        "price_per_unit": "470",
        "price_unit": "ML"
      },
      {
        "state": "TAS",
        "price": "940",
        "price_per_unit": "470",
        "price_unit": "ML"
      },
      {
        "state": "ACT",
        "price": "940",
        "price_per_unit": "470",
        "price_unit": "ML"
      },
      {
        "state": "NT",
        "price": "940",
        "price_per_unit": "470",
        "price_unit": "ML"
      }
    ]
  },
  {
    "source_url": "https://www.woolworths.com.au/shop/productdetails/760873/batiste-medium-brunette-dry-shampoo",
    "name": "Batiste Medium & Brunette Dry Shampoo 200ml",
    "image_url": "https://cdn1.woolworths.media/content/wowproductimages/large/760873.jpg",
    "source_id": "Woolworths - 760873",
    "barcode": "5010724527474",
    "shop": "Woolworths",
    "weight": "100ML",
    "prices": [
      {
        "state": "NSW",
        "price": "940",
        "price_per_unit": "470",
        "price_unit": "ML"
      },
      {
        "state": "VIC",
        "price": "940",
        "price_per_unit": "470",
        "price_unit": "ML"
      },
      {
        "state": "QLD",
        "price": "940",
        "price_per_unit": "470",
        "price_unit": "ML"
      },
      {
        "state": "WA",
        "price": "940",
        "price_per_unit": "470",
        "price_unit": "ML"
      },
      {
        "state": "SA",
        "price": "940",
        "price_per_unit": "470",
        "price_unit": "ML"
      },
      {
        "state": "TAS",
        "price": "940",
        "price_per_unit": "470",
        "price_unit": "ML"
      },
      {
        "state": "ACT",
        "price": "940",
        "price_per_unit": "470",
        "price_unit": "ML"
      },
      {
        "state": "NT",
        "price": "940",
        "price_per_unit": "470",
        "price_unit": "ML"
      }
    ]
  },
  {
    "source_url": "https://www.woolworths.com.au/shop/productdetails/101921/batiste-natural-light-bare-dry-shampoo",
    "name": "Batiste Natural & Light Bare Dry Shampoo 200ml",
    "image_url": "https://cdn1.woolworths.media/content/wowproductimages/large/101921.jpg",
    "source_id": "Woolworths - 101921",
    "barcode": "5010724529836",
    "shop": "Woolworths",
    "weight": "100ML",
    "prices": [
      {
        "state": "NSW",
        "price": "940",
        "price_per_unit": "470",
        "price_unit": "ML"
      },
      {
        "state": "VIC",
        "price": "940",
        "price_per_unit": "470",
        "price_unit": "ML"
      },
      {
        "state": "QLD",
        "price": "940",
        "price_per_unit": "470",
        "price_unit": "ML"
      },
      {
        "state": "WA",
        "price": "940",
        "price_per_unit": "470",
        "price_unit": "ML"
      },
      {
        "state": "SA",
        "price": "940",
        "price_per_unit": "470",
        "price_unit": "ML"
      },
      {
        "state": "TAS",
        "price": "940",
        "price_per_unit": "470",
        "price_unit": "ML"
      },
      {
        "state": "ACT",
        "price": "940",
        "price_per_unit": "470",
        "price_unit": "ML"
      },
      {
        "state": "NT",
        "price": "940",
        "price_per_unit": "470",
        "price_unit": "ML"
      }
    ]
  },
  {
    "source_url": "https://www.woolworths.com.au/shop/productdetails/140901/batiste-original-dry-shampoo",
    "name": "Batiste Original Dry Shampoo 350ml",
    "image_url": "https://cdn1.woolworths.media/content/wowproductimages/large/140901.jpg",
    "source_id": "Woolworths - 140901",
    "barcode": "5010724535950",
    "shop": "Woolworths",
    "weight": "100ML",
    "prices": [
      {
        "state": "NSW",
        "price": "1900",
        "price_per_unit": "543",
        "price_unit": "ML"
      },
      {
        "state": "VIC",
        "price": "1900",
        "price_per_unit": "543",
        "price_unit": "ML"
      },
      {
        "state": "QLD",
        "price": "1900",
        "price_per_unit": "543",
        "price_unit": "ML"
      },
      {
        "state": "WA",
        "price": "1900",
        "price_per_unit": "543",
        "price_unit": "ML"
      },
      {
        "state": "SA",
        "price": "1900",
        "price_per_unit": "543",
        "price_unit": "ML"
      },
      {
        "state": "TAS",
        "price": "1900",
        "price_per_unit": "543",
        "price_unit": "ML"
      },
      {
        "state": "ACT",
        "price": "1900",
        "price_per_unit": "543",
        "price_unit": "ML"
      },
      {
        "state": "NT",
        "price": "2100",
        "price_per_unit": "600",
        "price_unit": "ML"
      }
    ]
  },
  {
    "source_url": "https://www.woolworths.com.au/shop/productdetails/387606/batiste-overnight-deep-cleanse-dry-shampoo",
    "name": "Batiste Overnight Deep Cleanse Dry Shampoo 200ml",
    "image_url": "https://cdn1.woolworths.media/content/wowproductimages/large/387606.jpg",
    "source_id": "Woolworths - 387606",
    "barcode": "5010724544860",
    "shop": "Woolworths",
    "weight": "100ML",
    "prices": [
      {
        "state": "NSW",
        "price": "940",
        "price_per_unit": "470",
        "price_unit": "ML"
      },
      {
        "state": "VIC",
        "price": "940",
        "price_per_unit": "470",
        "price_unit": "ML"
      },
      {
        "state": "QLD",
        "price": "940",
        "price_per_unit": "470",
        "price_unit": "ML"
      },
      {
        "state": "WA",
        "price": "940",
        "price_per_unit": "470",
        "price_unit": "ML"
      },
      {
        "state": "SA",
        "price": "940",
        "price_per_unit": "470",
        "price_unit": "ML"
      },
      {
        "state": "TAS",
        "price": "940",
        "price_per_unit": "470",
        "price_unit": "ML"
      },
      {
        "state": "ACT",
        "price": "940",
        "price_per_unit": "470",
        "price_unit": "ML"
      },
      {
        "state": "NT",
        "price": "940",
        "price_per_unit": "470",
        "price_unit": "ML"
      }
    ]
  },
  {
    "source_url": "https://www.woolworths.com.au/shop/productdetails/186499/batiste-rose-gold",
    "name": "Batiste Rose Gold 350ml",
    "image_url": "https://cdn1.woolworths.media/content/wowproductimages/large/186499.jpg",
    "source_id": "Woolworths - 186499",
    "barcode": "5010724537800",
    "shop": "Woolworths",
    "weight": "100ML",
    "prices": [
      {
        "state": "NSW",
        "price": "1900",
        "price_per_unit": "543",
        "price_unit": "ML"
      },
      {
        "state": "VIC",
        "price": "1900",
        "price_per_unit": "543",
        "price_unit": "ML"
      },
      {
        "state": "QLD",
        "price": "1900",
        "price_per_unit": "543",
        "price_unit": "ML"
      },
      {
        "state": "WA",
        "price": "1900",
        "price_per_unit": "543",
        "price_unit": "ML"
      },
      {
        "state": "SA",
        "price": "1900",
        "price_per_unit": "543",
        "price_unit": "ML"
      },
      {
        "state": "TAS",
        "price": "1900",
        "price_per_unit": "543",
        "price_unit": "ML"
      },
      {
        "state": "ACT",
        "price": "1900",
        "price_per_unit": "543",
        "price_unit": "ML"
      },
      {
        "state": "NT",
        "price": "2100",
        "price_per_unit": "600",
        "price_unit": "ML"
      }
    ]
  },
  {
    "source_url": "https://www.woolworths.com.au/shop/productdetails/745781/batiste-tropical-dry-shampoo",
    "name": "Batiste Tropical Dry Shampoo 200ml",
    "image_url": "https://cdn1.woolworths.media/content/wowproductimages/large/745781.jpg",
    "source_id": "Woolworths - 745781",
    "barcode": "5010724527511",
    "shop": "Woolworths",
    "weight": "100ML",
    "prices": [
      {
        "state": "NSW",
        "price": "940",
        "price_per_unit": "470",
        "price_unit": "ML"
      },
      {
        "state": "VIC",
        "price": "940",
        "price_per_unit": "470",
        "price_unit": "ML"
      },
      {
        "state": "QLD",
        "price": "940",
        "price_per_unit": "470",
        "price_unit": "ML"
      },
      {
        "state": "WA",
        "price": "940",
        "price_per_unit": "470",
        "price_unit": "ML"
      },
      {
        "state": "SA",
        "price": "940",
        "price_per_unit": "470",
        "price_unit": "ML"
      },
      {
        "state": "TAS",
        "price": "940",
        "price_per_unit": "470",
        "price_unit": "ML"
      },
      {
        "state": "ACT",
        "price": "940",
        "price_per_unit": "470",
        "price_unit": "ML"
      },
      {
        "state": "NT",
        "price": "940",
        "price_per_unit": "470",
        "price_unit": "ML"
      }
    ]
  },
  {
    "source_url": "https://www.woolworths.com.au/shop/productdetails/140900/batiste-tropical-dry-shampoo",
    "name": "Batiste Tropical Dry Shampoo 350ml",
    "image_url": "https://cdn1.woolworths.media/content/wowproductimages/large/140900.jpg",
    "source_id": "Woolworths - 140900",
    "barcode": "5010724535967",
    "shop": "Woolworths",
    "weight": "100ML",
    "prices": [
      {
        "state": "NSW",
        "price": "1900",
        "price_per_unit": "543",
        "price_unit": "ML"
      },
      {
        "state": "VIC",
        "price": "1900",
        "price_per_unit": "543",
        "price_unit": "ML"
      },
      {
        "state": "QLD",
        "price": "1900",
        "price_per_unit": "543",
        "price_unit": "ML"
      },
      {
        "state": "WA",
        "price": "1900",
        "price_per_unit": "543",
        "price_unit": "ML"
      },
      {
        "state": "SA",
        "price": "1900",
        "price_per_unit": "543",
        "price_unit": "ML"
      },
      {
        "state": "TAS",
        "price": "1900",
        "price_per_unit": "543",
        "price_unit": "ML"
      },
      {
        "state": "ACT",
        "price": "1900",
        "price_per_unit": "543",
        "price_unit": "ML"
      },
      {
        "state": "NT",
        "price": "2100",
        "price_per_unit": "600",
        "price_unit": "ML"
      }
    ]
  },
  {
    "source_url": "https://www.woolworths.com.au/shop/productdetails/1075372670/baxter-of-california-thickening-style-gel-strong-hold-shine-finish-120ml-4oz",
    "name": "Baxter Of California Thickening Style Gel (Strong Hold/ Shine Finish) 120ml/4oz",
    "image_url": "https://cdn1.woolworths.media/content/wowproductimages/large/1075372670.jpg",
    "source_id": "Woolworths - 1075372670",
    "barcode": null,
    "shop": "Woolworths",
    "weight": "100ML",
    "prices": [
      {
        "state": "NSW",
        "price": "8910",
        "price_per_unit": "7425",
        "price_unit": "ML"
      },
      {
        "state": "VIC",
        "price": "8910",
        "price_per_unit": "7425",
        "price_unit": "ML"
      },
      {
        "state": "QLD",
        "price": "8910",
        "price_per_unit": "7425",
        "price_unit": "ML"
      },
      {
        "state": "WA",
        "price": "8910",
        "price_per_unit": "7425",
        "price_unit": "ML"
      },
      {
        "state": "SA",
        "price": "8910",
        "price_per_unit": "7425",
        "price_unit": "ML"
      },
      {
        "state": "TAS",
        "price": "8910",
        "price_per_unit": "7425",
        "price_unit": "ML"
      },
      {
        "state": "ACT",
        "price": "8910",
        "price_per_unit": "7425",
        "price_unit": "ML"
      },
      {
        "state": "NT",
        "price": "8910",
        "price_per_unit": "7425",
        "price_unit": "ML"
      }
    ]
  },
  {
    "source_url": "https://www.woolworths.com.au/shop/productdetails/1073908183/beurer-hc35ocean-compact-hair-dryer",
    "name": "Beurer HC35OCEAN Compact Hair Dryer",
    "image_url": "https://cdn1.woolworths.media/content/wowproductimages/large/1073908183.jpg",
    "source_id": "Woolworths - 1073908183",
    "barcode": null,
    "shop": "Woolworths",
    "weight": null,
    "prices": []
  },
  {
    "source_url": "https://www.woolworths.com.au/shop/productdetails/1073908184/beurer-hc45ocean-2-in-1-volumising-hair-dryer-brush",
    "name": "Beurer HC45OCEAN 2-in-1 Volumising Hair Dryer Brush",
    "image_url": "https://cdn1.woolworths.media/content/wowproductimages/large/1073908184.jpg",
    "source_id": "Woolworths - 1073908184",
    "barcode": null,
    "shop": "Woolworths",
    "weight": null,
    "prices": []
  },
  {
    "source_url": "https://www.woolworths.com.au/shop/productdetails/1073908185/beurer-hl16-facial-hair-remover",
    "name": "Beurer HL16 Facial Hair Remover",
    "image_url": "https://cdn1.woolworths.media/content/wowproductimages/large/1073908185.jpg",
    "source_id": "Woolworths - 1073908185",
    "barcode": null,
    "shop": "Woolworths",
    "weight": null,
    "prices": []
  },
  {
    "source_url": "https://www.woolworths.com.au/shop/productdetails/1073862284/beurer-hs20-rechargeable-hair-straightener",
    "name": "Beurer HS20 Rechargeable Hair Straightener",
    "image_url": "https://cdn1.woolworths.media/content/wowproductimages/large/1073862284.jpg",
    "source_id": "Woolworths - 1073862284",
    "barcode": null,
    "shop": "Woolworths",
    "weight": null,
    "prices": []
  },
  {
    "source_url": "https://www.woolworths.com.au/shop/productdetails/1073908186/beurer-hs50-hair-straightener",
    "name": "Beurer HS50 Hair Straightener",
    "image_url": "https://cdn1.woolworths.media/content/wowproductimages/large/1073908186.jpg",
    "source_id": "Woolworths - 1073908186",
    "barcode": null,
    "shop": "Woolworths",
    "weight": null,
    "prices": []
  },
  {
    "source_url": "https://www.woolworths.com.au/shop/productdetails/1074924665/billy-jealousy-controlled-substance-hard-hold-gel-high-shine-250ml-8-4oz",
    "name": "Billy Jealousy Controlled Substance Hard Hold Gel (High Shine) 250ml/8.4oz",
    "image_url": "https://cdn1.woolworths.media/content/wowproductimages/large/1074924665.jpg",
    "source_id": "Woolworths - 1074924665",
    "barcode": null,
    "shop": "Woolworths",
    "weight": "100ML",
    "prices": [
      {
        "state": "NSW",
        "price": "3700",
        "price_per_unit": "1480",
        "price_unit": "ML"
      },
      {
        "state": "VIC",
        "price": "3700",
        "price_per_unit": "1480",
        "price_unit": "ML"
      },
      {
        "state": "QLD",
        "price": "3700",
        "price_per_unit": "1480",
        "price_unit": "ML"
      },
      {
        "state": "WA",
        "price": "3700",
        "price_per_unit": "1480",
        "price_unit": "ML"
      },
      {
        "state": "SA",
        "price": "3700",
        "price_per_unit": "1480",
        "price_unit": "ML"
      },
      {
        "state": "TAS",
        "price": "3700",
        "price_per_unit": "1480",
        "price_unit": "ML"
      },
      {
        "state": "ACT",
        "price": "3700",
        "price_per_unit": "1480",
        "price_unit": "ML"
      },
      {
        "state": "NT",
        "price": "3700",
        "price_per_unit": "1480",
        "price_unit": "ML"
      }
    ]
  },
  {
    "source_url": "https://www.woolworths.com.au/shop/productdetails/1075660248/biosilk-rock-hard-hard-styling-gelee-177ml-6oz",
    "name": "BioSilk Rock Hard Hard Styling Gelee 177ml/6oz",
    "image_url": "https://cdn1.woolworths.media/content/wowproductimages/large/1075660248.jpg",
    "source_id": "Woolworths - 1075660248",
    "barcode": null,
    "shop": "Woolworths",
    "weight": "100ML",
    "prices": [
      {
        "state": "NSW",
        "price": "3600",
        "price_per_unit": "2034",
        "price_unit": "ML"
      },
      {
        "state": "VIC",
        "price": "3600",
        "price_per_unit": "2034",
        "price_unit": "ML"
      },
      {
        "state": "QLD",
        "price": "3600",
        "price_per_unit": "2034",
        "price_unit": "ML"
      },
      {
        "state": "WA",
        "price": "3600",
        "price_per_unit": "2034",
        "price_unit": "ML"
      },
      {
        "state": "SA",
        "price": "3600",
        "price_per_unit": "2034",
        "price_unit": "ML"
      },
      {
        "state": "TAS",
        "price": "3600",
        "price_per_unit": "2034",
        "price_unit": "ML"
      },
      {
        "state": "ACT",
        "price": "3600",
        "price_per_unit": "2034",
        "price_unit": "ML"
      },
      {
        "state": "NT",
        "price": "3600",
        "price_per_unit": "2034",
        "price_unit": "ML"
      }
    ]
  },
  {
    "source_url": "https://www.woolworths.com.au/shop/productdetails/1074924679/biosilk-silk-therapy-glazing-gel-light-hold-207ml-7oz",
    "name": "BioSilk Silk Therapy Glazing Gel (Light Hold) 207ml/7oz",
    "image_url": "https://cdn1.woolworths.media/content/wowproductimages/large/1074924679.jpg",
    "source_id": "Woolworths - 1074924679",
    "barcode": null,
    "shop": "Woolworths",
    "weight": "100ML",
    "prices": [
      {
        "state": "NSW",
        "price": "3000",
        "price_per_unit": "1449",
        "price_unit": "ML"
      },
      {
        "state": "VIC",
        "price": "3000",
        "price_per_unit": "1449",
        "price_unit": "ML"
      },
      {
        "state": "QLD",
        "price": "3000",
        "price_per_unit": "1449",
        "price_unit": "ML"
      },
      {
        "state": "WA",
        "price": "3000",
        "price_per_unit": "1449",
        "price_unit": "ML"
      },
      {
        "state": "SA",
        "price": "3000",
        "price_per_unit": "1449",
        "price_unit": "ML"
      },
      {
        "state": "TAS",
        "price": "3000",
        "price_per_unit": "1449",
        "price_unit": "ML"
      },
      {
        "state": "TAS",
        "price": "3000",
        "price_per_unit": "1449",
        "price_unit": "ML"
      },
      {
        "state": "ACT",
        "price": "3000",
        "price_per_unit": "1449",
        "price_unit": "ML"
      },
      {
        "state": "NT",
        "price": "3000",
        "price_per_unit": "1449",
        "price_unit": "ML"
      }
    ]
  },
  {
    "source_url": "https://www.woolworths.com.au/shop/productdetails/1074499282/cabello-3-wand-hair-curler",
    "name": "Cabello 3 Wand Hair Curler",
    "image_url": "https://cdn1.woolworths.media/content/wowproductimages/large/1074499282.jpg",
    "source_id": "Woolworths - 1074499282",
    "barcode": null,
    "shop": "Woolworths",
    "weight": null,
    "prices": []
  },
  {
    "source_url": "https://www.woolworths.com.au/shop/productdetails/1074499326/cabello-5-wand-hair-curler",
    "name": "Cabello 5 Wand Hair Curler",
    "image_url": "https://cdn1.woolworths.media/content/wowproductimages/large/1074499326.jpg",
    "source_id": "Woolworths - 1074499326",
    "barcode": null,
    "shop": "Woolworths",
    "weight": null,
    "prices": []
  },
  {
    "source_url": "https://www.woolworths.com.au/shop/productdetails/1074499310/cabello-chic-curling-tong",
    "name": "Cabello Chic Curling Tong",
    "image_url": "https://cdn1.woolworths.media/content/wowproductimages/large/1074499310.jpg",
    "source_id": "Woolworths - 1074499310",
    "barcode": null,
    "shop": "Woolworths",
    "weight": null,
    "prices": []
  },
  {
    "source_url": "https://www.woolworths.com.au/shop/productdetails/1074499236/cabello-deluxe-hot-brush-hair-straightener-matt-black",
    "name": "Cabello Deluxe Hot Brush Hair Straightener - Matt Black",
    "image_url": "https://cdn1.woolworths.media/content/wowproductimages/large/1074499236.jpg",
    "source_id": "Woolworths - 1074499236",
    "barcode": null,
    "shop": "Woolworths",
    "weight": null,
    "prices": []
  },
  {
    "source_url": "https://www.woolworths.com.au/shop/productdetails/1074499235/cabello-deluxe-hot-brush-hair-straightener-matt-red",
    "name": "Cabello Deluxe Hot Brush Hair Straightener - Matt Red",
    "image_url": "https://cdn1.woolworths.media/content/wowproductimages/large/1074499235.jpg",
    "source_id": "Woolworths - 1074499235",
    "barcode": null,
    "shop": "Woolworths",
    "weight": null,
    "prices": []
  },
  {
    "source_url": "https://www.woolworths.com.au/shop/productdetails/1074499237/cabello-deluxe-hot-brush-hair-straightener-white",
    "name": "Cabello Deluxe Hot Brush Hair Straightener - White",
    "image_url": "https://cdn1.woolworths.media/content/wowproductimages/large/1074499237.jpg",
    "source_id": "Woolworths - 1074499237",
    "barcode": null,
    "shop": "Woolworths",
    "weight": null,
    "prices": []
  },
  {
    "source_url": "https://www.woolworths.com.au/shop/productdetails/1074499309/cabello-flair-hair-straightener",
    "name": "Cabello Flair Hair Straightener",
    "image_url": "https://cdn1.woolworths.media/content/wowproductimages/large/1074499309.jpg",
    "source_id": "Woolworths - 1074499309",
    "barcode": null,
    "shop": "Woolworths",
    "weight": null,
    "prices": []
  },
  {
    "source_url": "https://www.woolworths.com.au/shop/productdetails/1074499254/cabello-glam-curler",
    "name": "Cabello Glam Curler",
    "image_url": "https://cdn1.woolworths.media/content/wowproductimages/large/1074499254.jpg",
    "source_id": "Woolworths - 1074499254",
    "barcode": null,
    "shop": "Woolworths",
    "weight": null,
    "prices": []
  },
  {
    "source_url": "https://www.woolworths.com.au/shop/productdetails/1075067626/cabello-hair-dryer-pro-3600-glow-straightening-brush-hair-styling-set-black",
    "name": "Cabello Hair Dryer PRO 3600 + Glow Straightening Brush - Hair Styling Set - Black",
    "image_url": "https://cdn1.woolworths.media/content/wowproductimages/large/1075067626.jpg",
    "source_id": "Woolworths - 1075067626",
    "barcode": null,
    "shop": "Woolworths",
    "weight": null,
    "prices": []
  },
  {
    "source_url": "https://www.woolworths.com.au/shop/productdetails/1075067627/cabello-hair-dryer-pro-3600-glow-straightening-brush-hair-styling-set-white",
    "name": "Cabello Hair Dryer PRO 3600 + Glow Straightening Brush - Hair Styling Set - White",
    "image_url": "https://cdn1.woolworths.media/content/wowproductimages/large/1075067627.jpg",
    "source_id": "Woolworths - 1075067627",
    "barcode": null,
    "shop": "Woolworths",
    "weight": null,
    "prices": []
  },
  {
    "source_url": "https://www.woolworths.com.au/shop/productdetails/1074499275/cabello-hair-straightener-curler-2in1",
    "name": "Cabello Hair Straightener & Curler 2in1",
    "image_url": "https://cdn1.woolworths.media/content/wowproductimages/large/1074499275.jpg",
    "source_id": "Woolworths - 1074499275",
    "barcode": null,
    "shop": "Woolworths",
    "weight": null,
    "prices": []
  },
  {
    "source_url": "https://www.woolworths.com.au/shop/productdetails/1074499327/cabello-hot-air-styler-volumizer",
    "name": "Cabello Hot Air Styler & Volumizer",
    "image_url": "https://cdn1.woolworths.media/content/wowproductimages/large/1074499327.jpg",
    "source_id": "Woolworths - 1074499327",
    "barcode": null,
    "shop": "Woolworths",
    "weight": null,
    "prices": []
  },
  {
    "source_url": "https://www.woolworths.com.au/shop/productdetails/1074499255/cabello-ionic-straightening-brush",
    "name": "Cabello Ionic Straightening Brush",
    "image_url": "https://cdn1.woolworths.media/content/wowproductimages/large/1074499255.jpg",
    "source_id": "Woolworths - 1074499255",
    "barcode": null,
    "shop": "Woolworths",
    "weight": null,
    "prices": []
  },
  {
    "source_url": "https://www.woolworths.com.au/shop/productdetails/1074499264/cabello-luxe-hair-straightening-brush-matt-black",
    "name": "Cabello Luxe Hair Straightening Brush - Matt Black",
    "image_url": "https://cdn1.woolworths.media/content/wowproductimages/large/1074499264.jpg",
    "source_id": "Woolworths - 1074499264",
    "barcode": null,
    "shop": "Woolworths",
    "weight": null,
    "prices": []
  },
  {
    "source_url": "https://www.woolworths.com.au/shop/productdetails/1074499347/cabello-pro-3900-hair-dryer-chic-curling-tong",
    "name": "Cabello Pro 3900 Hair Dryer + Chic Curling Tong",
    "image_url": "https://cdn1.woolworths.media/content/wowproductimages/large/1074499347.jpg",
    "source_id": "Woolworths - 1074499347",
    "barcode": null,
    "shop": "Woolworths",
    "weight": null,
    "prices": []
  },
  {
    "source_url": "https://www.woolworths.com.au/shop/productdetails/1074499348/cabello-pro-3900-hair-dryer-flair-hair-straightener",
    "name": "Cabello Pro 3900 Hair Dryer + Flair Hair Straightener",
    "image_url": "https://cdn1.woolworths.media/content/wowproductimages/large/1074499348.jpg",
    "source_id": "Woolworths - 1074499348",
    "barcode": null,
    "shop": "Woolworths",
    "weight": null,
    "prices": []
  },
  {
    "source_url": "https://www.woolworths.com.au/shop/productdetails/1074499349/cabello-pro-3900-hair-dryer-flair-hair-straightener-chic-curling-tong",
    "name": "Cabello Pro 3900 Hair Dryer + Flair Hair Straightener + Chic Curling Tong",
    "image_url": "https://cdn1.woolworths.media/content/wowproductimages/large/1074499349.jpg",
    "source_id": "Woolworths - 1074499349",
    "barcode": null,
    "shop": "Woolworths",
    "weight": null,
    "prices": []
  },
  {
    "source_url": "https://www.woolworths.com.au/shop/productdetails/1074499307/cabello-professional-dryer-pro-3600-straightening-comb-combo",
    "name": "Cabello Professional Dryer PRO 3600 & Straightening Comb - Combo",
    "image_url": "https://cdn1.woolworths.media/content/wowproductimages/large/1074499307.jpg",
    "source_id": "Woolworths - 1074499307",
    "barcode": null,
    "shop": "Woolworths",
    "weight": null,
    "prices": []
  },
  {
    "source_url": "https://www.woolworths.com.au/shop/productdetails/1074610201/cabello-professional-hair-dryer-pro-3600-black",
    "name": "Cabello Professional Hair Dryer PRO 3600 - Black",
    "image_url": "https://cdn1.woolworths.media/content/wowproductimages/large/1074610201.jpg",
    "source_id": "Woolworths - 1074610201",
    "barcode": null,
    "shop": "Woolworths",
    "weight": "1EA",
    "prices": [
      {
        "state": "NSW",
        "price": "5500",
        "price_per_unit": "5500",
        "price_unit": "EA"
      },
      {
        "state": "VIC",
        "price": "5500",
        "price_per_unit": "5500",
        "price_unit": "EA"
      },
      {
        "state": "QLD",
        "price": "5500",
        "price_per_unit": "5500",
        "price_unit": "EA"
      },
      {
        "state": "WA",
        "price": "5500",
        "price_per_unit": "5500",
        "price_unit": "EA"
      },
      {
        "state": "SA",
        "price": "5500",
        "price_per_unit": "5500",
        "price_unit": "EA"
      },
      {
        "state": "TAS",
        "price": "5500",
        "price_per_unit": "5500",
        "price_unit": "EA"
      },
      {
        "state": "ACT",
        "price": "5500",
        "price_per_unit": "5500",
        "price_unit": "EA"
      },
      {
        "state": "NT",
        "price": "5500",
        "price_per_unit": "5500",
        "price_unit": "EA"
      }
    ]
  },
  {
    "source_url": "https://www.woolworths.com.au/shop/productdetails/1074614166/cabello-professional-hair-dryer-pro-3600-white",
    "name": "Cabello Professional Hair Dryer PRO 3600 - White",
    "image_url": "https://cdn1.woolworths.media/content/wowproductimages/large/1074614166.jpg",
    "source_id": "Woolworths - 1074614166",
    "barcode": null,
    "shop": "Woolworths",
    "weight": "1EA",
    "prices": [
      {
        "state": "NSW",
        "price": "5500",
        "price_per_unit": "5500",
        "price_unit": "EA"
      },
      {
        "state": "VIC",
        "price": "5500",
        "price_per_unit": "5500",
        "price_unit": "EA"
      },
      {
        "state": "QLD",
        "price": "5500",
        "price_per_unit": "5500",
        "price_unit": "EA"
      },
      {
        "state": "WA",
        "price": "5500",
        "price_per_unit": "5500",
        "price_unit": "EA"
      },
      {
        "state": "SA",
        "price": "5500",
        "price_per_unit": "5500",
        "price_unit": "EA"
      },
      {
        "state": "TAS",
        "price": "5500",
        "price_per_unit": "5500",
        "price_unit": "EA"
      },
      {
        "state": "ACT",
        "price": "5500",
        "price_per_unit": "5500",
        "price_unit": "EA"
      },
      {
        "state": "NT",
        "price": "5500",
        "price_per_unit": "5500",
        "price_unit": "EA"
      }
    ]
  },
  {
    "source_url": "https://www.woolworths.com.au/shop/productdetails/1074499308/cabello-professional-hair-dryer-pro-3900",
    "name": "Cabello Professional Hair Dryer PRO 3900",
    "image_url": "https://cdn1.woolworths.media/content/wowproductimages/large/1074499308.jpg",
    "source_id": "Woolworths - 1074499308",
    "barcode": null,
    "shop": "Woolworths",
    "weight": null,
    "prices": []
  },
  {
    "source_url": "https://www.woolworths.com.au/shop/productdetails/1074499278/cabello-professional-leave-on-moisture-keep-me-hot",
    "name": "Cabello Professional Leave on Moisture- Keep Me Hot",
    "image_url": "https://cdn1.woolworths.media/content/wowproductimages/large/1074499278.jpg",
    "source_id": "Woolworths - 1074499278",
    "barcode": null,
    "shop": "Woolworths",
    "weight": "1EA",
    "prices": [
      {
        "state": "NSW",
        "price": "1900",
        "price_per_unit": "1900",
        "price_unit": "EA"
      },
      {
        "state": "VIC",
        "price": "1900",
        "price_per_unit": "1900",
        "price_unit": "EA"
      },
      {
        "state": "QLD",
        "price": "1900",
        "price_per_unit": "1900",
        "price_unit": "EA"
      },
      {
        "state": "WA",
        "price": "1900",
        "price_per_unit": "1900",
        "price_unit": "EA"
      },
      {
        "state": "SA",
        "price": "1900",
        "price_per_unit": "1900",
        "price_unit": "EA"
      },
      {
        "state": "TAS",
        "price": "1900",
        "price_per_unit": "1900",
        "price_unit": "EA"
      },
      {
        "state": "ACT",
        "price": "1900",
        "price_per_unit": "1900",
        "price_unit": "EA"
      },
      {
        "state": "NT",
        "price": "1900",
        "price_per_unit": "1900",
        "price_unit": "EA"
      }
    ]
  },
  {
    "source_url": "https://www.woolworths.com.au/shop/productdetails/1075068615/cabello-silk-smooth-styler-black-tapered-curler-combo",
    "name": "Cabello Silk Smooth Styler (Black) & Tapered Curler - Combo",
    "image_url": "https://cdn1.woolworths.media/content/wowproductimages/large/1075068615.jpg",
    "source_id": "Woolworths - 1075068615",
    "barcode": null,
    "shop": "Woolworths",
    "weight": null,
    "prices": []
  },
  {
    "source_url": "https://www.woolworths.com.au/shop/productdetails/1075068613/cabello-silk-smooth-styler-black-voluminous-curler-combo",
    "name": "Cabello Silk Smooth Styler (Black) & Voluminous Curler - Combo",
    "image_url": "https://cdn1.woolworths.media/content/wowproductimages/large/1075068613.jpg",
    "source_id": "Woolworths - 1075068613",
    "barcode": null,
    "shop": "Woolworths",
    "weight": null,
    "prices": []
  },
  {
    "source_url": "https://www.woolworths.com.au/shop/productdetails/1075068621/cabello-silk-smooth-styler-black-intensive-mask-keep-me-hot-combo",
    "name": "Cabello Silk Smooth Styler (Black) + Intensive Mask 'Keep Me Hot' - Combo",
    "image_url": "https://cdn1.woolworths.media/content/wowproductimages/large/1075068621.jpg",
    "source_id": "Woolworths - 1075068621",
    "barcode": null,
    "shop": "Woolworths",
    "weight": null,
    "prices": []
  },
  {
    "source_url": "https://www.woolworths.com.au/shop/productdetails/1075068623/cabello-silk-smooth-styler-black-leave-on-moisture-keep-me-hot-combo",
    "name": "Cabello Silk Smooth Styler (Black) + Leave On Moisture 'Keep Me Hot' - Combo",
    "image_url": "https://cdn1.woolworths.media/content/wowproductimages/large/1075068623.jpg",
    "source_id": "Woolworths - 1075068623",
    "barcode": null,
    "shop": "Woolworths",
    "weight": null,
    "prices": []
  },
  {
    "source_url": "https://www.woolworths.com.au/shop/productdetails/1075068688/cabello-silk-smooth-styler-black-serum-oil-keep-me-hot-combo",
    "name": "Cabello Silk Smooth Styler (Black) + Serum Oil 'Keep Me Hot' - Combo",
    "image_url": "https://cdn1.woolworths.media/content/wowproductimages/large/1075068688.jpg",
    "source_id": "Woolworths - 1075068688",
    "barcode": null,
    "shop": "Woolworths",
    "weight": null,
    "prices": []
  },
  {
    "source_url": "https://www.woolworths.com.au/shop/productdetails/1075068616/cabello-silk-smooth-styler-gold-tapered-curler-combo",
    "name": "Cabello Silk Smooth Styler (Gold) & Tapered Curler - Combo",
    "image_url": "https://cdn1.woolworths.media/content/wowproductimages/large/1075068616.jpg",
    "source_id": "Woolworths - 1075068616",
    "barcode": null,
    "shop": "Woolworths",
    "weight": null,
    "prices": []
  },
  {
    "source_url": "https://www.woolworths.com.au/shop/productdetails/1075068614/cabello-silk-smooth-styler-gold-voluminous-curler-combo",
    "name": "Cabello Silk Smooth Styler (Gold) & Voluminous Curler - Combo",
    "image_url": "https://cdn1.woolworths.media/content/wowproductimages/large/1075068614.jpg",
    "source_id": "Woolworths - 1075068614",
    "barcode": null,
    "shop": "Woolworths",
    "weight": null,
    "prices": []
  },
  {
    "source_url": "https://www.woolworths.com.au/shop/productdetails/1075068622/cabello-silk-smooth-styler-gold-intensive-mask-keep-me-hot-combo",
    "name": "Cabello Silk Smooth Styler (Gold) + Intensive Mask 'Keep Me Hot' - Combo",
    "image_url": "https://cdn1.woolworths.media/content/wowproductimages/large/1075068622.jpg",
    "source_id": "Woolworths - 1075068622",
    "barcode": null,
    "shop": "Woolworths",
    "weight": null,
    "prices": []
  },
  {
    "source_url": "https://www.woolworths.com.au/shop/productdetails/1075068624/cabello-silk-smooth-styler-gold-leave-on-moisture-keep-me-hot-combo",
    "name": "Cabello Silk Smooth Styler (Gold) + Leave On Moisture 'Keep Me Hot' - Combo",
    "image_url": "https://cdn1.woolworths.media/content/wowproductimages/large/1075068624.jpg",
    "source_id": "Woolworths - 1075068624",
    "barcode": null,
    "shop": "Woolworths",
    "weight": null,
    "prices": []
  },
  {
    "source_url": "https://www.woolworths.com.au/shop/productdetails/1075068694/cabello-silk-smooth-styler-gold-serum-oil-keep-me-hot-combo",
    "name": "Cabello Silk Smooth Styler (Gold) + Serum Oil 'Keep Me Hot' - Combo",
    "image_url": "https://cdn1.woolworths.media/content/wowproductimages/large/1075068694.jpg",
    "source_id": "Woolworths - 1075068694",
    "barcode": null,
    "shop": "Woolworths",
    "weight": null,
    "prices": []
  },
  {
    "source_url": "https://www.woolworths.com.au/shop/productdetails/1074499540/cabello-silk-smooth-styler-black",
    "name": "Cabello Silk Smooth Styler - Black",
    "image_url": "https://cdn1.woolworths.media/content/wowproductimages/large/1074499540.jpg",
    "source_id": "Woolworths - 1074499540",
    "barcode": null,
    "shop": "Woolworths",
    "weight": null,
    "prices": []
  },
  {
    "source_url": "https://www.woolworths.com.au/shop/productdetails/1074499541/cabello-silk-smooth-styler-gold",
    "name": "Cabello Silk Smooth Styler - Gold",
    "image_url": "https://cdn1.woolworths.media/content/wowproductimages/large/1074499541.jpg",
    "source_id": "Woolworths - 1074499541",
    "barcode": null,
    "shop": "Woolworths",
    "weight": "1EA",
    "prices": [
      {
        "state": "NSW",
        "price": "5000",
        "price_per_unit": "5000",
        "price_unit": "EA"
      },
      {
        "state": "VIC",
        "price": "5000",
        "price_per_unit": "5000",
        "price_unit": "EA"
      },
      {
        "state": "QLD",
        "price": "5000",
        "price_per_unit": "5000",
        "price_unit": "EA"
      },
      {
        "state": "WA",
        "price": "5000",
        "price_per_unit": "5000",
        "price_unit": "EA"
      },
      {
        "state": "SA",
        "price": "5000",
        "price_per_unit": "5000",
        "price_unit": "EA"
      },
      {
        "state": "TAS",
        "price": "5000",
        "price_per_unit": "5000",
        "price_unit": "EA"
      },
      {
        "state": "ACT",
        "price": "5000",
        "price_per_unit": "5000",
        "price_unit": "EA"
      },
      {
        "state": "NT",
        "price": "5000",
        "price_per_unit": "5000",
        "price_unit": "EA"
      }
    ]
  },
  {
    "source_url": "https://www.woolworths.com.au/shop/productdetails/1074499273/cabello-steam-straightening-brush",
    "name": "Cabello Steam Straightening Brush",
    "image_url": "https://cdn1.woolworths.media/content/wowproductimages/large/1074499273.jpg",
    "source_id": "Woolworths - 1074499273",
    "barcode": null,
    "shop": "Woolworths",
    "weight": null,
    "prices": []
  },
  {
    "source_url": "https://www.woolworths.com.au/shop/productdetails/1074499274/cabello-steam-styler",
    "name": "Cabello Steam Styler",
    "image_url": "https://cdn1.woolworths.media/content/wowproductimages/large/1074499274.jpg",
    "source_id": "Woolworths - 1074499274",
    "barcode": null,
    "shop": "Woolworths",
    "weight": null,
    "prices": []
  },
  {
    "source_url": "https://www.woolworths.com.au/shop/productdetails/1074656338/cabello-stylepal-brushless-motor-hair-dryer",
    "name": "Cabello StylePal Brushless Motor Hair Dryer",
    "image_url": "https://cdn1.woolworths.media/content/wowproductimages/large/1074656338.jpg",
    "source_id": "Woolworths - 1074656338",
    "barcode": null,
    "shop": "Woolworths",
    "weight": null,
    "prices": []
  },
  {
    "source_url": "https://www.woolworths.com.au/shop/productdetails/1074499325/cabello-styling-comb",
    "name": "Cabello Styling Comb",
    "image_url": "https://cdn1.woolworths.media/content/wowproductimages/large/1074499325.jpg",
    "source_id": "Woolworths - 1074499325",
    "barcode": null,
    "shop": "Woolworths",
    "weight": null,
    "prices": []
  },
  {
    "source_url": "https://www.woolworths.com.au/shop/productdetails/1074499256/cabello-tapered-curling-iron",
    "name": "Cabello Tapered Curling Iron",
    "image_url": "https://cdn1.woolworths.media/content/wowproductimages/large/1074499256.jpg",
    "source_id": "Woolworths - 1074499256",
    "barcode": null,
    "shop": "Woolworths",
    "weight": null,
    "prices": []
  },
  {
    "source_url": "https://www.woolworths.com.au/shop/productdetails/1074499261/cabello-titanium-flat-iron",
    "name": "Cabello Titanium Flat Iron",
    "image_url": "https://cdn1.woolworths.media/content/wowproductimages/large/1074499261.jpg",
    "source_id": "Woolworths - 1074499261",
    "barcode": null,
    "shop": "Woolworths",
    "weight": null,
    "prices": []
  },
  {
    "source_url": "https://www.woolworths.com.au/shop/productdetails/1074499277/cabello-voluminous-hair-curler",
    "name": "Cabello Voluminous Hair Curler",
    "image_url": "https://cdn1.woolworths.media/content/wowproductimages/large/1074499277.jpg",
    "source_id": "Woolworths - 1074499277",
    "barcode": null,
    "shop": "Woolworths",
    "weight": null,
    "prices": []
  },
  {
    "source_url": "https://www.woolworths.com.au/shop/productdetails/1075725205/catzons-2-prong-chrome-razor-brush-stand-for-shaving-accessories",
    "name": "Catzons 2 Prong Chrome Razor Brush Stand for Shaving Accessories",
    "image_url": "https://cdn1.woolworths.media/content/wowproductimages/large/1075725205.jpg",
    "source_id": "Woolworths - 1075725205",
    "barcode": null,
    "shop": "Woolworths",
    "weight": null,
    "prices": []
  },
  {
    "source_url": "https://www.woolworths.com.au/shop/productdetails/1075725196/catzons-2-sets-adjustable-hair-clippers-blades-2-hole-hair-trimmer-replacement-blades-for-wahl-8148-black",
    "name": "Catzons 2 Sets Adjustable Hair Clippers Blades 2-Hole Hair Trimmer Replacement Blades for Wahl 8148-Black",
    "image_url": "https://cdn1.woolworths.media/content/wowproductimages/large/1075725196.jpg",
    "source_id": "Woolworths - 1075725196",
    "barcode": null,
    "shop": "Woolworths",
    "weight": null,
    "prices": []
  },
  {
    "source_url": "https://www.woolworths.com.au/shop/productdetails/1075725197/catzons-2-sets-adjustable-hair-clippers-blades-2-hole-hair-trimmer-replacement-blades-for-wahl-8148-silver",
    "name": "Catzons 2 Sets Adjustable Hair Clippers Blades 2-Hole Hair Trimmer Replacement Blades for Wahl 8148-Silver",
    "image_url": "https://cdn1.woolworths.media/content/wowproductimages/large/1075725197.jpg",
    "source_id": "Woolworths - 1075725197",
    "barcode": null,
    "shop": "Woolworths",
    "weight": null,
    "prices": []
  },
  {
    "source_url": "https://www.woolworths.com.au/shop/productdetails/1075727281/catzons-2pcs-facial-hair-scissors-stainless-steel-eyebrow-trimmer-white-and-pink",
    "name": "Catzons 2Pcs Facial Hair Scissors Stainless Steel Eyebrow Trimmer-White and Pink",
    "image_url": "https://cdn1.woolworths.media/content/wowproductimages/large/1075727281.jpg",
    "source_id": "Woolworths - 1075727281",
    "barcode": null,
    "shop": "Woolworths",
    "weight": null,
    "prices": []
  },
  {
    "source_url": "https://www.woolworths.com.au/shop/productdetails/1075725192/catzons-3-pack-stainless-steel-straight-tip-nose-hair-scissors-facial-hair-scissors",
    "name": "Catzons 3 Pack Stainless Steel Straight Tip Nose Hair Scissors Facial Hair Scissors",
    "image_url": "https://cdn1.woolworths.media/content/wowproductimages/large/1075725192.jpg",
    "source_id": "Woolworths - 1075725192",
    "barcode": null,
    "shop": "Woolworths",
    "weight": null,
    "prices": []
  },
  {
    "source_url": "https://www.woolworths.com.au/shop/productdetails/1075725207/catzons-3-pcs-stainless-steel-trimming-scissors-with-eyebrow-comb-and-non-slip-finger-grips-a",
    "name": "Catzons 3 Pcs Stainless Steel Trimming Scissors with Eyebrow Comb and Non Slip Finger Grips-A",
    "image_url": "https://cdn1.woolworths.media/content/wowproductimages/large/1075725207.jpg",
    "source_id": "Woolworths - 1075725207",
    "barcode": null,
    "shop": "Woolworths",
    "weight": null,
    "prices": []
  },
  {
    "source_url": "https://www.woolworths.com.au/shop/productdetails/1075725208/catzons-3-pcs-stainless-steel-trimming-scissors-with-eyebrow-comb-and-non-slip-finger-grips-b",
    "name": "Catzons 3 Pcs Stainless Steel Trimming Scissors with Eyebrow Comb and Non Slip Finger Grips-B",
    "image_url": "https://cdn1.woolworths.media/content/wowproductimages/large/1075725208.jpg",
    "source_id": "Woolworths - 1075725208",
    "barcode": null,
    "shop": "Woolworths",
    "weight": null,
    "prices": []
  },
  {
    "source_url": "https://www.woolworths.com.au/shop/productdetails/1075725211/catzons-3pcs-round-shape-beard-brushes-with-handle-for-men-beard-styling-black",
    "name": "Catzons 3Pcs Round Shape Beard Brushes with Handle for Men Beard Styling-Black",
    "image_url": "https://cdn1.woolworths.media/content/wowproductimages/large/1075725211.jpg",
    "source_id": "Woolworths - 1075725211",
    "barcode": null,
    "shop": "Woolworths",
    "weight": null,
    "prices": []
  },
  {
    "source_url": "https://www.woolworths.com.au/shop/productdetails/1075725212/catzons-3pcs-round-shape-beard-brushes-with-handle-for-men-beard-styling-white",
    "name": "Catzons 3Pcs Round Shape Beard Brushes with Handle for Men Beard Styling-White",
    "image_url": "https://cdn1.woolworths.media/content/wowproductimages/large/1075725212.jpg",
    "source_id": "Woolworths - 1075725212",
    "barcode": null,
    "shop": "Woolworths",
    "weight": null,
    "prices": []
  },
  {
    "source_url": "https://www.woolworths.com.au/shop/productdetails/1075725213/catzons-3pcs-round-shape-beard-brushes-with-handle-for-men-beard-styling-wool",
    "name": "Catzons 3Pcs Round Shape Beard Brushes with Handle for Men Beard Styling-Wool",
    "image_url": "https://cdn1.woolworths.media/content/wowproductimages/large/1075725213.jpg",
    "source_id": "Woolworths - 1075725213",
    "barcode": null,
    "shop": "Woolworths",
    "weight": null,
    "prices": []
  },
  {
    "source_url": "https://www.woolworths.com.au/shop/productdetails/1075725195/catzons-4-pieces-beard-shaper-kit-includes-beard-shaping-template-tool-mustache-comb-and-scissors-black",
    "name": "Catzons 4 Pieces Beard Shaper Kit Includes Beard Shaping Template Tool Mustache Comb and Scissors-Black",
    "image_url": "https://cdn1.woolworths.media/content/wowproductimages/large/1075725195.jpg",
    "source_id": "Woolworths - 1075725195",
    "barcode": null,
    "shop": "Woolworths",
    "weight": null,
    "prices": []
  },
  {
    "source_url": "https://www.woolworths.com.au/shop/productdetails/1075725206/catzons-4-prong-chrome-razor-brush-stand-for-shaving-accessories",
    "name": "Catzons 4 Prong Chrome Razor Brush Stand for Shaving Accessories",
    "image_url": "https://cdn1.woolworths.media/content/wowproductimages/large/1075725206.jpg",
    "source_id": "Woolworths - 1075725206",
    "barcode": null,
    "shop": "Woolworths",
    "weight": null,
    "prices": []
  },
  {
    "source_url": "https://www.woolworths.com.au/shop/productdetails/1075725201/catzons-6-packs-shaving-brush-with-handle-for-men-hair-salon-tool-gifts",
    "name": "Catzons 6 Packs Shaving Brush with Handle for Men Hair Salon Tool Gifts",
    "image_url": "https://cdn1.woolworths.media/content/wowproductimages/large/1075725201.jpg",
    "source_id": "Woolworths - 1075725201",
    "barcode": null,
    "shop": "Woolworths",
    "weight": null,
    "prices": []
  },
  {
    "source_url": "https://www.woolworths.com.au/shop/productdetails/1075727350/catzons-alloy-handle-stainless-steel-scissors-retro-beauty-cut-bronze",
    "name": "Catzons Alloy Handle Stainless Steel Scissors Retro Beauty Cut-Bronze",
    "image_url": "https://cdn1.woolworths.media/content/wowproductimages/large/1075727350.jpg",
    "source_id": "Woolworths - 1075727350",
    "barcode": null,
    "shop": "Woolworths",
    "weight": null,
    "prices": []
  },
  {
    "source_url": "https://www.woolworths.com.au/shop/productdetails/1075727352/catzons-alloy-handle-stainless-steel-scissors-retro-beauty-cut-color-titanium",
    "name": "Catzons Alloy Handle Stainless Steel Scissors Retro Beauty Cut-Color Titanium",
    "image_url": "https://cdn1.woolworths.media/content/wowproductimages/large/1075727352.jpg",
    "source_id": "Woolworths - 1075727352",
    "barcode": null,
    "shop": "Woolworths",
    "weight": null,
    "prices": []
  },
  {
    "source_url": "https://www.woolworths.com.au/shop/productdetails/1075727353/catzons-alloy-handle-stainless-steel-scissors-retro-beauty-cut-gold",
    "name": "Catzons Alloy Handle Stainless Steel Scissors Retro Beauty Cut-Gold",
    "image_url": "https://cdn1.woolworths.media/content/wowproductimages/large/1075727353.jpg",
    "source_id": "Woolworths - 1075727353",
    "barcode": null,
    "shop": "Woolworths",
    "weight": null,
    "prices": []
  },
  {
    "source_url": "https://www.woolworths.com.au/shop/productdetails/1075727356/catzons-alloy-handle-stainless-steel-scissors-retro-beauty-cut-mandarin-duck",
    "name": "Catzons Alloy Handle Stainless Steel Scissors Retro Beauty Cut-Mandarin Duck",
    "image_url": "https://cdn1.woolworths.media/content/wowproductimages/large/1075727356.jpg",
    "source_id": "Woolworths - 1075727356",
    "barcode": null,
    "shop": "Woolworths",
    "weight": null,
    "prices": []
  },
  {
    "source_url": "https://www.woolworths.com.au/shop/productdetails/1075727351/catzons-alloy-handle-stainless-steel-scissors-retro-beauty-cut-red-copper",
    "name": "Catzons Alloy Handle Stainless Steel Scissors Retro Beauty Cut-Red Copper",
    "image_url": "https://cdn1.woolworths.media/content/wowproductimages/large/1075727351.jpg",
    "source_id": "Woolworths - 1075727351",
    "barcode": null,
    "shop": "Woolworths",
    "weight": null,
    "prices": []
  },
  {
    "source_url": "https://www.woolworths.com.au/shop/productdetails/1075727355/catzons-alloy-handle-stainless-steel-scissors-retro-beauty-cut-rose-gold",
    "name": "Catzons Alloy Handle Stainless Steel Scissors Retro Beauty Cut-Rose Gold",
    "image_url": "https://cdn1.woolworths.media/content/wowproductimages/large/1075727355.jpg",
    "source_id": "Woolworths - 1075727355",
    "barcode": null,
    "shop": "Woolworths",
    "weight": null,
    "prices": []
  },
  {
    "source_url": "https://www.woolworths.com.au/shop/productdetails/1075727354/catzons-alloy-handle-stainless-steel-scissors-retro-beauty-cut-silver",
    "name": "Catzons Alloy Handle Stainless Steel Scissors Retro Beauty Cut-Silver",
    "image_url": "https://cdn1.woolworths.media/content/wowproductimages/large/1075727354.jpg",
    "source_id": "Woolworths - 1075727354",
    "barcode": null,
    "shop": "Woolworths",
    "weight": null,
    "prices": []
  },
  {
    "source_url": "https://www.woolworths.com.au/shop/productdetails/1075725690/catzons-ceramic-hair-iron-adjustable-temp-auto-shut-off-for-volumizing-hair",
    "name": "Catzons Ceramic Hair Iron Adjustable Temp Auto Shut-Off for Volumizing Hair",
    "image_url": "https://cdn1.woolworths.media/content/wowproductimages/large/1075725690.jpg",
    "source_id": "Woolworths - 1075725690",
    "barcode": null,
    "shop": "Woolworths",
    "weight": null,
    "prices": []
  },
  {
    "source_url": "https://www.woolworths.com.au/shop/productdetails/1075725214/catzons-chirdren-hair-clippers-silent-ceramic-hair-trimmer",
    "name": "Catzons Chirdren Hair Clippers Silent Ceramic Hair Trimmer",
    "image_url": "https://cdn1.woolworths.media/content/wowproductimages/large/1075725214.jpg",
    "source_id": "Woolworths - 1075725214",
    "barcode": null,
    "shop": "Woolworths",
    "weight": null,
    "prices": []
  },
  {
    "source_url": "https://www.woolworths.com.au/shop/productdetails/1075725220/catzons-clear-diy-back-housing-transparent-back-cover-for-wahl-5-star-series-magic-clipper-cordless-8148-blue",
    "name": "Catzons Clear DIY Back Housing Transparent Back Cover for Wahl 5-Star Series Magic Clipper Cordless 8148-Blue",
    "image_url": "https://cdn1.woolworths.media/content/wowproductimages/large/1075725220.jpg",
    "source_id": "Woolworths - 1075725220",
    "barcode": null,
    "shop": "Woolworths",
    "weight": null,
    "prices": []
  },
  {
    "source_url": "https://www.woolworths.com.au/shop/productdetails/1075725221/catzons-clear-diy-back-housing-transparent-back-cover-for-wahl-5-star-series-magic-clipper-cordless-8148-gray",
    "name": "Catzons Clear DIY Back Housing Transparent Back Cover for Wahl 5-Star Series Magic Clipper Cordless 8148-Gray",
    "image_url": "https://cdn1.woolworths.media/content/wowproductimages/large/1075725221.jpg",
    "source_id": "Woolworths - 1075725221",
    "barcode": null,
    "shop": "Woolworths",
    "weight": null,
    "prices": []
  },
  {
    "source_url": "https://www.woolworths.com.au/shop/productdetails/1075725222/catzons-clear-diy-back-housing-transparent-back-cover-for-wahl-5-star-series-magic-clipper-cordless-8148-green",
    "name": "Catzons Clear DIY Back Housing Transparent Back Cover for Wahl 5-Star Series Magic Clipper Cordless 8148-Green",
    "image_url": "https://cdn1.woolworths.media/content/wowproductimages/large/1075725222.jpg",
    "source_id": "Woolworths - 1075725222",
    "barcode": null,
    "shop": "Woolworths",
    "weight": null,
    "prices": []
  },
  {
    "source_url": "https://www.woolworths.com.au/shop/productdetails/1075725225/catzons-clear-diy-back-housing-transparent-back-cover-for-wahl-5-star-series-magic-clipper-cordless-8148-purple",
    "name": "Catzons Clear DIY Back Housing Transparent Back Cover for Wahl 5-Star Series Magic Clipper Cordless 8148-Purple",
    "image_url": "https://cdn1.woolworths.media/content/wowproductimages/large/1075725225.jpg",
    "source_id": "Woolworths - 1075725225",
    "barcode": null,
    "shop": "Woolworths",
    "weight": null,
    "prices": []
  },
  {
    "source_url": "https://www.woolworths.com.au/shop/productdetails/1075725224/catzons-clear-diy-back-housing-transparent-back-cover-for-wahl-5-star-series-magic-clipper-cordless-8148-red",
    "name": "Catzons Clear DIY Back Housing Transparent Back Cover for Wahl 5-Star Series Magic Clipper Cordless 8148-Red",
    "image_url": "https://cdn1.woolworths.media/content/wowproductimages/large/1075725224.jpg",
    "source_id": "Woolworths - 1075725224",
    "barcode": null,
    "shop": "Woolworths",
    "weight": null,
    "prices": []
  },
  {
    "source_url": "https://www.woolworths.com.au/shop/productdetails/1075725227/catzons-clear-diy-back-housing-transparent-back-cover-for-wahl-5-star-series-magic-clipper-cordless-8148-rose-red",
    "name": "Catzons Clear DIY Back Housing Transparent Back Cover for Wahl 5-Star Series Magic Clipper Cordless 8148-Rose Red",
    "image_url": "https://cdn1.woolworths.media/content/wowproductimages/large/1075725227.jpg",
    "source_id": "Woolworths - 1075725227",
    "barcode": null,
    "shop": "Woolworths",
    "weight": null,
    "prices": []
  },
  {
    "source_url": "https://www.woolworths.com.au/shop/productdetails/1075725219/catzons-clear-diy-back-housing-transparent-back-cover-for-wahl-5-star-series-magic-clipper-cordless-8148-white",
    "name": "Catzons Clear DIY Back Housing Transparent Back Cover for Wahl 5-Star Series Magic Clipper Cordless 8148-White",
    "image_url": "https://cdn1.woolworths.media/content/wowproductimages/large/1075725219.jpg",
    "source_id": "Woolworths - 1075725219",
    "barcode": null,
    "shop": "Woolworths",
    "weight": null,
    "prices": []
  },
  {
    "source_url": "https://www.woolworths.com.au/shop/productdetails/1075725223/catzons-clear-diy-back-housing-transparent-back-cover-for-wahl-5-star-series-magic-clipper-cordless-8148-yellow",
    "name": "Catzons Clear DIY Back Housing Transparent Back Cover for Wahl 5-Star Series Magic Clipper Cordless 8148-Yellow",
    "image_url": "https://cdn1.woolworths.media/content/wowproductimages/large/1075725223.jpg",
    "source_id": "Woolworths - 1075725223",
    "barcode": null,
    "shop": "Woolworths",
    "weight": null,
    "prices": []
  },
  {
    "source_url": "https://www.woolworths.com.au/shop/productdetails/1075725689/catzons-dyson-hair-dryer-stand-with-plug-holder-for-dyson-hd01-02-03-04",
    "name": "Catzons Dyson Hair Dryer Stand with Plug Holder for Dyson HD01/02/03/04",
    "image_url": "https://cdn1.woolworths.media/content/wowproductimages/large/1075725689.jpg",
    "source_id": "Woolworths - 1075725689",
    "barcode": null,
    "shop": "Woolworths",
    "weight": null,
    "prices": []
  },
  {
    "source_url": "https://www.woolworths.com.au/shop/productdetails/1075725200/catzons-ipl-painless-freezing-point-hair-removal-990-000-flashes-for-entire-body-white",
    "name": "Catzons IPL Painless Freezing Point Hair Removal 990,000 Flashes for Entire Body-White",
    "image_url": "https://cdn1.woolworths.media/content/wowproductimages/large/1075725200.jpg",
    "source_id": "Woolworths - 1075725200",
    "barcode": null,
    "shop": "Woolworths",
    "weight": null,
    "prices": []
  },
  {
    "source_url": "https://www.woolworths.com.au/shop/productdetails/1075725190/catzons-old-fashion-manual-clipper-haircut-hand-push-low-noise-non-electric-hair-cutter-silver",
    "name": "Catzons Old Fashion Manual Clipper Haircut Hand Push Low Noise Non-Electric Hair Cutter-Silver",
    "image_url": "https://cdn1.woolworths.media/content/wowproductimages/large/1075725190.jpg",
    "source_id": "Woolworths - 1075725190",
    "barcode": null,
    "shop": "Woolworths",
    "weight": null,
    "prices": []
  },
  {
    "source_url": "https://www.woolworths.com.au/shop/productdetails/1075725215/catzons-professional-stainless-steel-grooming-scissors-for-facial-hair-gold",
    "name": "Catzons Professional Stainless Steel Grooming Scissors for Facial Hair-Gold",
    "image_url": "https://cdn1.woolworths.media/content/wowproductimages/large/1075725215.jpg",
    "source_id": "Woolworths - 1075725215",
    "barcode": null,
    "shop": "Woolworths",
    "weight": null,
    "prices": []
  },
  {
    "source_url": "https://www.woolworths.com.au/shop/productdetails/1075725216/catzons-professional-stainless-steel-grooming-scissors-for-facial-hair-silver",
    "name": "Catzons Professional Stainless Steel Grooming Scissors for Facial Hair-Silver",
    "image_url": "https://cdn1.woolworths.media/content/wowproductimages/large/1075725216.jpg",
    "source_id": "Woolworths - 1075725216",
    "barcode": null,
    "shop": "Woolworths",
    "weight": null,
    "prices": []
  },
  {
    "source_url": "https://www.woolworths.com.au/shop/productdetails/1075725230/catzons-straight-razor-strap-leather-sharpening-strap-brown",
    "name": "Catzons Straight Razor Strap Leather Sharpening Strap-Brown",
    "image_url": "https://cdn1.woolworths.media/content/wowproductimages/large/1075725230.jpg",
    "source_id": "Woolworths - 1075725230",
    "barcode": null,
    "shop": "Woolworths",
    "weight": null,
    "prices": []
  },
  {
    "source_url": "https://www.woolworths.com.au/shop/productdetails/32952/cedel-hair-spray-extra-firm",
    "name": "Cedel Hair Spray Extra Firm 250g",
    "image_url": "https://cdn1.woolworths.media/content/wowproductimages/large/032952.jpg",
    "source_id": "Woolworths - 32952",
    "barcode": "9300703000132",
    "shop": "Woolworths",
    "weight": "100G",
    "prices": [
      {
        "state": "NSW",
        "price": "600",
        "price_per_unit": "240",
        "price_unit": "G"
      },
      {
        "state": "VIC",
        "price": "600",
        "price_per_unit": "240",
        "price_unit": "G"
      },
      {
        "state": "QLD",
        "price": "600",
        "price_per_unit": "240",
        "price_unit": "G"
      },
      {
        "state": "WA",
        "price": "600",
        "price_per_unit": "240",
        "price_unit": "G"
      },
      {
        "state": "SA",
        "price": "600",
        "price_per_unit": "240",
        "price_unit": "G"
      },
      {
        "state": "TAS",
        "price": "600",
        "price_per_unit": "240",
        "price_unit": "G"
      },
      {
        "state": "ACT",
        "price": "600",
        "price_per_unit": "240",
        "price_unit": "G"
      },
      {
        "state": "NT",
        "price": "600",
        "price_per_unit": "240",
        "price_unit": "G"
      }
    ]
  },
  {
    "source_url": "https://www.woolworths.com.au/shop/productdetails/32357/cedel-hair-spray-firm-hold",
    "name": "Cedel Hair Spray Firm Hold 250g",
    "image_url": "https://cdn1.woolworths.media/content/wowproductimages/large/032357.jpg",
    "source_id": "Woolworths - 32357",
    "barcode": "9300703000033",
    "shop": "Woolworths",
    "weight": "100G",
    "prices": [
      {
        "state": "NSW",
        "price": "600",
        "price_per_unit": "240",
        "price_unit": "G"
      },
      {
        "state": "VIC",
        "price": "600",
        "price_per_unit": "240",
        "price_unit": "G"
      },
      {
        "state": "QLD",
        "price": "600",
        "price_per_unit": "240",
        "price_unit": "G"
      },
      {
        "state": "WA",
        "price": "600",
        "price_per_unit": "240",
        "price_unit": "G"
      },
      {
        "state": "SA",
        "price": "600",
        "price_per_unit": "240",
        "price_unit": "G"
      },
      {
        "state": "TAS",
        "price": "600",
        "price_per_unit": "240",
        "price_unit": "G"
      },
      {
        "state": "ACT",
        "price": "600",
        "price_per_unit": "240",
        "price_unit": "G"
      },
      {
        "state": "NT",
        "price": "600",
        "price_per_unit": "240",
        "price_unit": "G"
      }
    ]
  },
  {
    "source_url": "https://www.woolworths.com.au/shop/productdetails/1074131895/chi-infra-gel-maximum-control-237ml-8oz",
    "name": "CHI Infra Gel (Maximum Control) 237ml/8oz",
    "image_url": "https://cdn1.woolworths.media/content/wowproductimages/large/1074131895.jpg",
    "source_id": "Woolworths - 1074131895",
    "barcode": null,
    "shop": "Woolworths",
    "weight": "100ML",
    "prices": [
      {
        "state": "NSW",
        "price": "3300",
        "price_per_unit": "1392",
        "price_unit": "ML"
      },
      {
        "state": "VIC",
        "price": "3300",
        "price_per_unit": "1392",
        "price_unit": "ML"
      },
      {
        "state": "QLD",
        "price": "3300",
        "price_per_unit": "1392",
        "price_unit": "ML"
      },
      {
        "state": "WA",
        "price": "3300",
        "price_per_unit": "1392",
        "price_unit": "ML"
      },
      {
        "state": "SA",
        "price": "3300",
        "price_per_unit": "1392",
        "price_unit": "ML"
      },
      {
        "state": "TAS",
        "price": "3300",
        "price_per_unit": "1392",
        "price_unit": "ML"
      },
      {
        "state": "ACT",
        "price": "3300",
        "price_per_unit": "1392",
        "price_unit": "ML"
      },
      {
        "state": "NT",
        "price": "3300",
        "price_per_unit": "1392",
        "price_unit": "ML"
      }
    ]
  },
  {
    "source_url": "https://www.woolworths.com.au/shop/productdetails/675316/colab-dry-shampoo-fresh",
    "name": "CoLab Dry Shampoo Fresh 200mL",
    "image_url": "https://cdn1.woolworths.media/content/wowproductimages/large/675316.jpg",
    "source_id": "Woolworths - 675316",
    "barcode": "5016155120017",
    "shop": "Woolworths",
    "weight": "100ML",
    "prices": [
      {
        "state": "NSW",
        "price": "1000",
        "price_per_unit": "500",
        "price_unit": "ML"
      },
      {
        "state": "VIC",
        "price": "1000",
        "price_per_unit": "500",
        "price_unit": "ML"
      },
      {
        "state": "QLD",
        "price": "1000",
        "price_per_unit": "500",
        "price_unit": "ML"
      },
      {
        "state": "WA",
        "price": "1000",
        "price_per_unit": "500",
        "price_unit": "ML"
      },
      {
        "state": "SA",
        "price": "1000",
        "price_per_unit": "500",
        "price_unit": "ML"
      },
      {
        "state": "TAS",
        "price": "1000",
        "price_per_unit": "500",
        "price_unit": "ML"
      },
      {
        "state": "ACT",
        "price": "1000",
        "price_per_unit": "500",
        "price_unit": "ML"
      },
      {
        "state": "NT",
        "price": "1050",
        "price_per_unit": "525",
        "price_unit": "ML"
      }
    ]
  },
  {
    "source_url": "https://www.woolworths.com.au/shop/productdetails/76524/colab-dry-shampoo-original-original-fragrance",
    "name": "CoLab Dry Shampoo Original 200mL",
    "image_url": "https://cdn1.woolworths.media/content/wowproductimages/large/076524.jpg",
    "source_id": "Woolworths - 76524",
    "barcode": "5016155119806",
    "shop": "Woolworths",
    "weight": "100ML",
    "prices": [
      {
        "state": "NSW",
        "price": "1000",
        "price_per_unit": "500",
        "price_unit": "ML"
      },
      {
        "state": "VIC",
        "price": "1000",
        "price_per_unit": "500",
        "price_unit": "ML"
      },
      {
        "state": "QLD",
        "price": "1000",
        "price_per_unit": "500",
        "price_unit": "ML"
      },
      {
        "state": "WA",
        "price": "1000",
        "price_per_unit": "500",
        "price_unit": "ML"
      },
      {
        "state": "SA",
        "price": "1000",
        "price_per_unit": "500",
        "price_unit": "ML"
      },
      {
        "state": "TAS",
        "price": "1000",
        "price_per_unit": "500",
        "price_unit": "ML"
      },
      {
        "state": "ACT",
        "price": "1000",
        "price_per_unit": "500",
        "price_unit": "ML"
      },
      {
        "state": "NT",
        "price": "1050",
        "price_per_unit": "525",
        "price_unit": "ML"
      }
    ]
  },
  {
    "source_url": "https://www.woolworths.com.au/shop/productdetails/684058/colab-dry-shampoo-paradise-paradise-fragrance",
    "name": "CoLab Dry Shampoo Paradise 200mL",
    "image_url": "https://cdn1.woolworths.media/content/wowproductimages/large/684058.jpg",
    "source_id": "Woolworths - 684058",
    "barcode": "5016155128518",
    "shop": "Woolworths",
    "weight": "100ML",
    "prices": [
      {
        "state": "NSW",
        "price": "1000",
        "price_per_unit": "500",
        "price_unit": "ML"
      },
      {
        "state": "VIC",
        "price": "1000",
        "price_per_unit": "500",
        "price_unit": "ML"
      },
      {
        "state": "QLD",
        "price": "1000",
        "price_per_unit": "500",
        "price_unit": "ML"
      },
      {
        "state": "WA",
        "price": "1000",
        "price_per_unit": "500",
        "price_unit": "ML"
      },
      {
        "state": "SA",
        "price": "1000",
        "price_per_unit": "500",
        "price_unit": "ML"
      },
      {
        "state": "TAS",
        "price": "1000",
        "price_per_unit": "500",
        "price_unit": "ML"
      },
      {
        "state": "ACT",
        "price": "1000",
        "price_per_unit": "500",
        "price_unit": "ML"
      }
    ]
  },
  {
    "source_url": "https://www.woolworths.com.au/shop/productdetails/1074570958/color-wow-dream-coat-supernatural-spray-200ml",
    "name": "Color Wow Dream Coat Supernatural Spray 200mL",
    "image_url": "https://cdn1.woolworths.media/content/wowproductimages/large/1074570958.jpg",
    "source_id": "Woolworths - 1074570958",
    "barcode": null,
    "shop": "Woolworths",
    "weight": "100ML",
    "prices": [
      {
        "state": "NSW",
        "price": "6400",
        "price_per_unit": "3200",
        "price_unit": "ML"
      },
      {
        "state": "VIC",
        "price": "6400",
        "price_per_unit": "3200",
        "price_unit": "ML"
      },
      {
        "state": "QLD",
        "price": "6400",
        "price_per_unit": "3200",
        "price_unit": "ML"
      },
      {
        "state": "WA",
        "price": "6400",
        "price_per_unit": "3200",
        "price_unit": "ML"
      },
      {
        "state": "SA",
        "price": "6400",
        "price_per_unit": "3200",
        "price_unit": "ML"
      },
      {
        "state": "TAS",
        "price": "6400",
        "price_per_unit": "3200",
        "price_unit": "ML"
      },
      {
        "state": "ACT",
        "price": "6400",
        "price_per_unit": "3200",
        "price_unit": "ML"
      },
      {
        "state": "NT",
        "price": "6400",
        "price_per_unit": "3200",
        "price_unit": "ML"
      }
    ]
  },
  {
    "source_url": "https://www.woolworths.com.au/shop/productdetails/1074570955/color-wow-dream-cocktail-carb-infused-leave-in-treatment-200ml-for-fine-hair",
    "name": "Color Wow Dream Cocktail Carb-Infused Leave In Treatment 200mL - For Fine Hair",
    "image_url": "https://cdn1.woolworths.media/content/wowproductimages/large/1074570955.jpg",
    "source_id": "Woolworths - 1074570955",
    "barcode": null,
    "shop": "Woolworths",
    "weight": "1EA",
    "prices": [
      {
        "state": "NSW",
        "price": "5300",
        "price_per_unit": "5300",
        "price_unit": "EA"
      },
      {
        "state": "VIC",
        "price": "5300",
        "price_per_unit": "5300",
        "price_unit": "EA"
      }
    ]
  },
  {
    "source_url": "https://www.woolworths.com.au/shop/productdetails/1075566365/color-wow-dream-cocktail-carb-infused-spray-for-fine-thin-hair-200ml",
    "name": "Color Wow Dream Cocktail Carb-Infused Spray For Fine & Thin Hair 200ml",
    "image_url": "https://cdn1.woolworths.media/content/wowproductimages/large/1075566365.jpg",
    "source_id": "Woolworths - 1075566365",
    "barcode": null,
    "shop": "Woolworths",
    "weight": "1EA",
    "prices": [
      {
        "state": "NSW",
        "price": "6210",
        "price_per_unit": "6210",
        "price_unit": "EA"
      },
      {
        "state": "VIC",
        "price": "6210",
        "price_per_unit": "6210",
        "price_unit": "EA"
      },
      {
        "state": "QLD",
        "price": "6210",
        "price_per_unit": "6210",
        "price_unit": "EA"
      },
      {
        "state": "WA",
        "price": "6210",
        "price_per_unit": "6210",
        "price_unit": "EA"
      },
      {
        "state": "SA",
        "price": "6210",
        "price_per_unit": "6210",
        "price_unit": "EA"
      },
      {
        "state": "TAS",
        "price": "6210",
        "price_per_unit": "6210",
        "price_unit": "EA"
      },
      {
        "state": "ACT",
        "price": "6210",
        "price_per_unit": "6210",
        "price_unit": "EA"
      },
      {
        "state": "NT",
        "price": "6210",
        "price_per_unit": "6210",
        "price_unit": "EA"
      }
    ]
  },
  {
    "source_url": "https://www.woolworths.com.au/shop/productdetails/1075566363/color-wow-dream-cocktail-kale-spray-for-brittle-damaged-hair-200ml",
    "name": "Color Wow Dream Cocktail Kale Spray For Brittle & Damaged Hair 200ml",
    "image_url": "https://cdn1.woolworths.media/content/wowproductimages/large/1075566363.jpg",
    "source_id": "Woolworths - 1075566363",
    "barcode": null,
    "shop": "Woolworths",
    "weight": "1EA",
    "prices": [
      {
        "state": "NSW",
        "price": "6210",
        "price_per_unit": "6210",
        "price_unit": "EA"
      },
      {
        "state": "VIC",
        "price": "6210",
        "price_per_unit": "6210",
        "price_unit": "EA"
      },
      {
        "state": "QLD",
        "price": "6210",
        "price_per_unit": "6210",
        "price_unit": "EA"
      },
      {
        "state": "WA",
        "price": "6210",
        "price_per_unit": "6210",
        "price_unit": "EA"
      },
      {
        "state": "SA",
        "price": "6210",
        "price_per_unit": "6210",
        "price_unit": "EA"
      },
      {
        "state": "TAS",
        "price": "6210",
        "price_per_unit": "6210",
        "price_unit": "EA"
      },
      {
        "state": "ACT",
        "price": "6210",
        "price_per_unit": "6210",
        "price_unit": "EA"
      },
      {
        "state": "NT",
        "price": "6210",
        "price_per_unit": "6210",
        "price_unit": "EA"
      }
    ]
  },
  {
    "source_url": "https://www.woolworths.com.au/shop/productdetails/1075566364/color-wow-extra-mistical-shine-spray-for-all-hair-types-162ml",
    "name": "Color Wow Extra Mistical Shine Spray For All Hair Types 162ml",
    "image_url": "https://cdn1.woolworths.media/content/wowproductimages/large/1075566364.jpg",
    "source_id": "Woolworths - 1075566364",
    "barcode": null,
    "shop": "Woolworths",
    "weight": "1EA",
    "prices": [
      {
        "state": "NSW",
        "price": "7380",
        "price_per_unit": "7380",
        "price_unit": "EA"
      },
      {
        "state": "VIC",
        "price": "7380",
        "price_per_unit": "7380",
        "price_unit": "EA"
      },
      {
        "state": "QLD",
        "price": "7380",
        "price_per_unit": "7380",
        "price_unit": "EA"
      },
      {
        "state": "WA",
        "price": "7380",
        "price_per_unit": "7380",
        "price_unit": "EA"
      },
      {
        "state": "SA",
        "price": "7380",
        "price_per_unit": "7380",
        "price_unit": "EA"
      },
      {
        "state": "TAS",
        "price": "7380",
        "price_per_unit": "7380",
        "price_unit": "EA"
      },
      {
        "state": "ACT",
        "price": "7380",
        "price_per_unit": "7380",
        "price_unit": "EA"
      },
      {
        "state": "NT",
        "price": "7380",
        "price_per_unit": "7380",
        "price_unit": "EA"
      }
    ]
  },
  {
    "source_url": "https://www.woolworths.com.au/shop/productdetails/1074570959/color-wow-speed-dry-blow-dry-spray-150ml",
    "name": "Color Wow Speed Dry Blow Dry Spray 150mL",
    "image_url": "https://cdn1.woolworths.media/content/wowproductimages/large/1074570959.jpg",
    "source_id": "Woolworths - 1074570959",
    "barcode": null,
    "shop": "Woolworths",
    "weight": "100ML",
    "prices": [
      {
        "state": "NSW",
        "price": "5000",
        "price_per_unit": "3333",
        "price_unit": "ML"
      },
      {
        "state": "VIC",
        "price": "5000",
        "price_per_unit": "3333",
        "price_unit": "ML"
      },
      {
        "state": "QLD",
        "price": "5000",
        "price_per_unit": "3333",
        "price_unit": "ML"
      },
      {
        "state": "WA",
        "price": "5000",
        "price_per_unit": "3333",
        "price_unit": "ML"
      },
      {
        "state": "SA",
        "price": "5000",
        "price_per_unit": "3333",
        "price_unit": "ML"
      },
      {
        "state": "TAS",
        "price": "5000",
        "price_per_unit": "3333",
        "price_unit": "ML"
      },
      {
        "state": "ACT",
        "price": "5000",
        "price_per_unit": "3333",
        "price_unit": "ML"
      },
      {
        "state": "NT",
        "price": "5000",
        "price_per_unit": "3333",
        "price_unit": "ML"
      }
    ]
  },
  {
    "source_url": "https://www.woolworths.com.au/shop/productdetails/1075977759/davines-natural-tech-energizing-gel-for-scalp-and-fragile-thinning-hair-150ml-5-07oz",
    "name": "Davines Natural Tech Energizing Gel (For Scalp and Fragile, Thinning Hair) 150ml/5.07oz",
    "image_url": "https://cdn1.woolworths.media/content/wowproductimages/large/default.png",
    "source_id": "Woolworths - 1075977759",
    "barcode": null,
    "shop": "Woolworths",
    "weight": "100ML",
    "prices": [
      {
        "state": "NSW",
        "price": "7400",
        "price_per_unit": "4933",
        "price_unit": "ML"
      },
      {
        "state": "VIC",
        "price": "7400",
        "price_per_unit": "4933",
        "price_unit": "ML"
      },
      {
        "state": "QLD",
        "price": "7400",
        "price_per_unit": "4933",
        "price_unit": "ML"
      },
      {
        "state": "WA",
        "price": "7400",
        "price_per_unit": "4933",
        "price_unit": "ML"
      },
      {
        "state": "SA",
        "price": "7400",
        "price_per_unit": "4933",
        "price_unit": "ML"
      },
      {
        "state": "TAS",
        "price": "7400",
        "price_per_unit": "4933",
        "price_unit": "ML"
      },
      {
        "state": "ACT",
        "price": "7400",
        "price_per_unit": "4933",
        "price_unit": "ML"
      },
      {
        "state": "NT",
        "price": "7400",
        "price_per_unit": "4933",
        "price_unit": "ML"
      }
    ]
  },
  {
    "source_url": "https://www.woolworths.com.au/shop/productdetails/1075557576/dear-barber-hair-fibre-100ml",
    "name": "Dear Barber Hair Fibre 100ml",
    "image_url": "https://cdn1.woolworths.media/content/wowproductimages/large/1075557576.jpg",
    "source_id": "Woolworths - 1075557576",
    "barcode": null,
    "shop": "Woolworths",
    "weight": "100ML",
    "prices": [
      {
        "state": "NSW",
        "price": "3995",
        "price_per_unit": "3995",
        "price_unit": "ML"
      },
      {
        "state": "VIC",
        "price": "3995",
        "price_per_unit": "3995",
        "price_unit": "ML"
      },
      {
        "state": "QLD",
        "price": "3995",
        "price_per_unit": "3995",
        "price_unit": "ML"
      },
      {
        "state": "WA",
        "price": "3995",
        "price_per_unit": "3995",
        "price_unit": "ML"
      },
      {
        "state": "SA",
        "price": "3995",
        "price_per_unit": "3995",
        "price_unit": "ML"
      },
      {
        "state": "TAS",
        "price": "3995",
        "price_per_unit": "3995",
        "price_unit": "ML"
      },
      {
        "state": "ACT",
        "price": "3995",
        "price_per_unit": "3995",
        "price_unit": "ML"
      },
      {
        "state": "NT",
        "price": "3995",
        "price_per_unit": "3995",
        "price_unit": "ML"
      }
    ]
  },
  {
    "source_url": "https://www.woolworths.com.au/shop/productdetails/1075557575/dear-barber-hair-shaping-cream-100ml",
    "name": "Dear Barber Hair Shaping Cream 100ml",
    "image_url": "https://cdn1.woolworths.media/content/wowproductimages/large/1075557575.jpg",
    "source_id": "Woolworths - 1075557575",
    "barcode": null,
    "shop": "Woolworths",
    "weight": "100ML",
    "prices": [
      {
        "state": "NSW",
        "price": "3995",
        "price_per_unit": "3995",
        "price_unit": "ML"
      },
      {
        "state": "VIC",
        "price": "3995",
        "price_per_unit": "3995",
        "price_unit": "ML"
      },
      {
        "state": "QLD",
        "price": "3995",
        "price_per_unit": "3995",
        "price_unit": "ML"
      },
      {
        "state": "WA",
        "price": "3995",
        "price_per_unit": "3995",
        "price_unit": "ML"
      },
      {
        "state": "SA",
        "price": "3995",
        "price_per_unit": "3995",
        "price_unit": "ML"
      },
      {
        "state": "TAS",
        "price": "3995",
        "price_per_unit": "3995",
        "price_unit": "ML"
      },
      {
        "state": "ACT",
        "price": "3995",
        "price_per_unit": "3995",
        "price_unit": "ML"
      },
      {
        "state": "NT",
        "price": "3995",
        "price_per_unit": "3995",
        "price_unit": "ML"
      }
    ]
  },
  {
    "source_url": "https://www.woolworths.com.au/shop/productdetails/1075557622/dear-barber-mini-styling-collection",
    "name": "Dear Barber Mini Styling Collection",
    "image_url": "https://cdn1.woolworths.media/content/wowproductimages/large/1075557622.jpg",
    "source_id": "Woolworths - 1075557622",
    "barcode": null,
    "shop": "Woolworths",
    "weight": "1EA",
    "prices": [
      {
        "state": "NSW",
        "price": "3995",
        "price_per_unit": "3995",
        "price_unit": "EA"
      },
      {
        "state": "VIC",
        "price": "3995",
        "price_per_unit": "3995",
        "price_unit": "EA"
      },
      {
        "state": "QLD",
        "price": "3995",
        "price_per_unit": "3995",
        "price_unit": "EA"
      },
      {
        "state": "WA",
        "price": "3995",
        "price_per_unit": "3995",
        "price_unit": "EA"
      },
      {
        "state": "SA",
        "price": "3995",
        "price_per_unit": "3995",
        "price_unit": "EA"
      },
      {
        "state": "TAS",
        "price": "3995",
        "price_per_unit": "3995",
        "price_unit": "EA"
      },
      {
        "state": "ACT",
        "price": "3995",
        "price_per_unit": "3995",
        "price_unit": "EA"
      },
      {
        "state": "NT",
        "price": "3995",
        "price_per_unit": "3995",
        "price_unit": "EA"
      }
    ]
  },
  {
    "source_url": "https://www.woolworths.com.au/shop/productdetails/1075557644/dear-barber-styling-mattifier-hair-dust-25g",
    "name": "Dear Barber Styling Mattifier Hair Dust 25g",
    "image_url": "https://cdn1.woolworths.media/content/wowproductimages/large/1075557644.jpg",
    "source_id": "Woolworths - 1075557644",
    "barcode": null,
    "shop": "Woolworths",
    "weight": "100G",
    "prices": [
      {
        "state": "NSW",
        "price": "3995",
        "price_per_unit": "15980",
        "price_unit": "G"
      },
      {
        "state": "VIC",
        "price": "3995",
        "price_per_unit": "15980",
        "price_unit": "G"
      },
      {
        "state": "WA",
        "price": "3995",
        "price_per_unit": "15980",
        "price_unit": "G"
      },
      {
        "state": "SA",
        "price": "3995",
        "price_per_unit": "15980",
        "price_unit": "G"
      },
      {
        "state": "TAS",
        "price": "3995",
        "price_per_unit": "15980",
        "price_unit": "G"
      },
      {
        "state": "ACT",
        "price": "3995",
        "price_per_unit": "15980",
        "price_unit": "G"
      },
      {
        "state": "NT",
        "price": "3995",
        "price_per_unit": "15980",
        "price_unit": "G"
      }
    ]
  },
  {
    "source_url": "https://www.woolworths.com.au/shop/productdetails/1075480855/derma-e-keratin-thickening-spray-99ml",
    "name": "Derma E Keratin Thickening Spray 99ml",
    "image_url": "https://cdn1.woolworths.media/content/wowproductimages/large/1075480855.jpg",
    "source_id": "Woolworths - 1075480855",
    "barcode": null,
    "shop": "Woolworths",
    "weight": "100ML",
    "prices": [
      {
        "state": "NSW",
        "price": "2295",
        "price_per_unit": "2318",
        "price_unit": "ML"
      },
      {
        "state": "VIC",
        "price": "2295",
        "price_per_unit": "2318",
        "price_unit": "ML"
      },
      {
        "state": "QLD",
        "price": "2295",
        "price_per_unit": "2318",
        "price_unit": "ML"
      },
      {
        "state": "WA",
        "price": "2295",
        "price_per_unit": "2318",
        "price_unit": "ML"
      },
      {
        "state": "SA",
        "price": "2295",
        "price_per_unit": "2318",
        "price_unit": "ML"
      },
      {
        "state": "TAS",
        "price": "2295",
        "price_per_unit": "2318",
        "price_unit": "ML"
      },
      {
        "state": "ACT",
        "price": "2295",
        "price_per_unit": "2318",
        "price_unit": "ML"
      },
      {
        "state": "NT",
        "price": "2295",
        "price_per_unit": "2318",
        "price_unit": "ML"
      }
    ]
  },
  {
    "source_url": "https://www.woolworths.com.au/shop/productdetails/1074932833/devacurl-light-defining-gel-soft-hold-no-crunch-styler-define-control-355ml-12oz",
    "name": "DevaCurl Light Defining Gel (Soft Hold No-Crunch Styler - Define & Control) 355ml/12oz",
    "image_url": "https://cdn1.woolworths.media/content/wowproductimages/large/1074932833.jpg",
    "source_id": "Woolworths - 1074932833",
    "barcode": null,
    "shop": "Woolworths",
    "weight": "100ML",
    "prices": [
      {
        "state": "NSW",
        "price": "6200",
        "price_per_unit": "1746",
        "price_unit": "ML"
      },
      {
        "state": "VIC",
        "price": "6200",
        "price_per_unit": "1746",
        "price_unit": "ML"
      },
      {
        "state": "QLD",
        "price": "6200",
        "price_per_unit": "1746",
        "price_unit": "ML"
      },
      {
        "state": "WA",
        "price": "6200",
        "price_per_unit": "1746",
        "price_unit": "ML"
      },
      {
        "state": "SA",
        "price": "6200",
        "price_per_unit": "1746",
        "price_unit": "ML"
      },
      {
        "state": "TAS",
        "price": "6200",
        "price_per_unit": "1746",
        "price_unit": "ML"
      },
      {
        "state": "ACT",
        "price": "6200",
        "price_per_unit": "1746",
        "price_unit": "ML"
      },
      {
        "state": "NT",
        "price": "6200",
        "price_per_unit": "1746",
        "price_unit": "ML"
      }
    ]
  },
  {
    "source_url": "https://www.woolworths.com.au/shop/productdetails/1074932839/devacurl-ultra-defining-gel-strong-hold-no-crunch-styler-define-control-355ml-12oz",
    "name": "DevaCurl Ultra Defining Gel (Strong Hold No-Crunch Styler - Define & Control) 355ml/12oz",
    "image_url": "https://cdn1.woolworths.media/content/wowproductimages/large/1074932839.jpg",
    "source_id": "Woolworths - 1074932839",
    "barcode": null,
    "shop": "Woolworths",
    "weight": "100ML",
    "prices": [
      {
        "state": "NSW",
        "price": "6700",
        "price_per_unit": "1887",
        "price_unit": "ML"
      },
      {
        "state": "VIC",
        "price": "6700",
        "price_per_unit": "1887",
        "price_unit": "ML"
      },
      {
        "state": "QLD",
        "price": "6700",
        "price_per_unit": "1887",
        "price_unit": "ML"
      },
      {
        "state": "WA",
        "price": "6700",
        "price_per_unit": "1887",
        "price_unit": "ML"
      },
      {
        "state": "SA",
        "price": "6700",
        "price_per_unit": "1887",
        "price_unit": "ML"
      },
      {
        "state": "TAS",
        "price": "6700",
        "price_per_unit": "1887",
        "price_unit": "ML"
      },
      {
        "state": "ACT",
        "price": "6700",
        "price_per_unit": "1887",
        "price_unit": "ML"
      },
      {
        "state": "NT",
        "price": "6700",
        "price_per_unit": "1887",
        "price_unit": "ML"
      }
    ]
  },
  {
    "source_url": "https://www.woolworths.com.au/shop/productdetails/1075105632/diptyque-do-son-hair-mist-30ml-1oz",
    "name": "Diptyque Do Son Hair Mist 30ml/1oz",
    "image_url": "https://cdn1.woolworths.media/content/wowproductimages/large/1075105632.jpg",
    "source_id": "Woolworths - 1075105632",
    "barcode": null,
    "shop": "Woolworths",
    "weight": "100ML",
    "prices": [
      {
        "state": "NSW",
        "price": "11200",
        "price_per_unit": "37333",
        "price_unit": "ML"
      },
      {
        "state": "VIC",
        "price": "11200",
        "price_per_unit": "37333",
        "price_unit": "ML"
      },
      {
        "state": "QLD",
        "price": "11200",
        "price_per_unit": "37333",
        "price_unit": "ML"
      },
      {
        "state": "WA",
        "price": "11200",
        "price_per_unit": "37333",
        "price_unit": "ML"
      },
      {
        "state": "SA",
        "price": "11200",
        "price_per_unit": "37333",
        "price_unit": "ML"
      },
      {
        "state": "TAS",
        "price": "11200",
        "price_per_unit": "37333",
        "price_unit": "ML"
      },
      {
        "state": "ACT",
        "price": "11200",
        "price_per_unit": "37333",
        "price_unit": "ML"
      },
      {
        "state": "NT",
        "price": "11200",
        "price_per_unit": "37333",
        "price_unit": "ML"
      }
    ]
  },
  {
    "source_url": "https://www.woolworths.com.au/shop/productdetails/609209/dove-hair-dry-shampoo-refresh-care",
    "name": "Dove Hair Dry Shampoo Refresh & Care 250ml",
    "image_url": "https://cdn1.woolworths.media/content/wowproductimages/large/609209.jpg",
    "source_id": "Woolworths - 609209",
    "barcode": "8710908056505",
    "shop": "Woolworths",
    "weight": "100ML",
    "prices": [
      {
        "state": "NSW",
        "price": "1000",
        "price_per_unit": "400",
        "price_unit": "ML"
      },
      {
        "state": "VIC",
        "price": "1000",
        "price_per_unit": "400",
        "price_unit": "ML"
      },
      {
        "state": "QLD",
        "price": "1000",
        "price_per_unit": "400",
        "price_unit": "ML"
      },
      {
        "state": "WA",
        "price": "1000",
        "price_per_unit": "400",
        "price_unit": "ML"
      },
      {
        "state": "TAS",
        "price": "1000",
        "price_per_unit": "400",
        "price_unit": "ML"
      },
      {
        "state": "ACT",
        "price": "1000",
        "price_per_unit": "400",
        "price_unit": "ML"
      },
      {
        "state": "NT",
        "price": "1000",
        "price_per_unit": "400",
        "price_unit": "ML"
      }
    ]
  },
  {
    "source_url": "https://www.woolworths.com.au/shop/productdetails/1074105932/dovo-solingen-stainless-satin-nose-scissor",
    "name": "Dovo Solingen Stainless Satin Nose Scissor",
    "image_url": "https://cdn1.woolworths.media/content/wowproductimages/large/1074105932.jpg",
    "source_id": "Woolworths - 1074105932",
    "barcode": null,
    "shop": "Woolworths",
    "weight": null,
    "prices": []
  },
  {
    "source_url": "https://www.woolworths.com.au/shop/productdetails/1075479282/dr-bronner-s-lavender-coconut-organic-hair-creme-177ml",
    "name": "Dr Bronner's Lavender Coconut Organic Hair Creme 177ml",
    "image_url": "https://cdn1.woolworths.media/content/wowproductimages/large/1075479282.jpg",
    "source_id": "Woolworths - 1075479282",
    "barcode": null,
    "shop": "Woolworths",
    "weight": "100ML",
    "prices": [
      {
        "state": "NSW",
        "price": "1695",
        "price_per_unit": "958",
        "price_unit": "ML"
      },
      {
        "state": "VIC",
        "price": "1695",
        "price_per_unit": "958",
        "price_unit": "ML"
      },
      {
        "state": "QLD",
        "price": "1695",
        "price_per_unit": "958",
        "price_unit": "ML"
      },
      {
        "state": "WA",
        "price": "1695",
        "price_per_unit": "958",
        "price_unit": "ML"
      },
      {
        "state": "SA",
        "price": "1695",
        "price_per_unit": "958",
        "price_unit": "ML"
      },
      {
        "state": "TAS",
        "price": "1695",
        "price_per_unit": "958",
        "price_unit": "ML"
      },
      {
        "state": "ACT",
        "price": "1695",
        "price_per_unit": "958",
        "price_unit": "ML"
      },
      {
        "state": "NT",
        "price": "1695",
        "price_per_unit": "958",
        "price_unit": "ML"
      }
    ]
  },
  {
    "source_url": "https://www.woolworths.com.au/shop/productdetails/1075480838/dr-bronner-s-peppermint-organic-hair-creme-177ml",
    "name": "Dr Bronner's Peppermint Organic Hair Creme 177ml",
    "image_url": "https://cdn1.woolworths.media/content/wowproductimages/large/1075480838.jpg",
    "source_id": "Woolworths - 1075480838",
    "barcode": null,
    "shop": "Woolworths",
    "weight": "100ML",
    "prices": [
      {
        "state": "NSW",
        "price": "1695",
        "price_per_unit": "958",
        "price_unit": "ML"
      },
      {
        "state": "VIC",
        "price": "1695",
        "price_per_unit": "958",
        "price_unit": "ML"
      },
      {
        "state": "QLD",
        "price": "1695",
        "price_per_unit": "958",
        "price_unit": "ML"
      },
      {
        "state": "WA",
        "price": "1695",
        "price_per_unit": "958",
        "price_unit": "ML"
      },
      {
        "state": "SA",
        "price": "1695",
        "price_per_unit": "958",
        "price_unit": "ML"
      },
      {
        "state": "TAS",
        "price": "1695",
        "price_per_unit": "958",
        "price_unit": "ML"
      },
      {
        "state": "ACT",
        "price": "1695",
        "price_per_unit": "958",
        "price_unit": "ML"
      },
      {
        "state": "NT",
        "price": "1695",
        "price_per_unit": "958",
        "price_unit": "ML"
      }
    ]
  },
  {
    "source_url": "https://www.woolworths.com.au/shop/productdetails/1075481191/eco-kid-organics-bubbalicious-soft-styling-wax-75g",
    "name": "Eco.kid Organics Bubbalicious Soft Styling Wax 75g",
    "image_url": "https://cdn1.woolworths.media/content/wowproductimages/large/1075481191.jpg",
    "source_id": "Woolworths - 1075481191",
    "barcode": null,
    "shop": "Woolworths",
    "weight": "100G",
    "prices": [
      {
        "state": "NSW",
        "price": "2396",
        "price_per_unit": "3195",
        "price_unit": "G"
      },
      {
        "state": "VIC",
        "price": "2396",
        "price_per_unit": "3195",
        "price_unit": "G"
      },
      {
        "state": "QLD",
        "price": "2396",
        "price_per_unit": "3195",
        "price_unit": "G"
      },
      {
        "state": "WA",
        "price": "2396",
        "price_per_unit": "3195",
        "price_unit": "G"
      },
      {
        "state": "SA",
        "price": "2396",
        "price_per_unit": "3195",
        "price_unit": "G"
      },
      {
        "state": "TAS",
        "price": "2396",
        "price_per_unit": "3195",
        "price_unit": "G"
      },
      {
        "state": "ACT",
        "price": "2396",
        "price_per_unit": "3195",
        "price_unit": "G"
      },
      {
        "state": "NT",
        "price": "2396",
        "price_per_unit": "3195",
        "price_unit": "G"
      }
    ]
  },
  {
    "source_url": "https://www.woolworths.com.au/shop/productdetails/1075346346/eco-kid-organics-nit-ninja-daily-defence-leave-in-detangling-spritz-225ml",
    "name": "Eco.kid Organics Nit Ninja Daily Defence Leave-in Detangling Spritz 225ml",
    "image_url": "https://cdn1.woolworths.media/content/wowproductimages/large/1075346346.jpg",
    "source_id": "Woolworths - 1075346346",
    "barcode": null,
    "shop": "Woolworths",
    "weight": "100ML",
    "prices": [
      {
        "state": "NSW",
        "price": "1756",
        "price_per_unit": "780",
        "price_unit": "ML"
      },
      {
        "state": "VIC",
        "price": "1756",
        "price_per_unit": "780",
        "price_unit": "ML"
      },
      {
        "state": "QLD",
        "price": "1756",
        "price_per_unit": "780",
        "price_unit": "ML"
      },
      {
        "state": "WA",
        "price": "1756",
        "price_per_unit": "780",
        "price_unit": "ML"
      },
      {
        "state": "SA",
        "price": "1756",
        "price_per_unit": "780",
        "price_unit": "ML"
      },
      {
        "state": "TAS",
        "price": "1756",
        "price_per_unit": "780",
        "price_unit": "ML"
      },
      {
        "state": "ACT",
        "price": "1756",
        "price_per_unit": "780",
        "price_unit": "ML"
      },
      {
        "state": "NT",
        "price": "1756",
        "price_per_unit": "780",
        "price_unit": "ML"
      }
    ]
  },
  {
    "source_url": "https://www.woolworths.com.au/shop/productdetails/1075478476/eco-kid-organics-tuff-stuff-strong-styling-wax-75g",
    "name": "Eco.kid Organics Tuff Stuff Strong Styling Wax 75g",
    "image_url": "https://cdn1.woolworths.media/content/wowproductimages/large/1075478476.jpg",
    "source_id": "Woolworths - 1075478476",
    "barcode": null,
    "shop": "Woolworths",
    "weight": "100G",
    "prices": [
      {
        "state": "NSW",
        "price": "2236",
        "price_per_unit": "2981",
        "price_unit": "G"
      },
      {
        "state": "VIC",
        "price": "2236",
        "price_per_unit": "2981",
        "price_unit": "G"
      },
      {
        "state": "QLD",
        "price": "2236",
        "price_per_unit": "2981",
        "price_unit": "G"
      },
      {
        "state": "WA",
        "price": "2236",
        "price_per_unit": "2981",
        "price_unit": "G"
      },
      {
        "state": "SA",
        "price": "2236",
        "price_per_unit": "2981",
        "price_unit": "G"
      },
      {
        "state": "TAS",
        "price": "2236",
        "price_per_unit": "2981",
        "price_unit": "G"
      },
      {
        "state": "ACT",
        "price": "2236",
        "price_per_unit": "2981",
        "price_unit": "G"
      },
      {
        "state": "NT",
        "price": "2236",
        "price_per_unit": "2981",
        "price_unit": "G"
      }
    ]
  },
  {
    "source_url": "https://www.woolworths.com.au/shop/productdetails/1074973669/eleven-australia-frizz-control-shaping-cream-150ml",
    "name": "Eleven Australia Frizz Control Shaping Cream 150mL",
    "image_url": "https://cdn1.woolworths.media/content/wowproductimages/large/1074973669.jpg",
    "source_id": "Woolworths - 1074973669",
    "barcode": null,
    "shop": "Woolworths",
    "weight": "100ML",
    "prices": [
      {
        "state": "NSW",
        "price": "2795",
        "price_per_unit": "1863",
        "price_unit": "ML"
      },
      {
        "state": "VIC",
        "price": "2795",
        "price_per_unit": "1863",
        "price_unit": "ML"
      },
      {
        "state": "QLD",
        "price": "2795",
        "price_per_unit": "1863",
        "price_unit": "ML"
      },
      {
        "state": "WA",
        "price": "2795",
        "price_per_unit": "1863",
        "price_unit": "ML"
      },
      {
        "state": "SA",
        "price": "2795",
        "price_per_unit": "1863",
        "price_unit": "ML"
      },
      {
        "state": "TAS",
        "price": "2795",
        "price_per_unit": "1863",
        "price_unit": "ML"
      },
      {
        "state": "ACT",
        "price": "2795",
        "price_per_unit": "1863",
        "price_unit": "ML"
      },
      {
        "state": "NT",
        "price": "2795",
        "price_per_unit": "1863",
        "price_unit": "ML"
      }
    ]
  },
  {
    "source_url": "https://www.woolworths.com.au/shop/productdetails/1074685819/eleven-australia-i-want-body-texture-spray-175ml",
    "name": "Eleven Australia I Want Body Texture Spray 175mL",
    "image_url": "https://cdn1.woolworths.media/content/wowproductimages/large/1074685819.jpg",
    "source_id": "Woolworths - 1074685819",
    "barcode": null,
    "shop": "Woolworths",
    "weight": "1EA",
    "prices": [
      {
        "state": "NSW",
        "price": "2695",
        "price_per_unit": "2695",
        "price_unit": "EA"
      },
      {
        "state": "VIC",
        "price": "2695",
        "price_per_unit": "2695",
        "price_unit": "EA"
      },
      {
        "state": "QLD",
        "price": "2695",
        "price_per_unit": "2695",
        "price_unit": "EA"
      },
      {
        "state": "WA",
        "price": "2695",
        "price_per_unit": "2695",
        "price_unit": "EA"
      },
      {
        "state": "SA",
        "price": "2695",
        "price_per_unit": "2695",
        "price_unit": "EA"
      },
      {
        "state": "TAS",
        "price": "2695",
        "price_per_unit": "2695",
        "price_unit": "EA"
      },
      {
        "state": "ACT",
        "price": "2695",
        "price_per_unit": "2695",
        "price_unit": "EA"
      },
      {
        "state": "NT",
        "price": "2695",
        "price_per_unit": "2695",
        "price_unit": "EA"
      }
    ]
  },
  {
    "source_url": "https://www.woolworths.com.au/shop/productdetails/1074973773/eleven-australia-i-want-body-volume-foam-200ml",
    "name": "Eleven Australia I Want Body Volume Foam 200mL",
    "image_url": "https://cdn1.woolworths.media/content/wowproductimages/large/1074973773.jpg",
    "source_id": "Woolworths - 1074973773",
    "barcode": null,
    "shop": "Woolworths",
    "weight": "100ML",
    "prices": [
      {
        "state": "NSW",
        "price": "2795",
        "price_per_unit": "1398",
        "price_unit": "ML"
      },
      {
        "state": "VIC",
        "price": "2795",
        "price_per_unit": "1398",
        "price_unit": "ML"
      },
      {
        "state": "QLD",
        "price": "2795",
        "price_per_unit": "1398",
        "price_unit": "ML"
      },
      {
        "state": "WA",
        "price": "2795",
        "price_per_unit": "1398",
        "price_unit": "ML"
      },
      {
        "state": "SA",
        "price": "2795",
        "price_per_unit": "1398",
        "price_unit": "ML"
      },
      {
        "state": "TAS",
        "price": "2795",
        "price_per_unit": "1398",
        "price_unit": "ML"
      },
      {
        "state": "ACT",
        "price": "2795",
        "price_per_unit": "1398",
        "price_unit": "ML"
      },
      {
        "state": "NT",
        "price": "2795",
        "price_per_unit": "1398",
        "price_unit": "ML"
      }
    ]
  },
  {
    "source_url": "https://www.woolworths.com.au/shop/productdetails/1074973792/eleven-australia-medium-hold-styling-cream-85g",
    "name": "Eleven Australia Medium Hold Styling Cream 85g",
    "image_url": "https://cdn1.woolworths.media/content/wowproductimages/large/1074973792.jpg",
    "source_id": "Woolworths - 1074973792",
    "barcode": null,
    "shop": "Woolworths",
    "weight": "100G",
    "prices": [
      {
        "state": "NSW",
        "price": "2695",
        "price_per_unit": "3171",
        "price_unit": "G"
      },
      {
        "state": "VIC",
        "price": "2695",
        "price_per_unit": "3171",
        "price_unit": "G"
      },
      {
        "state": "QLD",
        "price": "2695",
        "price_per_unit": "3171",
        "price_unit": "G"
      },
      {
        "state": "WA",
        "price": "2695",
        "price_per_unit": "3171",
        "price_unit": "G"
      },
      {
        "state": "SA",
        "price": "2695",
        "price_per_unit": "3171",
        "price_unit": "G"
      },
      {
        "state": "TAS",
        "price": "2695",
        "price_per_unit": "3171",
        "price_unit": "G"
      },
      {
        "state": "ACT",
        "price": "2695",
        "price_per_unit": "3171",
        "price_unit": "G"
      },
      {
        "state": "NT",
        "price": "2695",
        "price_per_unit": "3171",
        "price_unit": "G"
      }
    ]
  },
  {
    "source_url": "https://www.woolworths.com.au/shop/productdetails/1074685826/eleven-australia-sea-salt-texture-spray-200ml",
    "name": "Eleven Australia Sea Salt Texture Spray 200mL",
    "image_url": "https://cdn1.woolworths.media/content/wowproductimages/large/1074685826.jpg",
    "source_id": "Woolworths - 1074685826",
    "barcode": null,
    "shop": "Woolworths",
    "weight": "1EA",
    "prices": [
      {
        "state": "NSW",
        "price": "2695",
        "price_per_unit": "2695",
        "price_unit": "EA"
      },
      {
        "state": "VIC",
        "price": "2695",
        "price_per_unit": "2695",
        "price_unit": "EA"
      },
      {
        "state": "QLD",
        "price": "2695",
        "price_per_unit": "2695",
        "price_unit": "EA"
      },
      {
        "state": "WA",
        "price": "2695",
        "price_per_unit": "2695",
        "price_unit": "EA"
      },
      {
        "state": "SA",
        "price": "2695",
        "price_per_unit": "2695",
        "price_unit": "EA"
      },
      {
        "state": "TAS",
        "price": "2695",
        "price_per_unit": "2695",
        "price_unit": "EA"
      },
      {
        "state": "ACT",
        "price": "2695",
        "price_per_unit": "2695",
        "price_unit": "EA"
      },
      {
        "state": "NT",
        "price": "2695",
        "price_per_unit": "2695",
        "price_unit": "EA"
      }
    ]
  },
  {
    "source_url": "https://www.woolworths.com.au/shop/productdetails/1074707964/ellie-ruby-hanging-hooded-hair-dryer-wall-mounted-bonnet-hood-hairdryer-salon-equipment",
    "name": "Ellie & Ruby Hanging Hooded Hair Dryer Wall Mounted Bonnet Hood Hairdryer Salon Equipment",
    "image_url": "https://cdn1.woolworths.media/content/wowproductimages/large/1074707964.jpg",
    "source_id": "Woolworths - 1074707964",
    "barcode": null,
    "shop": "Woolworths",
    "weight": null,
    "prices": []
  },
  {
    "source_url": "https://www.woolworths.com.au/shop/productdetails/1074885237/ellie-ruby-standing-hair-dryer-accelerator-colour-360-rotating-halo-rolling-salon-equipment",
    "name": "Ellie & Ruby Standing Hair Dryer Accelerator Colour 360 Rotating Halo Rolling Salon Equipment",
    "image_url": "https://cdn1.woolworths.media/content/wowproductimages/large/1074885237.jpg",
    "source_id": "Woolworths - 1074885237",
    "barcode": null,
    "shop": "Woolworths",
    "weight": null,
    "prices": []
  },
  {
    "source_url": "https://www.woolworths.com.au/shop/productdetails/1074499462/esteello-classic-air-rocket",
    "name": "Esteello Classic Air Rocket",
    "image_url": "https://cdn1.woolworths.media/content/wowproductimages/large/1074499462.jpg",
    "source_id": "Woolworths - 1074499462",
    "barcode": null,
    "shop": "Woolworths",
    "weight": null,
    "prices": []
  },
  {
    "source_url": "https://www.woolworths.com.au/shop/productdetails/1074499463/esteello-classic-curler",
    "name": "Esteello Classic Curler",
    "image_url": "https://cdn1.woolworths.media/content/wowproductimages/large/1074499463.jpg",
    "source_id": "Woolworths - 1074499463",
    "barcode": null,
    "shop": "Woolworths",
    "weight": null,
    "prices": []
  },
  {
    "source_url": "https://www.woolworths.com.au/shop/productdetails/1074499464/esteello-classic-power-press",
    "name": "Esteello Classic Power Press",
    "image_url": "https://cdn1.woolworths.media/content/wowproductimages/large/1074499464.jpg",
    "source_id": "Woolworths - 1074499464",
    "barcode": null,
    "shop": "Woolworths",
    "weight": null,
    "prices": []
  },
  {
    "source_url": "https://www.woolworths.com.au/shop/productdetails/1074499460/esteello-luxe-air-rocket",
    "name": "Esteello Luxe Air Rocket",
    "image_url": "https://cdn1.woolworths.media/content/wowproductimages/large/1074499460.jpg",
    "source_id": "Woolworths - 1074499460",
    "barcode": null,
    "shop": "Woolworths",
    "weight": null,
    "prices": []
  },
  {
    "source_url": "https://www.woolworths.com.au/shop/productdetails/1074499454/esteello-luxe-curler-wand-19mm",
    "name": "Esteello Luxe Curler Wand 19mm",
    "image_url": "https://cdn1.woolworths.media/content/wowproductimages/large/1074499454.jpg",
    "source_id": "Woolworths - 1074499454",
    "barcode": null,
    "shop": "Woolworths",
    "weight": null,
    "prices": []
  },
  {
    "source_url": "https://www.woolworths.com.au/shop/productdetails/1074499455/esteello-luxe-curler-wand-25mm",
    "name": "Esteello Luxe Curler Wand 25mm",
    "image_url": "https://cdn1.woolworths.media/content/wowproductimages/large/1074499455.jpg",
    "source_id": "Woolworths - 1074499455",
    "barcode": null,
    "shop": "Woolworths",
    "weight": null,
    "prices": []
  },
  {
    "source_url": "https://www.woolworths.com.au/shop/productdetails/1074499456/esteello-luxe-curler-wand-32mm",
    "name": "Esteello Luxe Curler Wand 32mm",
    "image_url": "https://cdn1.woolworths.media/content/wowproductimages/large/1074499456.jpg",
    "source_id": "Woolworths - 1074499456",
    "barcode": null,
    "shop": "Woolworths",
    "weight": null,
    "prices": []
  },
  {
    "source_url": "https://www.woolworths.com.au/shop/productdetails/1074499461/esteello-luxe-power-press",
    "name": "Esteello Luxe Power Press",
    "image_url": "https://cdn1.woolworths.media/content/wowproductimages/large/1074499461.jpg",
    "source_id": "Woolworths - 1074499461",
    "barcode": null,
    "shop": "Woolworths",
    "weight": null,
    "prices": []
  },
  {
    "source_url": "https://www.woolworths.com.au/shop/productdetails/1074499457/esteello-luxe-wonder-wand-10-19mm",
    "name": "Esteello Luxe Wonder Wand 10-19mm",
    "image_url": "https://cdn1.woolworths.media/content/wowproductimages/large/1074499457.jpg",
    "source_id": "Woolworths - 1074499457",
    "barcode": null,
    "shop": "Woolworths",
    "weight": null,
    "prices": []
  },
  {
    "source_url": "https://www.woolworths.com.au/shop/productdetails/1074499458/esteello-luxe-wonder-wand-13-25mm",
    "name": "Esteello Luxe Wonder Wand 13-25mm",
    "image_url": "https://cdn1.woolworths.media/content/wowproductimages/large/1074499458.jpg",
    "source_id": "Woolworths - 1074499458",
    "barcode": null,
    "shop": "Woolworths",
    "weight": null,
    "prices": []
  },
  {
    "source_url": "https://www.woolworths.com.au/shop/productdetails/1074499459/esteello-luxe-wonder-wand-19-32mm",
    "name": "Esteello Luxe Wonder Wand 19-32mm",
    "image_url": "https://cdn1.woolworths.media/content/wowproductimages/large/1074499459.jpg",
    "source_id": "Woolworths - 1074499459",
    "barcode": null,
    "shop": "Woolworths",
    "weight": null,
    "prices": []
  },
  {
    "source_url": "https://www.woolworths.com.au/shop/productdetails/1074499467/esteello-pro-air-rocket",
    "name": "Esteello Pro Air Rocket",
    "image_url": "https://cdn1.woolworths.media/content/wowproductimages/large/1074499467.jpg",
    "source_id": "Woolworths - 1074499467",
    "barcode": null,
    "shop": "Woolworths",
    "weight": null,
    "prices": []
  },
  {
    "source_url": "https://www.woolworths.com.au/shop/productdetails/1074499465/esteello-pro-power-press-25mm",
    "name": "Esteello Pro Power Press 25mm",
    "image_url": "https://cdn1.woolworths.media/content/wowproductimages/large/1074499465.jpg",
    "source_id": "Woolworths - 1074499465",
    "barcode": null,
    "shop": "Woolworths",
    "weight": null,
    "prices": []
  },
  {
    "source_url": "https://www.woolworths.com.au/shop/productdetails/1074499466/esteello-pro-power-press-infrared",
    "name": "Esteello Pro Power Press Infrared",
    "image_url": "https://cdn1.woolworths.media/content/wowproductimages/large/1074499466.jpg",
    "source_id": "Woolworths - 1074499466",
    "barcode": null,
    "shop": "Woolworths",
    "weight": null,
    "prices": []
  },
  {
    "source_url": "https://www.woolworths.com.au/shop/productdetails/1075566369/fanola-keraterm-spray-for-frizzy-unruly-hair-200ml",
    "name": "Fanola Keraterm Spray For Frizzy & Unruly Hair 200ml",
    "image_url": "https://cdn1.woolworths.media/content/wowproductimages/large/1075566369.jpg",
    "source_id": "Woolworths - 1075566369",
    "barcode": null,
    "shop": "Woolworths",
    "weight": "1EA",
    "prices": [
      {
        "state": "NSW",
        "price": "4135",
        "price_per_unit": "4135",
        "price_unit": "EA"
      },
      {
        "state": "VIC",
        "price": "4135",
        "price_per_unit": "4135",
        "price_unit": "EA"
      },
      {
        "state": "QLD",
        "price": "4135",
        "price_per_unit": "4135",
        "price_unit": "EA"
      },
      {
        "state": "WA",
        "price": "4135",
        "price_per_unit": "4135",
        "price_unit": "EA"
      },
      {
        "state": "SA",
        "price": "4135",
        "price_per_unit": "4135",
        "price_unit": "EA"
      },
      {
        "state": "TAS",
        "price": "4135",
        "price_per_unit": "4135",
        "price_unit": "EA"
      },
      {
        "state": "ACT",
        "price": "4135",
        "price_per_unit": "4135",
        "price_unit": "EA"
      },
      {
        "state": "NT",
        "price": "4135",
        "price_per_unit": "4135",
        "price_unit": "EA"
      }
    ]
  },
  {
    "source_url": "https://www.woolworths.com.au/shop/productdetails/1075566371/fanola-styling-tools-easy-curl-definition-cream-250ml",
    "name": "Fanola Styling Tools Easy Curl Definition Cream 250ml",
    "image_url": "https://cdn1.woolworths.media/content/wowproductimages/large/1075566371.jpg",
    "source_id": "Woolworths - 1075566371",
    "barcode": null,
    "shop": "Woolworths",
    "weight": "1EA",
    "prices": [
      {
        "state": "NSW",
        "price": "3800",
        "price_per_unit": "3800",
        "price_unit": "EA"
      },
      {
        "state": "VIC",
        "price": "3800",
        "price_per_unit": "3800",
        "price_unit": "EA"
      },
      {
        "state": "QLD",
        "price": "3800",
        "price_per_unit": "3800",
        "price_unit": "EA"
      },
      {
        "state": "WA",
        "price": "3800",
        "price_per_unit": "3800",
        "price_unit": "EA"
      },
      {
        "state": "SA",
        "price": "3800",
        "price_per_unit": "3800",
        "price_unit": "EA"
      },
      {
        "state": "TAS",
        "price": "3800",
        "price_per_unit": "3800",
        "price_unit": "EA"
      },
      {
        "state": "ACT",
        "price": "3800",
        "price_per_unit": "3800",
        "price_unit": "EA"
      },
      {
        "state": "NT",
        "price": "3800",
        "price_per_unit": "3800",
        "price_unit": "EA"
      }
    ]
  },
  {
    "source_url": "https://www.woolworths.com.au/shop/productdetails/1075373199/fanola-styling-tools-extreme-gel-extreme-fluid-gel-250ml",
    "name": "Fanola Styling Tools Extreme Gel Extreme Fluid Gel 250ml",
    "image_url": "https://cdn1.woolworths.media/content/wowproductimages/large/1075373199.jpg",
    "source_id": "Woolworths - 1075373199",
    "barcode": null,
    "shop": "Woolworths",
    "weight": "100ML",
    "prices": [
      {
        "state": "NSW",
        "price": "6600",
        "price_per_unit": "2640",
        "price_unit": "ML"
      },
      {
        "state": "VIC",
        "price": "6600",
        "price_per_unit": "2640",
        "price_unit": "ML"
      },
      {
        "state": "QLD",
        "price": "6600",
        "price_per_unit": "2640",
        "price_unit": "ML"
      },
      {
        "state": "WA",
        "price": "6600",
        "price_per_unit": "2640",
        "price_unit": "ML"
      },
      {
        "state": "SA",
        "price": "6600",
        "price_per_unit": "2640",
        "price_unit": "ML"
      },
      {
        "state": "TAS",
        "price": "6600",
        "price_per_unit": "2640",
        "price_unit": "ML"
      },
      {
        "state": "ACT",
        "price": "6600",
        "price_per_unit": "2640",
        "price_unit": "ML"
      },
      {
        "state": "NT",
        "price": "6600",
        "price_per_unit": "2640",
        "price_unit": "ML"
      }
    ]
  },
  {
    "source_url": "https://www.woolworths.com.au/shop/productdetails/1075566367/fanola-styling-tools-full-body-volumizing-mousse-400ml",
    "name": "Fanola Styling Tools Full Body Volumizing Mousse 400ml",
    "image_url": "https://cdn1.woolworths.media/content/wowproductimages/large/1075566367.jpg",
    "source_id": "Woolworths - 1075566367",
    "barcode": null,
    "shop": "Woolworths",
    "weight": "1EA",
    "prices": [
      {
        "state": "NSW",
        "price": "4225",
        "price_per_unit": "4225",
        "price_unit": "EA"
      },
      {
        "state": "VIC",
        "price": "4225",
        "price_per_unit": "4225",
        "price_unit": "EA"
      },
      {
        "state": "QLD",
        "price": "4225",
        "price_per_unit": "4225",
        "price_unit": "EA"
      },
      {
        "state": "WA",
        "price": "4225",
        "price_per_unit": "4225",
        "price_unit": "EA"
      },
      {
        "state": "SA",
        "price": "4225",
        "price_per_unit": "4225",
        "price_unit": "EA"
      },
      {
        "state": "TAS",
        "price": "4225",
        "price_per_unit": "4225",
        "price_unit": "EA"
      },
      {
        "state": "ACT",
        "price": "4225",
        "price_per_unit": "4225",
        "price_unit": "EA"
      },
      {
        "state": "NT",
        "price": "4225",
        "price_per_unit": "4225",
        "price_unit": "EA"
      }
    ]
  },
  {
    "source_url": "https://www.woolworths.com.au/shop/productdetails/1075566374/fanola-styling-tools-go-curl-mousse-for-curly-wavy-hair-300ml",
    "name": "Fanola Styling Tools Go Curl Mousse For Curly & Wavy Hair 300ml",
    "image_url": "https://cdn1.woolworths.media/content/wowproductimages/large/1075566374.jpg",
    "source_id": "Woolworths - 1075566374",
    "barcode": null,
    "shop": "Woolworths",
    "weight": "1EA",
    "prices": [
      {
        "state": "NSW",
        "price": "4225",
        "price_per_unit": "4225",
        "price_unit": "EA"
      },
      {
        "state": "VIC",
        "price": "4225",
        "price_per_unit": "4225",
        "price_unit": "EA"
      },
      {
        "state": "QLD",
        "price": "4225",
        "price_per_unit": "4225",
        "price_unit": "EA"
      },
      {
        "state": "WA",
        "price": "4225",
        "price_per_unit": "4225",
        "price_unit": "EA"
      },
      {
        "state": "SA",
        "price": "4225",
        "price_per_unit": "4225",
        "price_unit": "EA"
      },
      {
        "state": "TAS",
        "price": "4225",
        "price_per_unit": "4225",
        "price_unit": "EA"
      },
      {
        "state": "ACT",
        "price": "4225",
        "price_per_unit": "4225",
        "price_unit": "EA"
      },
      {
        "state": "NT",
        "price": "4225",
        "price_per_unit": "4225",
        "price_unit": "EA"
      }
    ]
  },
  {
    "source_url": "https://www.woolworths.com.au/shop/productdetails/1075566368/fanola-styling-tools-total-mousse-extra-strong-hair-mousse-400ml",
    "name": "Fanola Styling Tools Total Mousse Extra Strong Hair Mousse 400ml",
    "image_url": "https://cdn1.woolworths.media/content/wowproductimages/large/1075566368.jpg",
    "source_id": "Woolworths - 1075566368",
    "barcode": null,
    "shop": "Woolworths",
    "weight": "1EA",
    "prices": [
      {
        "state": "NSW",
        "price": "4135",
        "price_per_unit": "4135",
        "price_unit": "EA"
      },
      {
        "state": "VIC",
        "price": "4135",
        "price_per_unit": "4135",
        "price_unit": "EA"
      },
      {
        "state": "QLD",
        "price": "4135",
        "price_per_unit": "4135",
        "price_unit": "EA"
      },
      {
        "state": "WA",
        "price": "4135",
        "price_per_unit": "4135",
        "price_unit": "EA"
      },
      {
        "state": "SA",
        "price": "4135",
        "price_per_unit": "4135",
        "price_unit": "EA"
      },
      {
        "state": "TAS",
        "price": "4135",
        "price_per_unit": "4135",
        "price_unit": "EA"
      },
      {
        "state": "ACT",
        "price": "4135",
        "price_per_unit": "4135",
        "price_unit": "EA"
      },
      {
        "state": "NT",
        "price": "4135",
        "price_per_unit": "4135",
        "price_unit": "EA"
      }
    ]
  },
  {
    "source_url": "https://www.woolworths.com.au/shop/productdetails/1074133566/final-net-6-x-hairspray-super-hold-50g-hair-styling",
    "name": "Final Net 6 x Hairspray Super Hold 50g Hair Styling",
    "image_url": "https://cdn1.woolworths.media/content/wowproductimages/large/1074133566.jpg",
    "source_id": "Woolworths - 1074133566",
    "barcode": null,
    "shop": "Woolworths",
    "weight": "1EA",
    "prices": [
      {
        "state": "NSW",
        "price": "3495",
        "price_per_unit": "583",
        "price_unit": "EA"
      },
      {
        "state": "VIC",
        "price": "3495",
        "price_per_unit": "583",
        "price_unit": "EA"
      },
      {
        "state": "QLD",
        "price": "3495",
        "price_per_unit": "583",
        "price_unit": "EA"
      },
      {
        "state": "WA",
        "price": "3495",
        "price_per_unit": "583",
        "price_unit": "EA"
      },
      {
        "state": "SA",
        "price": "3495",
        "price_per_unit": "583",
        "price_unit": "EA"
      },
      {
        "state": "TAS",
        "price": "3495",
        "price_per_unit": "583",
        "price_unit": "EA"
      },
      {
        "state": "ACT",
        "price": "3495",
        "price_per_unit": "583",
        "price_unit": "EA"
      },
      {
        "state": "NT",
        "price": "3495",
        "price_per_unit": "583",
        "price_unit": "EA"
      }
    ]
  },
  {
    "source_url": "https://www.woolworths.com.au/shop/productdetails/1075714273/fudge-all-blonde-10-in-1-condition-shield-mist-150ml",
    "name": "Fudge All Blonde 10 in 1 Condition & Shield Mist 150ml",
    "image_url": "https://cdn1.woolworths.media/content/wowproductimages/large/1075714273.jpg",
    "source_id": "Woolworths - 1075714273",
    "barcode": null,
    "shop": "Woolworths",
    "weight": "100ML",
    "prices": [
      {
        "state": "NSW",
        "price": "1999",
        "price_per_unit": "1333",
        "price_unit": "ML"
      },
      {
        "state": "VIC",
        "price": "1999",
        "price_per_unit": "1333",
        "price_unit": "ML"
      },
      {
        "state": "QLD",
        "price": "1999",
        "price_per_unit": "1333",
        "price_unit": "ML"
      },
      {
        "state": "WA",
        "price": "1999",
        "price_per_unit": "1333",
        "price_unit": "ML"
      },
      {
        "state": "SA",
        "price": "1999",
        "price_per_unit": "1333",
        "price_unit": "ML"
      },
      {
        "state": "TAS",
        "price": "1999",
        "price_per_unit": "1333",
        "price_unit": "ML"
      },
      {
        "state": "ACT",
        "price": "1999",
        "price_per_unit": "1333",
        "price_unit": "ML"
      },
      {
        "state": "NT",
        "price": "1999",
        "price_per_unit": "1333",
        "price_unit": "ML"
      }
    ]
  },
  {
    "source_url": "https://www.woolworths.com.au/shop/productdetails/1075714274/fudge-all-blonde-10-in-1-condition-shield-mist-150ml-3pk",
    "name": "Fudge All Blonde 10 in 1 Condition & Shield Mist 150ml 3pk",
    "image_url": "https://cdn1.woolworths.media/content/wowproductimages/large/1075714274.jpg",
    "source_id": "Woolworths - 1075714274",
    "barcode": null,
    "shop": "Woolworths",
    "weight": "1EA",
    "prices": [
      {
        "state": "NSW",
        "price": "3599",
        "price_per_unit": "1200",
        "price_unit": "EA"
      },
      {
        "state": "VIC",
        "price": "3599",
        "price_per_unit": "1200",
        "price_unit": "EA"
      },
      {
        "state": "QLD",
        "price": "3599",
        "price_per_unit": "1200",
        "price_unit": "EA"
      },
      {
        "state": "WA",
        "price": "3599",
        "price_per_unit": "1200",
        "price_unit": "EA"
      },
      {
        "state": "SA",
        "price": "3599",
        "price_per_unit": "1200",
        "price_unit": "EA"
      },
      {
        "state": "TAS",
        "price": "3599",
        "price_per_unit": "1200",
        "price_unit": "EA"
      },
      {
        "state": "ACT",
        "price": "3599",
        "price_per_unit": "1200",
        "price_unit": "EA"
      },
      {
        "state": "NT",
        "price": "3599",
        "price_per_unit": "1200",
        "price_unit": "EA"
      }
    ]
  },
  {
    "source_url": "https://www.woolworths.com.au/shop/productdetails/1075714275/fudge-all-blonde-10-in-1-condition-shield-mist-150ml-6pk",
    "name": "Fudge All Blonde 10 in 1 Condition & Shield Mist 150ml 6pk",
    "image_url": "https://cdn1.woolworths.media/content/wowproductimages/large/1075714275.jpg",
    "source_id": "Woolworths - 1075714275",
    "barcode": null,
    "shop": "Woolworths",
    "weight": "1EA",
    "prices": [
      {
        "state": "NSW",
        "price": "6799",
        "price_per_unit": "1133",
        "price_unit": "EA"
      },
      {
        "state": "VIC",
        "price": "6799",
        "price_per_unit": "1133",
        "price_unit": "EA"
      },
      {
        "state": "QLD",
        "price": "6799",
        "price_per_unit": "1133",
        "price_unit": "EA"
      },
      {
        "state": "WA",
        "price": "6799",
        "price_per_unit": "1133",
        "price_unit": "EA"
      },
      {
        "state": "SA",
        "price": "6799",
        "price_per_unit": "1133",
        "price_unit": "EA"
      },
      {
        "state": "TAS",
        "price": "6799",
        "price_per_unit": "1133",
        "price_unit": "EA"
      },
      {
        "state": "ACT",
        "price": "6799",
        "price_per_unit": "1133",
        "price_unit": "EA"
      },
      {
        "state": "NT",
        "price": "6799",
        "price_per_unit": "1133",
        "price_unit": "EA"
      }
    ]
  },
  {
    "source_url": "https://www.woolworths.com.au/shop/productdetails/345022/fudge-urban-matte-wax-with-no-shine-firm-hold",
    "name": "Fudge Urban Matte Wax With No Shine & Firm Hold 70ml",
    "image_url": "https://cdn1.woolworths.media/content/wowproductimages/large/345022.jpg",
    "source_id": "Woolworths - 345022",
    "barcode": "9312396000061",
    "shop": "Woolworths",
    "weight": "100ML",
    "prices": [
      {
        "state": "NSW",
        "price": "1000",
        "price_per_unit": "1429",
        "price_unit": "ML"
      },
      {
        "state": "VIC",
        "price": "1000",
        "price_per_unit": "1429",
        "price_unit": "ML"
      },
      {
        "state": "QLD",
        "price": "1000",
        "price_per_unit": "1429",
        "price_unit": "ML"
      },
      {
        "state": "WA",
        "price": "1000",
        "price_per_unit": "1429",
        "price_unit": "ML"
      },
      {
        "state": "SA",
        "price": "1000",
        "price_per_unit": "1429",
        "price_unit": "ML"
      },
      {
        "state": "TAS",
        "price": "1000",
        "price_per_unit": "1429",
        "price_unit": "ML"
      },
      {
        "state": "ACT",
        "price": "1000",
        "price_per_unit": "1429",
        "price_unit": "ML"
      },
      {
        "state": "NT",
        "price": "1000",
        "price_per_unit": "1429",
        "price_unit": "ML"
      }
    ]
  },
  {
    "source_url": "https://www.woolworths.com.au/shop/productdetails/1075350048/fudge-urban-remouldable-paste-re-work-and-re-style-70g",
    "name": "Fudge Urban Remouldable Paste Re-Work And Re-Style 70g",
    "image_url": "https://cdn1.woolworths.media/content/wowproductimages/large/1075350048.jpg",
    "source_id": "Woolworths - 1075350048",
    "barcode": null,
    "shop": "Woolworths",
    "weight": "100G",
    "prices": [
      {
        "state": "NSW",
        "price": "2099",
        "price_per_unit": "2999",
        "price_unit": "G"
      },
      {
        "state": "VIC",
        "price": "2099",
        "price_per_unit": "2999",
        "price_unit": "G"
      },
      {
        "state": "QLD",
        "price": "2099",
        "price_per_unit": "2999",
        "price_unit": "G"
      },
      {
        "state": "WA",
        "price": "2099",
        "price_per_unit": "2999",
        "price_unit": "G"
      },
      {
        "state": "SA",
        "price": "2099",
        "price_per_unit": "2999",
        "price_unit": "G"
      },
      {
        "state": "TAS",
        "price": "2099",
        "price_per_unit": "2999",
        "price_unit": "G"
      },
      {
        "state": "ACT",
        "price": "2099",
        "price_per_unit": "2999",
        "price_unit": "G"
      },
      {
        "state": "NT",
        "price": "2099",
        "price_per_unit": "2999",
        "price_unit": "G"
      }
    ]
  },
  {
    "source_url": "https://www.woolworths.com.au/shop/productdetails/1075315558/fudge-urban-remouldable-paste-re-work-and-re-style-70g",
    "name": "Fudge Urban Remouldable Paste Re-Work And Re-Style 70g",
    "image_url": "https://cdn1.woolworths.media/content/wowproductimages/large/1075315558.jpg",
    "source_id": "Woolworths - 1075315558",
    "barcode": null,
    "shop": "Woolworths",
    "weight": "1EA",
    "prices": [
      {
        "state": "NSW",
        "price": "1995",
        "price_per_unit": "1995",
        "price_unit": "EA"
      },
      {
        "state": "VIC",
        "price": "1995",
        "price_per_unit": "1995",
        "price_unit": "EA"
      },
      {
        "state": "QLD",
        "price": "1995",
        "price_per_unit": "1995",
        "price_unit": "EA"
      },
      {
        "state": "WA",
        "price": "1995",
        "price_per_unit": "1995",
        "price_unit": "EA"
      },
      {
        "state": "SA",
        "price": "1995",
        "price_per_unit": "1995",
        "price_unit": "EA"
      },
      {
        "state": "TAS",
        "price": "1995",
        "price_per_unit": "1995",
        "price_unit": "EA"
      },
      {
        "state": "ACT",
        "price": "1995",
        "price_per_unit": "1995",
        "price_unit": "EA"
      },
      {
        "state": "NT",
        "price": "1995",
        "price_per_unit": "1995",
        "price_unit": "EA"
      }
    ]
  },
  {
    "source_url": "https://www.woolworths.com.au/shop/productdetails/1075350114/fudge-urban-rough-up-texture-junk-moulding-fibre-creme-with-natural-hold-70g",
    "name": "Fudge Urban Rough Up Texture Junk Moulding Fibre Creme With Natural Hold 70g",
    "image_url": "https://cdn1.woolworths.media/content/wowproductimages/large/1075350114.jpg",
    "source_id": "Woolworths - 1075350114",
    "barcode": null,
    "shop": "Woolworths",
    "weight": "100G",
    "prices": [
      {
        "state": "NSW",
        "price": "2099",
        "price_per_unit": "2999",
        "price_unit": "G"
      },
      {
        "state": "VIC",
        "price": "2099",
        "price_per_unit": "2999",
        "price_unit": "G"
      },
      {
        "state": "QLD",
        "price": "2099",
        "price_per_unit": "2999",
        "price_unit": "G"
      },
      {
        "state": "WA",
        "price": "2099",
        "price_per_unit": "2999",
        "price_unit": "G"
      },
      {
        "state": "SA",
        "price": "2099",
        "price_per_unit": "2999",
        "price_unit": "G"
      },
      {
        "state": "TAS",
        "price": "2099",
        "price_per_unit": "2999",
        "price_unit": "G"
      },
      {
        "state": "ACT",
        "price": "2099",
        "price_per_unit": "2999",
        "price_unit": "G"
      },
      {
        "state": "NT",
        "price": "2099",
        "price_per_unit": "2999",
        "price_unit": "G"
      }
    ]
  },
  {
    "source_url": "https://www.woolworths.com.au/shop/productdetails/1075068695/fusion-hair-straightening-brush-black",
    "name": "FUSION Hair Straightening Brush - Black",
    "image_url": "https://cdn1.woolworths.media/content/wowproductimages/large/1075068695.jpg",
    "source_id": "Woolworths - 1075068695",
    "barcode": null,
    "shop": "Woolworths",
    "weight": null,
    "prices": []
  },
  {
    "source_url": "https://www.woolworths.com.au/shop/productdetails/1075068696/fusion-hair-straightening-brush-pink",
    "name": "FUSION Hair Straightening Brush - Pink",
    "image_url": "https://cdn1.woolworths.media/content/wowproductimages/large/1075068696.jpg",
    "source_id": "Woolworths - 1075068696",
    "barcode": null,
    "shop": "Woolworths",
    "weight": null,
    "prices": []
  },
  {
    "source_url": "https://www.woolworths.com.au/shop/productdetails/1075071191/fusion-hair-straightening-brush-purple",
    "name": "FUSION Hair Straightening Brush - Purple",
    "image_url": "https://cdn1.woolworths.media/content/wowproductimages/large/1075071191.jpg",
    "source_id": "Woolworths - 1075071191",
    "barcode": null,
    "shop": "Woolworths",
    "weight": null,
    "prices": []
  },
  {
    "source_url": "https://www.woolworths.com.au/shop/productdetails/758007/georgiemane-anti-frizz-serum",
    "name": "Georgiemane Anti-Frizz Serum 100mL",
    "image_url": "https://cdn1.woolworths.media/content/wowproductimages/large/758007.jpg",
    "source_id": "Woolworths - 758007",
    "barcode": "9369998157426",
    "shop": "Woolworths",
    "weight": "100ML",
    "prices": [
      {
        "state": "NSW",
        "price": "3500",
        "price_per_unit": "3500",
        "price_unit": "ML"
      },
      {
        "state": "VIC",
        "price": "3500",
        "price_per_unit": "3500",
        "price_unit": "ML"
      },
      {
        "state": "QLD",
        "price": "3500",
        "price_per_unit": "3500",
        "price_unit": "ML"
      },
      {
        "state": "WA",
        "price": "3500",
        "price_per_unit": "3500",
        "price_unit": "ML"
      },
      {
        "state": "SA",
        "price": "3500",
        "price_per_unit": "3500",
        "price_unit": "ML"
      },
      {
        "state": "TAS",
        "price": "3500",
        "price_per_unit": "3500",
        "price_unit": "ML"
      },
      {
        "state": "ACT",
        "price": "3500",
        "price_per_unit": "3500",
        "price_unit": "ML"
      },
      {
        "state": "NT",
        "price": "3675",
        "price_per_unit": "3675",
        "price_unit": "ML"
      }
    ]
  },
  {
    "source_url": "https://www.woolworths.com.au/shop/productdetails/755577/georgiemane-curl-cream",
    "name": "Georgiemane Curl Cream 200mL",
    "image_url": "https://cdn1.woolworths.media/content/wowproductimages/large/755577.jpg",
    "source_id": "Woolworths - 755577",
    "barcode": "9369998203130",
    "shop": "Woolworths",
    "weight": "100ML",
    "prices": [
      {
        "state": "NSW",
        "price": "3500",
        "price_per_unit": "1750",
        "price_unit": "ML"
      },
      {
        "state": "VIC",
        "price": "3500",
        "price_per_unit": "1750",
        "price_unit": "ML"
      },
      {
        "state": "QLD",
        "price": "3500",
        "price_per_unit": "1750",
        "price_unit": "ML"
      },
      {
        "state": "WA",
        "price": "3500",
        "price_per_unit": "1750",
        "price_unit": "ML"
      },
      {
        "state": "SA",
        "price": "3500",
        "price_per_unit": "1750",
        "price_unit": "ML"
      },
      {
        "state": "TAS",
        "price": "3500",
        "price_per_unit": "1750",
        "price_unit": "ML"
      },
      {
        "state": "ACT",
        "price": "3500",
        "price_per_unit": "1750",
        "price_unit": "ML"
      },
      {
        "state": "NT",
        "price": "3675",
        "price_per_unit": "1838",
        "price_unit": "ML"
      }
    ]
  },
  {
    "source_url": "https://www.woolworths.com.au/shop/productdetails/757820/georgiemane-dry-shampoo",
    "name": "Georgiemane Dry Shampoo 30g",
    "image_url": "https://cdn1.woolworths.media/content/wowproductimages/large/757820.jpg",
    "source_id": "Woolworths - 757820",
    "barcode": "9369998203635",
    "shop": "Woolworths",
    "weight": "100G",
    "prices": [
      {
        "state": "NSW",
        "price": "3000",
        "price_per_unit": "10000",
        "price_unit": "G"
      },
      {
        "state": "VIC",
        "price": "3000",
        "price_per_unit": "10000",
        "price_unit": "G"
      },
      {
        "state": "QLD",
        "price": "3000",
        "price_per_unit": "10000",
        "price_unit": "G"
      },
      {
        "state": "WA",
        "price": "3000",
        "price_per_unit": "10000",
        "price_unit": "G"
      },
      {
        "state": "SA",
        "price": "3000",
        "price_per_unit": "10000",
        "price_unit": "G"
      },
      {
        "state": "TAS",
        "price": "3000",
        "price_per_unit": "10000",
        "price_unit": "G"
      },
      {
        "state": "ACT",
        "price": "3000",
        "price_per_unit": "10000",
        "price_unit": "G"
      },
      {
        "state": "NT",
        "price": "3150",
        "price_per_unit": "10500",
        "price_unit": "G"
      }
    ]
  },
  {
    "source_url": "https://www.woolworths.com.au/shop/productdetails/1074933031/ghd-air-professional-hair-dryer-black-1pc",
    "name": "GHD Air Professional Hair Dryer - # Black 1pc",
    "image_url": "https://cdn1.woolworths.media/content/wowproductimages/large/1074933031.jpg",
    "source_id": "Woolworths - 1074933031",
    "barcode": null,
    "shop": "Woolworths",
    "weight": null,
    "prices": []
  },
  {
    "source_url": "https://www.woolworths.com.au/shop/productdetails/1074933043/ghd-helios-professional-hair-dryer-black-1pc",
    "name": "GHD Helios Professional Hair Dryer - # Black 1pc",
    "image_url": "https://cdn1.woolworths.media/content/wowproductimages/large/1074933043.jpg",
    "source_id": "Woolworths - 1074933043",
    "barcode": null,
    "shop": "Woolworths",
    "weight": null,
    "prices": []
  },
  {
    "source_url": "https://www.woolworths.com.au/shop/productdetails/1074933044/ghd-helios-professional-hair-dryer-plum-1pc",
    "name": "GHD Helios Professional Hair Dryer - # Plum 1pc",
    "image_url": "https://cdn1.woolworths.media/content/wowproductimages/large/1074933044.jpg",
    "source_id": "Woolworths - 1074933044",
    "barcode": null,
    "shop": "Woolworths",
    "weight": null,
    "prices": []
  },
  {
    "source_url": "https://www.woolworths.com.au/shop/productdetails/1074933045/ghd-helios-professional-hair-dryer-sun-kissed-desert-1pc",
    "name": "GHD Helios Professional Hair Dryer - # Sun Kissed Desert 1pc",
    "image_url": "https://cdn1.woolworths.media/content/wowproductimages/large/1074933045.jpg",
    "source_id": "Woolworths - 1074933045",
    "barcode": null,
    "shop": "Woolworths",
    "weight": null,
    "prices": []
  },
  {
    "source_url": "https://www.woolworths.com.au/shop/productdetails/1074933046/ghd-helios-professional-hair-dryer-white-1pc",
    "name": "GHD Helios Professional Hair Dryer - # White 1pc",
    "image_url": "https://cdn1.woolworths.media/content/wowproductimages/large/1074933046.jpg",
    "source_id": "Woolworths - 1074933046",
    "barcode": null,
    "shop": "Woolworths",
    "weight": null,
    "prices": []
  },
  {
    "source_url": "https://www.woolworths.com.au/shop/productdetails/270892/batiste-volume-dry-shampoo",
    "name": "Batiste Volume Dry Shampoo 350ml",
    "image_url": "https://cdn1.woolworths.media/content/wowproductimages/large/270892.jpg",
    "source_id": "Woolworths - 270892",
    "barcode": "5010724544778",
    "shop": "Woolworths",
    "weight": "100ML",
    "prices": [
      {
        "state": "VIC",
        "price": "1900",
        "price_per_unit": "543",
        "price_unit": "ML"
      },
      {
        "state": "QLD",
        "price": "1900",
        "price_per_unit": "543",
        "price_unit": "ML"
      },
      {
        "state": "WA",
        "price": "1900",
        "price_per_unit": "543",
        "price_unit": "ML"
      },
      {
        "state": "SA",
        "price": "1900",
        "price_per_unit": "543",
        "price_unit": "ML"
      },
      {
        "state": "ACT",
        "price": "1900",
        "price_per_unit": "543",
        "price_unit": "ML"
      },
      {
        "state": "NT",
        "price": "2100",
        "price_per_unit": "600",
        "price_unit": "ML"
      }
    ]
  },
  {
    "source_url": "https://www.woolworths.com.au/shop/productdetails/1075347197/giovanni-hair-spray-la-hold-147ml",
    "name": "Giovanni Hair Spray LA Hold 147ml",
    "image_url": "https://cdn1.woolworths.media/content/wowproductimages/large/1075347197.jpg",
    "source_id": "Woolworths - 1075347197",
    "barcode": null,
    "shop": "Woolworths",
    "weight": "100ML",
    "prices": [
      {
        "state": "VIC",
        "price": "1836",
        "price_per_unit": "1249",
        "price_unit": "ML"
      },
      {
        "state": "QLD",
        "price": "1836",
        "price_per_unit": "1249",
        "price_unit": "ML"
      },
      {
        "state": "WA",
        "price": "1836",
        "price_per_unit": "1249",
        "price_unit": "ML"
      },
      {
        "state": "SA",
        "price": "1836",
        "price_per_unit": "1249",
        "price_unit": "ML"
      },
      {
        "state": "TAS",
        "price": "1836",
        "price_per_unit": "1249",
        "price_unit": "ML"
      },
      {
        "state": "NT",
        "price": "1836",
        "price_per_unit": "1249",
        "price_unit": "ML"
      }
    ]
  },
  {
    "source_url": "https://www.woolworths.com.au/shop/productdetails/1075344997/giovanni-hair-styling-gel-la-hold-200ml",
    "name": "Giovanni Hair Styling Gel LA Hold 200ml",
    "image_url": "https://cdn1.woolworths.media/content/wowproductimages/large/1075344997.jpg",
    "source_id": "Woolworths - 1075344997",
    "barcode": null,
    "shop": "Woolworths",
    "weight": "100ML",
    "prices": [
      {
        "state": "VIC",
        "price": "1916",
        "price_per_unit": "958",
        "price_unit": "ML"
      },
      {
        "state": "QLD",
        "price": "1916",
        "price_per_unit": "958",
        "price_unit": "ML"
      },
      {
        "state": "WA",
        "price": "1916",
        "price_per_unit": "958",
        "price_unit": "ML"
      },
      {
        "state": "SA",
        "price": "1916",
        "price_per_unit": "958",
        "price_unit": "ML"
      },
      {
        "state": "TAS",
        "price": "1916",
        "price_per_unit": "958",
        "price_unit": "ML"
      },
      {
        "state": "NT",
        "price": "1916",
        "price_per_unit": "958",
        "price_unit": "ML"
      }
    ]
  },
  {
    "source_url": "https://www.woolworths.com.au/shop/productdetails/1075344757/giovanni-hair-styling-glue-custom-hair-modeler-57g",
    "name": "Giovanni Hair Styling Glue Custom Hair Modeler 57g",
    "image_url": "https://cdn1.woolworths.media/content/wowproductimages/large/1075344757.jpg",
    "source_id": "Woolworths - 1075344757",
    "barcode": null,
    "shop": "Woolworths",
    "weight": "100G",
    "prices": [
      {
        "state": "VIC",
        "price": "2156",
        "price_per_unit": "3782",
        "price_unit": "G"
      },
      {
        "state": "QLD",
        "price": "2156",
        "price_per_unit": "3782",
        "price_unit": "G"
      },
      {
        "state": "WA",
        "price": "2156",
        "price_per_unit": "3782",
        "price_unit": "G"
      },
      {
        "state": "SA",
        "price": "2156",
        "price_per_unit": "3782",
        "price_unit": "G"
      },
      {
        "state": "TAS",
        "price": "2156",
        "price_per_unit": "3782",
        "price_unit": "G"
      },
      {
        "state": "NT",
        "price": "2156",
        "price_per_unit": "3782",
        "price_unit": "G"
      }
    ]
  },
  {
    "source_url": "https://www.woolworths.com.au/shop/productdetails/1075344765/giovanni-mousse-air-turbo-charged-hair-styling-foam-207ml",
    "name": "Giovanni Mousse Air Turbo Charged Hair Styling Foam 207ml",
    "image_url": "https://cdn1.woolworths.media/content/wowproductimages/large/1075344765.jpg",
    "source_id": "Woolworths - 1075344765",
    "barcode": null,
    "shop": "Woolworths",
    "weight": "100ML",
    "prices": [
      {
        "state": "VIC",
        "price": "1836",
        "price_per_unit": "887",
        "price_unit": "ML"
      },
      {
        "state": "QLD",
        "price": "1836",
        "price_per_unit": "887",
        "price_unit": "ML"
      },
      {
        "state": "WA",
        "price": "1836",
        "price_per_unit": "887",
        "price_unit": "ML"
      },
      {
        "state": "SA",
        "price": "1836",
        "price_per_unit": "887",
        "price_unit": "ML"
      },
      {
        "state": "TAS",
        "price": "1836",
        "price_per_unit": "887",
        "price_unit": "ML"
      },
      {
        "state": "NT",
        "price": "1836",
        "price_per_unit": "887",
        "price_unit": "ML"
      }
    ]
  },
  {
    "source_url": "https://www.woolworths.com.au/shop/productdetails/1075346207/giovanni-rapid-blow-dry-hair-shield-style-spray-118ml",
    "name": "Giovanni Rapid Blow-Dry Hair Shield & Style Spray 118ml",
    "image_url": "https://cdn1.woolworths.media/content/wowproductimages/large/1075346207.jpg",
    "source_id": "Woolworths - 1075346207",
    "barcode": null,
    "shop": "Woolworths",
    "weight": "100ML",
    "prices": [
      {
        "state": "VIC",
        "price": "1916",
        "price_per_unit": "1624",
        "price_unit": "ML"
      },
      {
        "state": "QLD",
        "price": "1916",
        "price_per_unit": "1624",
        "price_unit": "ML"
      },
      {
        "state": "WA",
        "price": "1916",
        "price_per_unit": "1624",
        "price_unit": "ML"
      },
      {
        "state": "SA",
        "price": "1916",
        "price_per_unit": "1624",
        "price_unit": "ML"
      },
      {
        "state": "TAS",
        "price": "1916",
        "price_per_unit": "1624",
        "price_unit": "ML"
      },
      {
        "state": "NT",
        "price": "1916",
        "price_per_unit": "1624",
        "price_unit": "ML"
      }
    ]
  },
  {
    "source_url": "https://www.woolworths.com.au/shop/productdetails/1076489644/bumble-and-bumble-bond-building-repair-styling-cream-150ml",
    "name": "Bumble and bumble Bond-Building Repair Styling Cream 150mL",
    "image_url": "https://cdn1.woolworths.media/content/wowproductimages/large/1076489644.jpg",
    "source_id": "Woolworths - 1076489644",
    "barcode": null,
    "shop": "Woolworths",
    "weight": "100ML",
    "prices": [
      {
        "state": "QLD",
        "price": "5600",
        "price_per_unit": "3733",
        "price_unit": "ML"
      },
      {
        "state": "WA",
        "price": "5600",
        "price_per_unit": "3733",
        "price_unit": "ML"
      },
      {
        "state": "SA",
        "price": "5600",
        "price_per_unit": "3733",
        "price_unit": "ML"
      },
      {
        "state": "TAS",
        "price": "5600",
        "price_per_unit": "3733",
        "price_unit": "ML"
      },
      {
        "state": "ACT",
        "price": "5600",
        "price_per_unit": "3733",
        "price_unit": "ML"
      },
      {
        "state": "NT",
        "price": "5600",
        "price_per_unit": "3733",
        "price_unit": "ML"
      }
    ]
  },
  {
    "source_url": "https://www.woolworths.com.au/shop/productdetails/1076489639/bumble-and-bumble-curl-defining-cream-250ml",
    "name": "Bumble and bumble Curl Defining Cream 250mL",
    "image_url": "https://cdn1.woolworths.media/content/wowproductimages/large/1076489639.jpg",
    "source_id": "Woolworths - 1076489639",
    "barcode": null,
    "shop": "Woolworths",
    "weight": "100ML",
    "prices": [
      {
        "state": "QLD",
        "price": "5500",
        "price_per_unit": "2200",
        "price_unit": "ML"
      },
      {
        "state": "WA",
        "price": "5500",
        "price_per_unit": "2200",
        "price_unit": "ML"
      },
      {
        "state": "SA",
        "price": "5500",
        "price_per_unit": "2200",
        "price_unit": "ML"
      },
      {
        "state": "TAS",
        "price": "5500",
        "price_per_unit": "2200",
        "price_unit": "ML"
      },
      {
        "state": "ACT",
        "price": "5500",
        "price_per_unit": "2200",
        "price_unit": "ML"
      },
      {
        "state": "NT",
        "price": "5500",
        "price_per_unit": "2200",
        "price_unit": "ML"
      }
    ]
  },
  {
    "source_url": "https://www.woolworths.com.au/shop/productdetails/1076489645/bumble-and-bumble-curl-reactivator-250ml",
    "name": "Bumble and bumble Curl Reactivator 250mL",
    "image_url": "https://cdn1.woolworths.media/content/wowproductimages/large/1076489645.jpg",
    "source_id": "Woolworths - 1076489645",
    "barcode": null,
    "shop": "Woolworths",
    "weight": "100ML",
    "prices": [
      {
        "state": "QLD",
        "price": "5300",
        "price_per_unit": "2120",
        "price_unit": "ML"
      },
      {
        "state": "WA",
        "price": "5300",
        "price_per_unit": "2120",
        "price_unit": "ML"
      },
      {
        "state": "SA",
        "price": "5300",
        "price_per_unit": "2120",
        "price_unit": "ML"
      },
      {
        "state": "TAS",
        "price": "5300",
        "price_per_unit": "2120",
        "price_unit": "ML"
      },
      {
        "state": "ACT",
        "price": "5300",
        "price_per_unit": "2120",
        "price_unit": "ML"
      },
      {
        "state": "NT",
        "price": "5300",
        "price_per_unit": "2120",
        "price_unit": "ML"
      }
    ]
  },
  {
    "source_url": "https://www.woolworths.com.au/shop/productdetails/1076490100/dapper-dan-deluxe-pomade-medium-hold-medium-shine-100ml",
    "name": "Dapper Dan Deluxe Pomade Medium Hold Medium Shine 100mL",
    "image_url": "https://cdn1.woolworths.media/content/wowproductimages/large/1076490100.jpg",
    "source_id": "Woolworths - 1076490100",
    "barcode": null,
    "shop": "Woolworths",
    "weight": "100ML",
    "prices": [
      {
        "state": "QLD",
        "price": "2800",
        "price_per_unit": "2800",
        "price_unit": "ML"
      },
      {
        "state": "WA",
        "price": "2800",
        "price_per_unit": "2800",
        "price_unit": "ML"
      },
      {
        "state": "SA",
        "price": "2800",
        "price_per_unit": "2800",
        "price_unit": "ML"
      },
      {
        "state": "TAS",
        "price": "2800",
        "price_per_unit": "2800",
        "price_unit": "ML"
      },
      {
        "state": "ACT",
        "price": "2800",
        "price_per_unit": "2800",
        "price_unit": "ML"
      },
      {
        "state": "NT",
        "price": "2800",
        "price_per_unit": "2800",
        "price_unit": "ML"
      }
    ]
  },
  {
    "source_url": "https://www.woolworths.com.au/shop/productdetails/1076490098/dapper-dan-grooming-tonic-250ml",
    "name": "Dapper Dan Grooming Tonic 250mL",
    "image_url": "https://cdn1.woolworths.media/content/wowproductimages/large/1076490098.jpg",
    "source_id": "Woolworths - 1076490098",
    "barcode": null,
    "shop": "Woolworths",
    "weight": "100ML",
    "prices": [
      {
        "state": "QLD",
        "price": "2800",
        "price_per_unit": "1120",
        "price_unit": "ML"
      },
      {
        "state": "WA",
        "price": "2800",
        "price_per_unit": "1120",
        "price_unit": "ML"
      },
      {
        "state": "SA",
        "price": "2800",
        "price_per_unit": "1120",
        "price_unit": "ML"
      },
      {
        "state": "TAS",
        "price": "2800",
        "price_per_unit": "1120",
        "price_unit": "ML"
      },
      {
        "state": "ACT",
        "price": "2800",
        "price_per_unit": "1120",
        "price_unit": "ML"
      },
      {
        "state": "NT",
        "price": "2800",
        "price_per_unit": "1120",
        "price_unit": "ML"
      }
    ]
  },
  {
    "source_url": "https://www.woolworths.com.au/shop/productdetails/1076490099/dapper-dan-heavy-hold-pomade-superior-hold-shine-100ml",
    "name": "Dapper Dan Heavy Hold Pomade Superior Hold & Shine 100mL",
    "image_url": "https://cdn1.woolworths.media/content/wowproductimages/large/1076490099.jpg",
    "source_id": "Woolworths - 1076490099",
    "barcode": null,
    "shop": "Woolworths",
    "weight": "100ML",
    "prices": [
      {
        "state": "QLD",
        "price": "2800",
        "price_per_unit": "2800",
        "price_unit": "ML"
      },
      {
        "state": "QLD",
        "price": "2800",
        "price_per_unit": "2800",
        "price_unit": "ML"
      },
      {
        "state": "WA",
        "price": "2800",
        "price_per_unit": "2800",
        "price_unit": "ML"
      },
      {
        "state": "SA",
        "price": "2800",
        "price_per_unit": "2800",
        "price_unit": "ML"
      },
      {
        "state": "TAS",
        "price": "2800",
        "price_per_unit": "2800",
        "price_unit": "ML"
      },
      {
        "state": "ACT",
        "price": "2800",
        "price_per_unit": "2800",
        "price_unit": "ML"
      },
      {
        "state": "NT",
        "price": "2800",
        "price_per_unit": "2800",
        "price_unit": "ML"
      }
    ]
  },
  {
    "source_url": "https://www.woolworths.com.au/shop/productdetails/1076490101/dapper-dan-matt-clay-strong-hold-100ml",
    "name": "Dapper Dan Matt Clay Strong Hold 100mL",
    "image_url": "https://cdn1.woolworths.media/content/wowproductimages/large/1076490101.jpg",
    "source_id": "Woolworths - 1076490101",
    "barcode": null,
    "shop": "Woolworths",
    "weight": "100ML",
    "prices": [
      {
        "state": "QLD",
        "price": "2800",
        "price_per_unit": "2800",
        "price_unit": "ML"
      },
      {
        "state": "QLD",
        "price": "2800",
        "price_per_unit": "2800",
        "price_unit": "ML"
      },
      {
        "state": "WA",
        "price": "2800",
        "price_per_unit": "2800",
        "price_unit": "ML"
      },
      {
        "state": "SA",
        "price": "2800",
        "price_per_unit": "2800",
        "price_unit": "ML"
      },
      {
        "state": "TAS",
        "price": "2800",
        "price_per_unit": "2800",
        "price_unit": "ML"
      },
      {
        "state": "ACT",
        "price": "2800",
        "price_per_unit": "2800",
        "price_unit": "ML"
      },
      {
        "state": "NT",
        "price": "2800",
        "price_per_unit": "2800",
        "price_unit": "ML"
      }
    ]
  },
  {
    "source_url": "https://www.woolworths.com.au/shop/productdetails/1076490102/dapper-dan-ultra-matte-super-hold-clay-100ml",
    "name": "Dapper Dan Ultra Matte Super Hold Clay 100mL",
    "image_url": "https://cdn1.woolworths.media/content/wowproductimages/large/1076490102.jpg",
    "source_id": "Woolworths - 1076490102",
    "barcode": null,
    "shop": "Woolworths",
    "weight": "100ML",
    "prices": [
      {
        "state": "QLD",
        "price": "2800",
        "price_per_unit": "2800",
        "price_unit": "ML"
      },
      {
        "state": "QLD",
        "price": "2800",
        "price_per_unit": "2800",
        "price_unit": "ML"
      },
      {
        "state": "WA",
        "price": "2800",
        "price_per_unit": "2800",
        "price_unit": "ML"
      },
      {
        "state": "SA",
        "price": "2800",
        "price_per_unit": "2800",
        "price_unit": "ML"
      },
      {
        "state": "TAS",
        "price": "2800",
        "price_per_unit": "2800",
        "price_unit": "ML"
      },
      {
        "state": "ACT",
        "price": "2800",
        "price_per_unit": "2800",
        "price_unit": "ML"
      },
      {
        "state": "NT",
        "price": "2800",
        "price_per_unit": "2800",
        "price_unit": "ML"
      }
    ]
  },
  {
    "source_url": "https://www.woolworths.com.au/shop/productdetails/1076478677/covergirl-outlast-active-cooling-setting-mist-100ml-2-pack",
    "name": "Covergirl Outlast Active Cooling Setting Mist 100ml - 2 Pack",
    "image_url": "https://cdn1.woolworths.media/content/wowproductimages/large/default.png",
    "source_id": "Woolworths - 1076478677",
    "barcode": null,
    "shop": "Woolworths",
    "weight": "1EA",
    "prices": [
      {
        "state": "SA",
        "price": "2352",
        "price_per_unit": "1176",
        "price_unit": "EA"
      },
      {
        "state": "TAS",
        "price": "2352",
        "price_per_unit": "1176",
        "price_unit": "EA"
      },
      {
        "state": "ACT",
        "price": "2352",
        "price_per_unit": "1176",
        "price_unit": "EA"
      },
      {
        "state": "NT",
        "price": "2352",
        "price_per_unit": "1176",
        "price_unit": "EA"
      }
    ]
  },
  {
    "source_url": "https://www.woolworths.com.au/shop/productdetails/227749/garnier-fructis-style-curl-control-mousse",
    "name": "Garnier Fructis Style Curl Control Mousse 200ml",
    "image_url": "https://cdn1.woolworths.media/content/wowproductimages/large/227749.jpg",
    "source_id": "Woolworths - 227749",
    "barcode": "3600540859495",
    "shop": "Woolworths",
    "weight": "100ML",
    "prices": [
      {
        "state": "TAS",
        "price": "850",
        "price_per_unit": "425",
        "price_unit": "ML"
      }
    ]
  },
  {
    "source_url": "https://www.woolworths.com.au/shop/productdetails/1076478676/covergirl-outlast-active-cooling-setting-mist-100ml",
    "name": "Covergirl Outlast Active Cooling Setting Mist 100ml",
    "image_url": "https://cdn1.woolworths.media/content/wowproductimages/large/default.png",
    "source_id": "Woolworths - 1076478676",
    "barcode": null,
    "shop": "Woolworths",
    "weight": "100ML",
    "prices": [
      {
        "state": "ACT",
        "price": "1711",
        "price_per_unit": "1711",
        "price_unit": "ML"
      },
      {
        "state": "NT",
        "price": "1711",
        "price_per_unit": "1711",
        "price_unit": "ML"
      }
    ]
  },
  {
    "source_url": "https://www.woolworths.com.au/shop/productdetails/1076478800/fudge-urban-rocker-wax-reworkable-styling-paste-75ml",
    "name": "Fudge Urban Rocker Wax Reworkable Styling Paste 75ml",
    "image_url": "https://cdn1.woolworths.media/content/wowproductimages/large/default.png",
    "source_id": "Woolworths - 1076478800",
    "barcode": null,
    "shop": "Woolworths",
    "weight": "1EA",
    "prices": [
      {
        "state": "ACT",
        "price": "1637",
        "price_per_unit": "1637",
        "price_unit": "EA"
      },
      {
        "state": "NT",
        "price": "1637",
        "price_per_unit": "1637",
        "price_unit": "EA"
      }
    ]
  },
  {
    "source_url": "https://www.woolworths.com.au/shop/productdetails/1076478802/fudge-urban-rough-up-texture-junk-70g",
    "name": "Fudge Urban Rough Up Texture Junk 70g",
    "image_url": "https://cdn1.woolworths.media/content/wowproductimages/large/default.png",
    "source_id": "Woolworths - 1076478802",
    "barcode": null,
    "shop": "Woolworths",
    "weight": "1EA",
    "prices": [
      {
        "state": "ACT",
        "price": "1700",
        "price_per_unit": "1700",
        "price_unit": "EA"
      },
      {
        "state": "NT",
        "price": "1700",
        "price_per_unit": "1700",
        "price_unit": "EA"
      }
    ]
  },
  {
    "source_url": "https://www.woolworths.com.au/shop/productdetails/1076478803/fudge-urban-rough-up-texture-junk-70g-4-pack",
    "name": "Fudge Urban Rough Up Texture Junk 70g - 4 Pack",
    "image_url": "https://cdn1.woolworths.media/content/wowproductimages/large/default.png",
    "source_id": "Woolworths - 1076478803",
    "barcode": null,
    "shop": "Woolworths",
    "weight": "1EA",
    "prices": [
      {
        "state": "ACT",
        "price": "3757",
        "price_per_unit": "3757",
        "price_unit": "EA"
      },
      {
        "state": "NT",
        "price": "3757",
        "price_per_unit": "3757",
        "price_unit": "EA"
      }
    ]
  }
]