[
  {
    "source_url": "https://www.woolworths.com.au/shop/productdetails/1075481200/ambre-luxe-blueberry-bronzing-foam-200ml",
    "name": "Ambre Luxe Blueberry Bronzing Foam 200ml",
    "image_url": "https://cdn1.woolworths.media/content/wowproductimages/large/1075481200.jpg",
    "source_id": "Woolworths - 1075481200",
    "barcode": null,
    "shop": "Woolworths",
    "weight": "100ML",
    "prices": [
      {
        "state": "NSW",
        "price": "2995",
        "price_per_unit": "1498",
        "price_unit": "ML"
      },
      {
        "state": "VIC",
        "price": "2995",
        "price_per_unit": "1498",
        "price_unit": "ML"
      },
      {
        "state": "QLD",
        "price": "2995",
        "price_per_unit": "1498",
        "price_unit": "ML"
      },
      {
        "state": "WA",
        "price": "2995",
        "price_per_unit": "1498",
        "price_unit": "ML"
      },
      {
        "state": "SA",
        "price": "2995",
        "price_per_unit": "1498",
        "price_unit": "ML"
      },
      {
        "state": "TAS",
        "price": "2995",
        "price_per_unit": "1498",
        "price_unit": "ML"
      },
      {
        "state": "ACT",
        "price": "2995",
        "price_per_unit": "1498",
        "price_unit": "ML"
      },
      {
        "state": "NT",
        "price": "2995",
        "price_per_unit": "1498",
        "price_unit": "ML"
      }
    ]
  },
  {
    "source_url": "https://www.woolworths.com.au/shop/productdetails/1075479804/ambre-luxe-blueberry-gradual-tanning-moisturiser-200ml",
    "name": "Ambre Luxe Blueberry Gradual Tanning Moisturiser 200ml",
    "image_url": "https://cdn1.woolworths.media/content/wowproductimages/large/1075479804.jpg",
    "source_id": "Woolworths - 1075479804",
    "barcode": null,
    "shop": "Woolworths",
    "weight": "100ML",
    "prices": [
      {
        "state": "NSW",
        "price": "2995",
        "price_per_unit": "1498",
        "price_unit": "ML"
      },
      {
        "state": "VIC",
        "price": "2995",
        "price_per_unit": "1498",
        "price_unit": "ML"
      },
      {
        "state": "QLD",
        "price": "2995",
        "price_per_unit": "1498",
        "price_unit": "ML"
      },
      {
        "state": "WA",
        "price": "2995",
        "price_per_unit": "1498",
        "price_unit": "ML"
      },
      {
        "state": "SA",
        "price": "2995",
        "price_per_unit": "1498",
        "price_unit": "ML"
      },
      {
        "state": "TAS",
        "price": "2995",
        "price_per_unit": "1498",
        "price_unit": "ML"
      },
      {
        "state": "ACT",
        "price": "2995",
        "price_per_unit": "1498",
        "price_unit": "ML"
      },
      {
        "state": "NT",
        "price": "2995",
        "price_per_unit": "1498",
        "price_unit": "ML"
      }
    ]
  },
  {
    "source_url": "https://www.woolworths.com.au/shop/productdetails/1075346081/ambre-luxe-watermelon-tan-remover-200ml",
    "name": "Ambre Luxe Watermelon Tan Remover 200ml",
    "image_url": "https://cdn1.woolworths.media/content/wowproductimages/large/1075346081.jpg",
    "source_id": "Woolworths - 1075346081",
    "barcode": null,
    "shop": "Woolworths",
    "weight": "1EA",
    "prices": [
      {
        "state": "NSW",
        "price": "2495",
        "price_per_unit": "2495",
        "price_unit": "EA"
      },
      {
        "state": "VIC",
        "price": "2495",
        "price_per_unit": "2495",
        "price_unit": "EA"
      },
      {
        "state": "QLD",
        "price": "2495",
        "price_per_unit": "2495",
        "price_unit": "EA"
      },
      {
        "state": "WA",
        "price": "2495",
        "price_per_unit": "2495",
        "price_unit": "EA"
      },
      {
        "state": "SA",
        "price": "2495",
        "price_per_unit": "2495",
        "price_unit": "EA"
      },
      {
        "state": "TAS",
        "price": "2495",
        "price_per_unit": "2495",
        "price_unit": "EA"
      },
      {
        "state": "ACT",
        "price": "2495",
        "price_per_unit": "2495",
        "price_unit": "EA"
      },
      {
        "state": "NT",
        "price": "2495",
        "price_per_unit": "2495",
        "price_unit": "EA"
      }
    ]
  },
  {
    "source_url": "https://www.woolworths.com.au/shop/productdetails/1075346589/ancient-minerals-magnesium-lotion-fragrance-free-150ml",
    "name": "Ancient Minerals Magnesium Lotion Fragrance Free 150ml",
    "image_url": "https://cdn1.woolworths.media/content/wowproductimages/large/1075346589.jpg",
    "source_id": "Woolworths - 1075346589",
    "barcode": null,
    "shop": "Woolworths",
    "weight": "10ML",
    "prices": [
      {
        "state": "NSW",
        "price": "4195",
        "price_per_unit": "280",
        "price_unit": "ML"
      },
      {
        "state": "VIC",
        "price": "4195",
        "price_per_unit": "280",
        "price_unit": "ML"
      },
      {
        "state": "QLD",
        "price": "4195",
        "price_per_unit": "280",
        "price_unit": "ML"
      },
      {
        "state": "WA",
        "price": "4195",
        "price_per_unit": "280",
        "price_unit": "ML"
      },
      {
        "state": "SA",
        "price": "4195",
        "price_per_unit": "280",
        "price_unit": "ML"
      },
      {
        "state": "TAS",
        "price": "4195",
        "price_per_unit": "280",
        "price_unit": "ML"
      },
      {
        "state": "ACT",
        "price": "4195",
        "price_per_unit": "280",
        "price_unit": "ML"
      },
      {
        "state": "NT",
        "price": "4195",
        "price_per_unit": "280",
        "price_unit": "ML"
      }
    ]
  },
  {
    "source_url": "https://www.woolworths.com.au/shop/productdetails/1075346200/antipodes-joyful-hand-body-cream-120ml",
    "name": "Antipodes Joyful Hand & Body Cream 120ml",
    "image_url": "https://cdn1.woolworths.media/content/wowproductimages/large/1075346200.jpg",
    "source_id": "Woolworths - 1075346200",
    "barcode": null,
    "shop": "Woolworths",
    "weight": "10ML",
    "prices": [
      {
        "state": "NSW",
        "price": "3300",
        "price_per_unit": "275",
        "price_unit": "ML"
      },
      {
        "state": "VIC",
        "price": "3300",
        "price_per_unit": "275",
        "price_unit": "ML"
      },
      {
        "state": "QLD",
        "price": "3300",
        "price_per_unit": "275",
        "price_unit": "ML"
      },
      {
        "state": "WA",
        "price": "3300",
        "price_per_unit": "275",
        "price_unit": "ML"
      },
      {
        "state": "SA",
        "price": "3300",
        "price_per_unit": "275",
        "price_unit": "ML"
      },
      {
        "state": "TAS",
        "price": "3300",
        "price_per_unit": "275",
        "price_unit": "ML"
      },
      {
        "state": "ACT",
        "price": "3300",
        "price_per_unit": "275",
        "price_unit": "ML"
      },
      {
        "state": "NT",
        "price": "3300",
        "price_per_unit": "275",
        "price_unit": "ML"
      }
    ]
  },
  {
    "source_url": "https://www.woolworths.com.au/shop/productdetails/336717/b-tan-erase-tan-repeat-2-in-1-tan-eraser-body-wash-scrub",
    "name": "b.tan Erase Tan Repeat 2-In-1 Tan Eraser Body Wash + Scrub 236mL",
    "image_url": "https://cdn1.woolworths.media/content/wowproductimages/large/336717.jpg",
    "source_id": "Woolworths - 336717",
    "barcode": "9347108019635",
    "shop": "Woolworths",
    "weight": "100ML",
    "prices": [
      {
        "state": "NSW",
        "price": "1500",
        "price_per_unit": "636",
        "price_unit": "ML"
      },
      {
        "state": "VIC",
        "price": "1500",
        "price_per_unit": "636",
        "price_unit": "ML"
      },
      {
        "state": "QLD",
        "price": "1500",
        "price_per_unit": "636",
        "price_unit": "ML"
      },
      {
        "state": "WA",
        "price": "1500",
        "price_per_unit": "636",
        "price_unit": "ML"
      },
      {
        "state": "SA",
        "price": "1500",
        "price_per_unit": "636",
        "price_unit": "ML"
      },
      {
        "state": "TAS",
        "price": "1500",
        "price_per_unit": "636",
        "price_unit": "ML"
      },
      {
        "state": "ACT",
        "price": "1500",
        "price_per_unit": "636",
        "price_unit": "ML"
      },
      {
        "state": "NT",
        "price": "1500",
        "price_per_unit": "636",
        "price_unit": "ML"
      }
    ]
  },
  {
    "source_url": "https://www.woolworths.com.au/shop/productdetails/543571/b-tan-gimme-the-glow-down-rosewater-dark-facial-tan-mist",
    "name": "b.tan Gimme The Glow Down Rosewater Dark Facial Tan Mist 190mL",
    "image_url": "https://cdn1.woolworths.media/content/wowproductimages/large/543571.jpg",
    "source_id": "Woolworths - 543571",
    "barcode": "9347108030654",
    "shop": "Woolworths",
    "weight": "100ML",
    "prices": [
      {
        "state": "NSW",
        "price": "1140",
        "price_per_unit": "600",
        "price_unit": "ML"
      },
      {
        "state": "VIC",
        "price": "1140",
        "price_per_unit": "600",
        "price_unit": "ML"
      },
      {
        "state": "WA",
        "price": "1140",
        "price_per_unit": "600",
        "price_unit": "ML"
      },
      {
        "state": "SA",
        "price": "1140",
        "price_per_unit": "600",
        "price_unit": "ML"
      },
      {
        "state": "ACT",
        "price": "1140",
        "price_per_unit": "600",
        "price_unit": "ML"
      }
    ]
  },
  {
    "source_url": "https://www.woolworths.com.au/shop/productdetails/385696/b-tan-glow-your-own-way-glow-so-smooth-tan-gel-applicator-mitt",
    "name": "b.tan Glow Your Own Way Glow So Smooth Tan Gel Applicator Mitt each",
    "image_url": "https://cdn1.woolworths.media/content/wowproductimages/large/385696.jpg",
    "source_id": "Woolworths - 385696",
    "barcode": "9347108041568",
    "shop": "Woolworths",
    "weight": "1EA",
    "prices": [
      {
        "state": "NSW",
        "price": "600",
        "price_per_unit": "600",
        "price_unit": "EA"
      },
      {
        "state": "VIC",
        "price": "600",
        "price_per_unit": "600",
        "price_unit": "EA"
      },
      {
        "state": "WA",
        "price": "600",
        "price_per_unit": "600",
        "price_unit": "EA"
      },
      {
        "state": "ACT",
        "price": "600",
        "price_per_unit": "600",
        "price_unit": "EA"
      }
    ]
  },
  {
    "source_url": "https://www.woolworths.com.au/shop/productdetails/386062/b-tan-glow-your-own-way-hydrated-af-gradual-face-body-gel",
    "name": "b.tan Glow Your Own Way Hydrated AF Gradual Face + Body Gel 236mL",
    "image_url": "https://cdn1.woolworths.media/content/wowproductimages/large/386062.jpg",
    "source_id": "Woolworths - 386062",
    "barcode": "9347108032344",
    "shop": "Woolworths",
    "weight": "100ML",
    "prices": [
      {
        "state": "NSW",
        "price": "1320",
        "price_per_unit": "559",
        "price_unit": "ML"
      },
      {
        "state": "VIC",
        "price": "1320",
        "price_per_unit": "559",
        "price_unit": "ML"
      },
      {
        "state": "QLD",
        "price": "1320",
        "price_per_unit": "559",
        "price_unit": "ML"
      },
      {
        "state": "WA",
        "price": "1320",
        "price_per_unit": "559",
        "price_unit": "ML"
      },
      {
        "state": "SA",
        "price": "1320",
        "price_per_unit": "559",
        "price_unit": "ML"
      },
      {
        "state": "TAS",
        "price": "1320",
        "price_per_unit": "559",
        "price_unit": "ML"
      },
      {
        "state": "ACT",
        "price": "1320",
        "price_per_unit": "559",
        "price_unit": "ML"
      },
      {
        "state": "NT",
        "price": "1320",
        "price_per_unit": "559",
        "price_unit": "ML"
      }
    ]
  },
  {
    "source_url": "https://www.woolworths.com.au/shop/productdetails/946053/b-tan-glow-your-own-way-low-key-glow-darker-clear-self-tan-gel",
    "name": "b.tan Glow Your Own Way Low Key Glow Darker Clear Self Tan Gel 473mL",
    "image_url": "https://cdn1.woolworths.media/content/wowproductimages/large/946053.jpg",
    "source_id": "Woolworths - 946053",
    "barcode": "9347108044316",
    "shop": "Woolworths",
    "weight": "100ML",
    "prices": [
      {
        "state": "NSW",
        "price": "2200",
        "price_per_unit": "465",
        "price_unit": "ML"
      },
      {
        "state": "VIC",
        "price": "2200",
        "price_per_unit": "465",
        "price_unit": "ML"
      },
      {
        "state": "WA",
        "price": "2200",
        "price_per_unit": "465",
        "price_unit": "ML"
      },
      {
        "state": "SA",
        "price": "2200",
        "price_per_unit": "465",
        "price_unit": "ML"
      },
      {
        "state": "TAS",
        "price": "2200",
        "price_per_unit": "465",
        "price_unit": "ML"
      },
      {
        "state": "ACT",
        "price": "2200",
        "price_per_unit": "465",
        "price_unit": "ML"
      },
      {
        "state": "NT",
        "price": "2200",
        "price_per_unit": "465",
        "price_unit": "ML"
      }
    ]
  },
  {
    "source_url": "https://www.woolworths.com.au/shop/productdetails/336727/b-tan-glow-your-own-way-next-level-dark-clear-self-tan-gel",
    "name": "b.tan Glow Your Own Way Next Level Dark Clear Self Tan Gel 473mL",
    "image_url": "https://cdn1.woolworths.media/content/wowproductimages/large/336727.jpg",
    "source_id": "Woolworths - 336727",
    "barcode": "9347108031361",
    "shop": "Woolworths",
    "weight": "100ML",
    "prices": [
      {
        "state": "NSW",
        "price": "1320",
        "price_per_unit": "279",
        "price_unit": "ML"
      },
      {
        "state": "VIC",
        "price": "1320",
        "price_per_unit": "279",
        "price_unit": "ML"
      },
      {
        "state": "WA",
        "price": "1320",
        "price_per_unit": "279",
        "price_unit": "ML"
      },
      {
        "state": "SA",
        "price": "1320",
        "price_per_unit": "279",
        "price_unit": "ML"
      },
      {
        "state": "TAS",
        "price": "1320",
        "price_per_unit": "279",
        "price_unit": "ML"
      },
      {
        "state": "ACT",
        "price": "1320",
        "price_per_unit": "279",
        "price_unit": "ML"
      }
    ]
  },
  {
    "source_url": "https://www.woolworths.com.au/shop/productdetails/336714/b-tan-glow-your-own-way-the-og-glow-darkest-clear-self-tan-gel",
    "name": "b.tan Glow Your Own Way The OG Glow Darkest Clear Self Tan Gel 473mL",
    "image_url": "https://cdn1.woolworths.media/content/wowproductimages/large/336714.jpg",
    "source_id": "Woolworths - 336714",
    "barcode": "9347108016863",
    "shop": "Woolworths",
    "weight": "100ML",
    "prices": [
      {
        "state": "NSW",
        "price": "1320",
        "price_per_unit": "279",
        "price_unit": "ML"
      },
      {
        "state": "VIC",
        "price": "1320",
        "price_per_unit": "279",
        "price_unit": "ML"
      },
      {
        "state": "QLD",
        "price": "1320",
        "price_per_unit": "279",
        "price_unit": "ML"
      },
      {
        "state": "WA",
        "price": "1320",
        "price_per_unit": "279",
        "price_unit": "ML"
      },
      {
        "state": "SA",
        "price": "1320",
        "price_per_unit": "279",
        "price_unit": "ML"
      },
      {
        "state": "TAS",
        "price": "1320",
        "price_per_unit": "279",
        "price_unit": "ML"
      },
      {
        "state": "ACT",
        "price": "1320",
        "price_per_unit": "279",
        "price_unit": "ML"
      },
      {
        "state": "NT",
        "price": "1320",
        "price_per_unit": "279",
        "price_unit": "ML"
      }
    ]
  },
  {
    "source_url": "https://www.woolworths.com.au/shop/productdetails/1075415377/b-tan-love-at-first-tan-self-tan-mousse-200ml-applicator-mitt-set",
    "name": "b.tan love at first tan self tan mousse 200mL & applicator mitt set",
    "image_url": "https://cdn1.woolworths.media/content/wowproductimages/large/1075415377.jpg",
    "source_id": "Woolworths - 1075415377",
    "barcode": null,
    "shop": "Woolworths",
    "weight": "1EA",
    "prices": [
      {
        "state": "NSW",
        "price": "2799",
        "price_per_unit": "2799",
        "price_unit": "EA"
      },
      {
        "state": "VIC",
        "price": "2799",
        "price_per_unit": "2799",
        "price_unit": "EA"
      },
      {
        "state": "QLD",
        "price": "2799",
        "price_per_unit": "2799",
        "price_unit": "EA"
      },
      {
        "state": "WA",
        "price": "2799",
        "price_per_unit": "2799",
        "price_unit": "EA"
      },
      {
        "state": "SA",
        "price": "2799",
        "price_per_unit": "2799",
        "price_unit": "EA"
      },
      {
        "state": "TAS",
        "price": "2799",
        "price_per_unit": "2799",
        "price_unit": "EA"
      },
      {
        "state": "ACT",
        "price": "2799",
        "price_per_unit": "2799",
        "price_unit": "EA"
      },
      {
        "state": "NT",
        "price": "2799",
        "price_per_unit": "2799",
        "price_unit": "EA"
      }
    ]
  },
  {
    "source_url": "https://www.woolworths.com.au/shop/productdetails/1075415374/b-tan-love-at-first-tan-self-tan-mousse-200ml-x-3",
    "name": "b.tan love at first tan self tan mousse 200mL x 3",
    "image_url": "https://cdn1.woolworths.media/content/wowproductimages/large/1075415374.jpg",
    "source_id": "Woolworths - 1075415374",
    "barcode": null,
    "shop": "Woolworths",
    "weight": "1EA",
    "prices": [
      {
        "state": "NSW",
        "price": "4495",
        "price_per_unit": "1498",
        "price_unit": "EA"
      },
      {
        "state": "VIC",
        "price": "4495",
        "price_per_unit": "1498",
        "price_unit": "EA"
      },
      {
        "state": "QLD",
        "price": "4495",
        "price_per_unit": "1498",
        "price_unit": "EA"
      },
      {
        "state": "WA",
        "price": "4495",
        "price_per_unit": "1498",
        "price_unit": "EA"
      },
      {
        "state": "SA",
        "price": "4495",
        "price_per_unit": "1498",
        "price_unit": "EA"
      },
      {
        "state": "TAS",
        "price": "4495",
        "price_per_unit": "1498",
        "price_unit": "EA"
      },
      {
        "state": "ACT",
        "price": "4495",
        "price_per_unit": "1498",
        "price_unit": "EA"
      },
      {
        "state": "NT",
        "price": "4495",
        "price_per_unit": "1498",
        "price_unit": "EA"
      }
    ]
  },
  {
    "source_url": "https://www.woolworths.com.au/shop/productdetails/1075415376/b-tan-tanned-af-bronzing-mist-200ml-applicator-mitt-set",
    "name": "b.tan tanned AF bronzing mist 200mL & applicator mitt set",
    "image_url": "https://cdn1.woolworths.media/content/wowproductimages/large/1075415376.jpg",
    "source_id": "Woolworths - 1075415376",
    "barcode": null,
    "shop": "Woolworths",
    "weight": "1EA",
    "prices": [
      {
        "state": "NSW",
        "price": "2799",
        "price_per_unit": "2799",
        "price_unit": "EA"
      },
      {
        "state": "VIC",
        "price": "2799",
        "price_per_unit": "2799",
        "price_unit": "EA"
      },
      {
        "state": "QLD",
        "price": "2799",
        "price_per_unit": "2799",
        "price_unit": "EA"
      },
      {
        "state": "WA",
        "price": "2799",
        "price_per_unit": "2799",
        "price_unit": "EA"
      },
      {
        "state": "SA",
        "price": "2799",
        "price_per_unit": "2799",
        "price_unit": "EA"
      },
      {
        "state": "TAS",
        "price": "2799",
        "price_per_unit": "2799",
        "price_unit": "EA"
      },
      {
        "state": "ACT",
        "price": "2799",
        "price_per_unit": "2799",
        "price_unit": "EA"
      },
      {
        "state": "NT",
        "price": "2799",
        "price_per_unit": "2799",
        "price_unit": "EA"
      }
    ]
  },
  {
    "source_url": "https://www.woolworths.com.au/shop/productdetails/199773/bali-body-1-hour-express-self-tan",
    "name": "Bali Body 1 Hour Express Self Tan 225ml",
    "image_url": "https://cdn1.woolworths.media/content/wowproductimages/large/199773.jpg",
    "source_id": "Woolworths - 199773",
    "barcode": "9354477000478",
    "shop": "Woolworths",
    "weight": "100ML",
    "prices": [
      {
        "state": "NSW",
        "price": "1980",
        "price_per_unit": "880",
        "price_unit": "ML"
      },
      {
        "state": "VIC",
        "price": "1980",
        "price_per_unit": "880",
        "price_unit": "ML"
      },
      {
        "state": "QLD",
        "price": "1980",
        "price_per_unit": "880",
        "price_unit": "ML"
      },
      {
        "state": "WA",
        "price": "1980",
        "price_per_unit": "880",
        "price_unit": "ML"
      },
      {
        "state": "SA",
        "price": "1980",
        "price_per_unit": "880",
        "price_unit": "ML"
      },
      {
        "state": "TAS",
        "price": "1980",
        "price_per_unit": "880",
        "price_unit": "ML"
      },
      {
        "state": "ACT",
        "price": "1980",
        "price_per_unit": "880",
        "price_unit": "ML"
      },
      {
        "state": "NT",
        "price": "2270",
        "price_per_unit": "1009",
        "price_unit": "ML"
      }
    ]
  },
  {
    "source_url": "https://www.woolworths.com.au/shop/productdetails/579231/bali-body-express-tan-ultra-dark",
    "name": "Bali Body Express Tan Ultra Dark 225mL",
    "image_url": "https://cdn1.woolworths.media/content/wowproductimages/large/579231.jpg",
    "source_id": "Woolworths - 579231",
    "barcode": "9354477001970",
    "shop": "Woolworths",
    "weight": "100ML",
    "prices": [
      {
        "state": "NSW",
        "price": "2040",
        "price_per_unit": "907",
        "price_unit": "ML"
      },
      {
        "state": "VIC",
        "price": "2040",
        "price_per_unit": "907",
        "price_unit": "ML"
      },
      {
        "state": "WA",
        "price": "2040",
        "price_per_unit": "907",
        "price_unit": "ML"
      },
      {
        "state": "SA",
        "price": "2040",
        "price_per_unit": "907",
        "price_unit": "ML"
      },
      {
        "state": "TAS",
        "price": "2040",
        "price_per_unit": "907",
        "price_unit": "ML"
      },
      {
        "state": "ACT",
        "price": "2040",
        "price_per_unit": "907",
        "price_unit": "ML"
      }
    ]
  },
  {
    "source_url": "https://www.woolworths.com.au/shop/productdetails/943255/bali-body-face-tan-serum",
    "name": "Bali Body Face Tan Serum 30mL",
    "image_url": "https://cdn1.woolworths.media/content/wowproductimages/large/943255.jpg",
    "source_id": "Woolworths - 943255",
    "barcode": "9354477001369",
    "shop": "Woolworths",
    "weight": "100ML",
    "prices": [
      {
        "state": "NSW",
        "price": "1620",
        "price_per_unit": "5400",
        "price_unit": "ML"
      },
      {
        "state": "VIC",
        "price": "1620",
        "price_per_unit": "5400",
        "price_unit": "ML"
      },
      {
        "state": "QLD",
        "price": "1620",
        "price_per_unit": "5400",
        "price_unit": "ML"
      },
      {
        "state": "WA",
        "price": "1620",
        "price_per_unit": "5400",
        "price_unit": "ML"
      },
      {
        "state": "SA",
        "price": "1620",
        "price_per_unit": "5400",
        "price_unit": "ML"
      },
      {
        "state": "TAS",
        "price": "1620",
        "price_per_unit": "5400",
        "price_unit": "ML"
      },
      {
        "state": "ACT",
        "price": "1620",
        "price_per_unit": "5400",
        "price_unit": "ML"
      },
      {
        "state": "NT",
        "price": "1620",
        "price_per_unit": "5400",
        "price_unit": "ML"
      }
    ]
  },
  {
    "source_url": "https://www.woolworths.com.au/shop/productdetails/199491/bali-body-gradual-tan",
    "name": "Bali Body Gradual Tan 200ml",
    "image_url": "https://cdn1.woolworths.media/content/wowproductimages/large/199491.jpg",
    "source_id": "Woolworths - 199491",
    "barcode": "9354477000232",
    "shop": "Woolworths",
    "weight": "100ML",
    "prices": [
      {
        "state": "NSW",
        "price": "1560",
        "price_per_unit": "780",
        "price_unit": "ML"
      },
      {
        "state": "VIC",
        "price": "1560",
        "price_per_unit": "780",
        "price_unit": "ML"
      },
      {
        "state": "QLD",
        "price": "1560",
        "price_per_unit": "780",
        "price_unit": "ML"
      },
      {
        "state": "WA",
        "price": "1560",
        "price_per_unit": "780",
        "price_unit": "ML"
      },
      {
        "state": "SA",
        "price": "1560",
        "price_per_unit": "780",
        "price_unit": "ML"
      },
      {
        "state": "TAS",
        "price": "1560",
        "price_per_unit": "780",
        "price_unit": "ML"
      },
      {
        "state": "ACT",
        "price": "1560",
        "price_per_unit": "780",
        "price_unit": "ML"
      },
      {
        "state": "NT",
        "price": "1790",
        "price_per_unit": "895",
        "price_unit": "ML"
      }
    ]
  },
  {
    "source_url": "https://www.woolworths.com.au/shop/productdetails/946065/bali-body-gradual-tanning-butter",
    "name": "Bali Body Gradual Tanning Butter 220g",
    "image_url": "https://cdn1.woolworths.media/content/wowproductimages/large/946065.jpg",
    "source_id": "Woolworths - 946065",
    "barcode": "9354477002175",
    "shop": "Woolworths",
    "weight": "100G",
    "prices": [
      {
        "state": "NSW",
        "price": "1740",
        "price_per_unit": "791",
        "price_unit": "G"
      },
      {
        "state": "VIC",
        "price": "1740",
        "price_per_unit": "791",
        "price_unit": "G"
      },
      {
        "state": "QLD",
        "price": "1740",
        "price_per_unit": "791",
        "price_unit": "G"
      },
      {
        "state": "WA",
        "price": "1740",
        "price_per_unit": "791",
        "price_unit": "G"
      },
      {
        "state": "SA",
        "price": "1740",
        "price_per_unit": "791",
        "price_unit": "G"
      },
      {
        "state": "TAS",
        "price": "1740",
        "price_per_unit": "791",
        "price_unit": "G"
      },
      {
        "state": "ACT",
        "price": "1740",
        "price_per_unit": "791",
        "price_unit": "G"
      },
      {
        "state": "NT",
        "price": "1740",
        "price_per_unit": "791",
        "price_unit": "G"
      }
    ]
  },
  {
    "source_url": "https://www.woolworths.com.au/shop/productdetails/602063/bali-body-instant-tan-cream-dark",
    "name": "Bali Body Instant Tan Cream Dark 150mL",
    "image_url": "https://cdn1.woolworths.media/content/wowproductimages/large/602063.jpg",
    "source_id": "Woolworths - 602063",
    "barcode": "9354477002076",
    "shop": "Woolworths",
    "weight": "100ML",
    "prices": [
      {
        "state": "NSW",
        "price": "1380",
        "price_per_unit": "920",
        "price_unit": "ML"
      },
      {
        "state": "VIC",
        "price": "1380",
        "price_per_unit": "920",
        "price_unit": "ML"
      },
      {
        "state": "WA",
        "price": "1380",
        "price_per_unit": "920",
        "price_unit": "ML"
      },
      {
        "state": "SA",
        "price": "1380",
        "price_per_unit": "920",
        "price_unit": "ML"
      },
      {
        "state": "ACT",
        "price": "1380",
        "price_per_unit": "920",
        "price_unit": "ML"
      }
    ]
  },
  {
    "source_url": "https://www.woolworths.com.au/shop/productdetails/199700/bali-body-luxe-tanning-mitt",
    "name": "Bali Body Luxe Tanning Mitt Each",
    "image_url": "https://cdn1.woolworths.media/content/wowproductimages/large/199700.jpg",
    "source_id": "Woolworths - 199700",
    "barcode": "9354477000225",
    "shop": "Woolworths",
    "weight": "1EA",
    "prices": [
      {
        "state": "NSW",
        "price": "780",
        "price_per_unit": "780",
        "price_unit": "EA"
      },
      {
        "state": "VIC",
        "price": "780",
        "price_per_unit": "780",
        "price_unit": "EA"
      },
      {
        "state": "QLD",
        "price": "780",
        "price_per_unit": "780",
        "price_unit": "EA"
      },
      {
        "state": "WA",
        "price": "780",
        "price_per_unit": "780",
        "price_unit": "EA"
      },
      {
        "state": "SA",
        "price": "780",
        "price_per_unit": "780",
        "price_unit": "EA"
      },
      {
        "state": "TAS",
        "price": "780",
        "price_per_unit": "780",
        "price_unit": "EA"
      },
      {
        "state": "ACT",
        "price": "780",
        "price_per_unit": "780",
        "price_unit": "EA"
      },
      {
        "state": "NT",
        "price": "890",
        "price_per_unit": "890",
        "price_unit": "EA"
      }
    ]
  },
  {
    "source_url": "https://www.woolworths.com.au/shop/productdetails/579714/bali-body-self-tan-body-mist-light-to-dark",
    "name": "Bali Body Self Tan Body Mist Light to Dark 200mL",
    "image_url": "https://cdn1.woolworths.media/content/wowproductimages/large/579714.jpg",
    "source_id": "Woolworths - 579714",
    "barcode": "9354477001871",
    "shop": "Woolworths",
    "weight": "100ML",
    "prices": [
      {
        "state": "NSW",
        "price": "1740",
        "price_per_unit": "870",
        "price_unit": "ML"
      },
      {
        "state": "VIC",
        "price": "1740",
        "price_per_unit": "870",
        "price_unit": "ML"
      },
      {
        "state": "WA",
        "price": "1740",
        "price_per_unit": "870",
        "price_unit": "ML"
      },
      {
        "state": "SA",
        "price": "1740",
        "price_per_unit": "870",
        "price_unit": "ML"
      },
      {
        "state": "ACT",
        "price": "1740",
        "price_per_unit": "870",
        "price_unit": "ML"
      }
    ]
  },
  {
    "source_url": "https://www.woolworths.com.au/shop/productdetails/946029/bali-body-self-tanning-milk",
    "name": "Bali Body Self Tanning Milk 240ml",
    "image_url": "https://cdn1.woolworths.media/content/wowproductimages/large/946029.jpg",
    "source_id": "Woolworths - 946029",
    "barcode": "9354477002137",
    "shop": "Woolworths",
    "weight": "100ML",
    "prices": [
      {
        "state": "NSW",
        "price": "1740",
        "price_per_unit": "725",
        "price_unit": "ML"
      },
      {
        "state": "VIC",
        "price": "1740",
        "price_per_unit": "725",
        "price_unit": "ML"
      },
      {
        "state": "QLD",
        "price": "1740",
        "price_per_unit": "725",
        "price_unit": "ML"
      },
      {
        "state": "WA",
        "price": "1740",
        "price_per_unit": "725",
        "price_unit": "ML"
      },
      {
        "state": "SA",
        "price": "1740",
        "price_per_unit": "725",
        "price_unit": "ML"
      },
      {
        "state": "TAS",
        "price": "1740",
        "price_per_unit": "725",
        "price_unit": "ML"
      },
      {
        "state": "ACT",
        "price": "1740",
        "price_per_unit": "725",
        "price_unit": "ML"
      },
      {
        "state": "NT",
        "price": "1740",
        "price_per_unit": "725",
        "price_unit": "ML"
      }
    ]
  },
  {
    "source_url": "https://www.woolworths.com.au/shop/productdetails/278448/bali-body-self-tanning-mousse",
    "name": "Bali Body Self Tanning Mousse 200ml",
    "image_url": "https://cdn1.woolworths.media/content/wowproductimages/large/278448.jpg",
    "source_id": "Woolworths - 278448",
    "barcode": "9354477001277",
    "shop": "Woolworths",
    "weight": "100ML",
    "prices": [
      {
        "state": "NSW",
        "price": "1860",
        "price_per_unit": "930",
        "price_unit": "ML"
      },
      {
        "state": "VIC",
        "price": "1860",
        "price_per_unit": "930",
        "price_unit": "ML"
      },
      {
        "state": "QLD",
        "price": "1860",
        "price_per_unit": "930",
        "price_unit": "ML"
      },
      {
        "state": "WA",
        "price": "1860",
        "price_per_unit": "930",
        "price_unit": "ML"
      },
      {
        "state": "SA",
        "price": "1860",
        "price_per_unit": "930",
        "price_unit": "ML"
      },
      {
        "state": "TAS",
        "price": "1860",
        "price_per_unit": "930",
        "price_unit": "ML"
      },
      {
        "state": "ACT",
        "price": "1860",
        "price_per_unit": "930",
        "price_unit": "ML"
      },
      {
        "state": "NT",
        "price": "1860",
        "price_per_unit": "930",
        "price_unit": "ML"
      }
    ]
  },
  {
    "source_url": "https://www.woolworths.com.au/shop/productdetails/199605/bali-body-self-tanning-mousse-ultra-dark",
    "name": "Bali Body Self Tanning Mousse Ultra Dark 200ml",
    "image_url": "https://cdn1.woolworths.media/content/wowproductimages/large/199605.jpg",
    "source_id": "Woolworths - 199605",
    "barcode": "9354477000379",
    "shop": "Woolworths",
    "weight": "100ML",
    "prices": [
      {
        "state": "NSW",
        "price": "1860",
        "price_per_unit": "930",
        "price_unit": "ML"
      },
      {
        "state": "VIC",
        "price": "1860",
        "price_per_unit": "930",
        "price_unit": "ML"
      },
      {
        "state": "QLD",
        "price": "1860",
        "price_per_unit": "930",
        "price_unit": "ML"
      },
      {
        "state": "WA",
        "price": "1860",
        "price_per_unit": "930",
        "price_unit": "ML"
      },
      {
        "state": "SA",
        "price": "1860",
        "price_per_unit": "930",
        "price_unit": "ML"
      },
      {
        "state": "TAS",
        "price": "1860",
        "price_per_unit": "930",
        "price_unit": "ML"
      },
      {
        "state": "ACT",
        "price": "1860",
        "price_per_unit": "930",
        "price_unit": "ML"
      },
      {
        "state": "NT",
        "price": "2130",
        "price_per_unit": "1065",
        "price_unit": "ML"
      }
    ]
  },
  {
    "source_url": "https://www.woolworths.com.au/shop/productdetails/604594/bali-body-tinted-self-tan-body-serum",
    "name": "Bali Body Tinted Self Tan Body Serum 180mL",
    "image_url": "https://cdn1.woolworths.media/content/wowproductimages/large/604594.jpg",
    "source_id": "Woolworths - 604594",
    "barcode": "9354477001802",
    "shop": "Woolworths",
    "weight": "100ML",
    "prices": [
      {
        "state": "NSW",
        "price": "1980",
        "price_per_unit": "1100",
        "price_unit": "ML"
      },
      {
        "state": "VIC",
        "price": "1980",
        "price_per_unit": "1100",
        "price_unit": "ML"
      },
      {
        "state": "WA",
        "price": "1980",
        "price_per_unit": "1100",
        "price_unit": "ML"
      },
      {
        "state": "SA",
        "price": "1980",
        "price_per_unit": "1100",
        "price_unit": "ML"
      },
      {
        "state": "TAS",
        "price": "1980",
        "price_per_unit": "1100",
        "price_unit": "ML"
      },
      {
        "state": "ACT",
        "price": "1980",
        "price_per_unit": "1100",
        "price_unit": "ML"
      },
      {
        "state": "NT",
        "price": "1980",
        "price_per_unit": "1100",
        "price_unit": "ML"
      }
    ]
  },
  {
    "source_url": "https://www.woolworths.com.au/shop/productdetails/1074573688/bondi-sands-1-hour-express-self-tanning-face-mist-70ml",
    "name": "Bondi Sands 1 Hour Express Self-Tanning Face Mist 70ml",
    "image_url": "https://cdn1.woolworths.media/content/wowproductimages/large/1074573688.jpg",
    "source_id": "Woolworths - 1074573688",
    "barcode": null,
    "shop": "Woolworths",
    "weight": "10ML",
    "prices": [
      {
        "state": "NSW",
        "price": "1200",
        "price_per_unit": "171",
        "price_unit": "ML"
      },
      {
        "state": "VIC",
        "price": "1200",
        "price_per_unit": "171",
        "price_unit": "ML"
      },
      {
        "state": "QLD",
        "price": "1200",
        "price_per_unit": "171",
        "price_unit": "ML"
      },
      {
        "state": "WA",
        "price": "1200",
        "price_per_unit": "171",
        "price_unit": "ML"
      },
      {
        "state": "SA",
        "price": "1200",
        "price_per_unit": "171",
        "price_unit": "ML"
      },
      {
        "state": "TAS",
        "price": "1200",
        "price_per_unit": "171",
        "price_unit": "ML"
      },
      {
        "state": "ACT",
        "price": "1200",
        "price_per_unit": "171",
        "price_unit": "ML"
      },
      {
        "state": "NT",
        "price": "1200",
        "price_per_unit": "171",
        "price_unit": "ML"
      }
    ]
  },
  {
    "source_url": "https://www.woolworths.com.au/shop/productdetails/803748/bondi-sands-1-hour-express-tan",
    "name": "Bondi Sands 1 Hour Express Tan 225ml",
    "image_url": "https://cdn1.woolworths.media/content/wowproductimages/large/803748.jpg",
    "source_id": "Woolworths - 803748",
    "barcode": "850278004534",
    "shop": "Woolworths",
    "weight": "100ML",
    "prices": [
      {
        "state": "NSW",
        "price": "1620",
        "price_per_unit": "720",
        "price_unit": "ML"
      },
      {
        "state": "VIC",
        "price": "1620",
        "price_per_unit": "720",
        "price_unit": "ML"
      },
      {
        "state": "QLD",
        "price": "1620",
        "price_per_unit": "720",
        "price_unit": "ML"
      },
      {
        "state": "WA",
        "price": "1620",
        "price_per_unit": "720",
        "price_unit": "ML"
      },
      {
        "state": "SA",
        "price": "1620",
        "price_per_unit": "720",
        "price_unit": "ML"
      },
      {
        "state": "TAS",
        "price": "1620",
        "price_per_unit": "720",
        "price_unit": "ML"
      },
      {
        "state": "ACT",
        "price": "1620",
        "price_per_unit": "720",
        "price_unit": "ML"
      },
      {
        "state": "NT",
        "price": "1620",
        "price_per_unit": "720",
        "price_unit": "ML"
      }
    ]
  },
  {
    "source_url": "https://www.woolworths.com.au/shop/productdetails/1075447143/bondi-sands-aero-self-tanning-foam-light-medium-225ml-x-3",
    "name": "Bondi Sands Aero Self Tanning Foam Light/Medium 225mL x 3",
    "image_url": "https://cdn1.woolworths.media/content/wowproductimages/large/1075447143.jpg",
    "source_id": "Woolworths - 1075447143",
    "barcode": null,
    "shop": "Woolworths",
    "weight": "1EA",
    "prices": [
      {
        "state": "NSW",
        "price": "3495",
        "price_per_unit": "1165",
        "price_unit": "EA"
      },
      {
        "state": "VIC",
        "price": "3495",
        "price_per_unit": "1165",
        "price_unit": "EA"
      },
      {
        "state": "QLD",
        "price": "3495",
        "price_per_unit": "1165",
        "price_unit": "EA"
      },
      {
        "state": "WA",
        "price": "3495",
        "price_per_unit": "1165",
        "price_unit": "EA"
      },
      {
        "state": "SA",
        "price": "3495",
        "price_per_unit": "1165",
        "price_unit": "EA"
      },
      {
        "state": "TAS",
        "price": "3495",
        "price_per_unit": "1165",
        "price_unit": "EA"
      },
      {
        "state": "ACT",
        "price": "3495",
        "price_per_unit": "1165",
        "price_unit": "EA"
      },
      {
        "state": "NT",
        "price": "3495",
        "price_per_unit": "1165",
        "price_unit": "EA"
      }
    ]
  },
  {
    "source_url": "https://www.woolworths.com.au/shop/productdetails/73906/bondi-sands-aero-self-tanning-foam-liquid-gold",
    "name": "Bondi Sands Aero Self Tanning Foam Liquid Gold 225ml",
    "image_url": "https://cdn1.woolworths.media/content/wowproductimages/large/073906.jpg",
    "source_id": "Woolworths - 73906",
    "barcode": "850278004923",
    "shop": "Woolworths",
    "weight": "100ML",
    "prices": [
      {
        "state": "NSW",
        "price": "1560",
        "price_per_unit": "693",
        "price_unit": "ML"
      },
      {
        "state": "VIC",
        "price": "1560",
        "price_per_unit": "693",
        "price_unit": "ML"
      },
      {
        "state": "WA",
        "price": "1560",
        "price_per_unit": "693",
        "price_unit": "ML"
      },
      {
        "state": "ACT",
        "price": "1560",
        "price_per_unit": "693",
        "price_unit": "ML"
      }
    ]
  },
  {
    "source_url": "https://www.woolworths.com.au/shop/productdetails/73908/bondi-sands-aero-ultra-dark-self-tanning-foam",
    "name": "Bondi Sands Aero Ultra Dark Self Tanning Foam 225ml",
    "image_url": "https://cdn1.woolworths.media/content/wowproductimages/large/073908.jpg",
    "source_id": "Woolworths - 73908",
    "barcode": "850278004916",
    "shop": "Woolworths",
    "weight": "100ML",
    "prices": [
      {
        "state": "NSW",
        "price": "1680",
        "price_per_unit": "747",
        "price_unit": "ML"
      },
      {
        "state": "VIC",
        "price": "1680",
        "price_per_unit": "747",
        "price_unit": "ML"
      },
      {
        "state": "WA",
        "price": "1680",
        "price_per_unit": "747",
        "price_unit": "ML"
      },
      {
        "state": "ACT",
        "price": "1680",
        "price_per_unit": "747",
        "price_unit": "ML"
      }
    ]
  },
  {
    "source_url": "https://www.woolworths.com.au/shop/productdetails/1074737209/bondi-sands-glo-gloss-finishing-glow-100ml",
    "name": "Bondi Sands Glo Gloss Finishing Glow 100mL",
    "image_url": "https://cdn1.woolworths.media/content/wowproductimages/large/1074737209.jpg",
    "source_id": "Woolworths - 1074737209",
    "barcode": null,
    "shop": "Woolworths",
    "weight": "1EA",
    "prices": [
      {
        "state": "NSW",
        "price": "1695",
        "price_per_unit": "1695",
        "price_unit": "EA"
      },
      {
        "state": "VIC",
        "price": "1695",
        "price_per_unit": "1695",
        "price_unit": "EA"
      },
      {
        "state": "QLD",
        "price": "1695",
        "price_per_unit": "1695",
        "price_unit": "EA"
      },
      {
        "state": "WA",
        "price": "1695",
        "price_per_unit": "1695",
        "price_unit": "EA"
      },
      {
        "state": "SA",
        "price": "1695",
        "price_per_unit": "1695",
        "price_unit": "EA"
      },
      {
        "state": "TAS",
        "price": "1695",
        "price_per_unit": "1695",
        "price_unit": "EA"
      },
      {
        "state": "ACT",
        "price": "1695",
        "price_per_unit": "1695",
        "price_unit": "EA"
      },
      {
        "state": "NT",
        "price": "1695",
        "price_per_unit": "1695",
        "price_unit": "EA"
      }
    ]
  },
  {
    "source_url": "https://www.woolworths.com.au/shop/productdetails/1075323344/bondi-sands-glo-gloss-finishing-glow-100ml",
    "name": "Bondi Sands GLO Gloss Finishing Glow 100mL",
    "image_url": "https://cdn1.woolworths.media/content/wowproductimages/large/1075323344.jpg",
    "source_id": "Woolworths - 1075323344",
    "barcode": null,
    "shop": "Woolworths",
    "weight": "10ML",
    "prices": [
      {
        "state": "NSW",
        "price": "1799",
        "price_per_unit": "180",
        "price_unit": "ML"
      },
      {
        "state": "VIC",
        "price": "1799",
        "price_per_unit": "180",
        "price_unit": "ML"
      },
      {
        "state": "QLD",
        "price": "1799",
        "price_per_unit": "180",
        "price_unit": "ML"
      },
      {
        "state": "WA",
        "price": "1799",
        "price_per_unit": "180",
        "price_unit": "ML"
      },
      {
        "state": "SA",
        "price": "1799",
        "price_per_unit": "180",
        "price_unit": "ML"
      },
      {
        "state": "TAS",
        "price": "1799",
        "price_per_unit": "180",
        "price_unit": "ML"
      },
      {
        "state": "ACT",
        "price": "1799",
        "price_per_unit": "180",
        "price_unit": "ML"
      },
      {
        "state": "NT",
        "price": "1799",
        "price_per_unit": "180",
        "price_unit": "ML"
      }
    ]
  },
  {
    "source_url": "https://www.woolworths.com.au/shop/productdetails/1075322968/bondi-sands-glo-gloss-finishing-glow-100ml-6pk",
    "name": "Bondi Sands GLO Gloss Finishing Glow 100mL 6pk",
    "image_url": "https://cdn1.woolworths.media/content/wowproductimages/large/1075322968.jpg",
    "source_id": "Woolworths - 1075322968",
    "barcode": null,
    "shop": "Woolworths",
    "weight": "1EA",
    "prices": [
      {
        "state": "NSW",
        "price": "5099",
        "price_per_unit": "850",
        "price_unit": "EA"
      },
      {
        "state": "VIC",
        "price": "5099",
        "price_per_unit": "850",
        "price_unit": "EA"
      },
      {
        "state": "QLD",
        "price": "5099",
        "price_per_unit": "850",
        "price_unit": "EA"
      },
      {
        "state": "WA",
        "price": "5099",
        "price_per_unit": "850",
        "price_unit": "EA"
      },
      {
        "state": "SA",
        "price": "5099",
        "price_per_unit": "850",
        "price_unit": "EA"
      },
      {
        "state": "TAS",
        "price": "5099",
        "price_per_unit": "850",
        "price_unit": "EA"
      },
      {
        "state": "ACT",
        "price": "5099",
        "price_per_unit": "850",
        "price_unit": "EA"
      },
      {
        "state": "NT",
        "price": "5099",
        "price_per_unit": "850",
        "price_unit": "EA"
      }
    ]
  },
  {
    "source_url": "https://www.woolworths.com.au/shop/productdetails/1075480719/bondi-sands-glo-matte-one-day-tan-100ml",
    "name": "Bondi Sands Glo Matte One Day Tan 100ml",
    "image_url": "https://cdn1.woolworths.media/content/wowproductimages/large/1075480719.jpg",
    "source_id": "Woolworths - 1075480719",
    "barcode": null,
    "shop": "Woolworths",
    "weight": "10ML",
    "prices": [
      {
        "state": "NSW",
        "price": "1745",
        "price_per_unit": "175",
        "price_unit": "ML"
      },
      {
        "state": "VIC",
        "price": "1745",
        "price_per_unit": "175",
        "price_unit": "ML"
      },
      {
        "state": "QLD",
        "price": "1745",
        "price_per_unit": "175",
        "price_unit": "ML"
      },
      {
        "state": "WA",
        "price": "1745",
        "price_per_unit": "175",
        "price_unit": "ML"
      },
      {
        "state": "SA",
        "price": "1745",
        "price_per_unit": "175",
        "price_unit": "ML"
      },
      {
        "state": "TAS",
        "price": "1745",
        "price_per_unit": "175",
        "price_unit": "ML"
      },
      {
        "state": "ACT",
        "price": "1745",
        "price_per_unit": "175",
        "price_unit": "ML"
      },
      {
        "state": "NT",
        "price": "1745",
        "price_per_unit": "175",
        "price_unit": "ML"
      }
    ]
  },
  {
    "source_url": "https://www.woolworths.com.au/shop/productdetails/1075565142/bondi-sands-glo-shimmer-one-day-face-body-self-tan-3pk",
    "name": "Bondi Sands Glo Shimmer One Day Face/Body Self Tan 3PK",
    "image_url": "https://cdn1.woolworths.media/content/wowproductimages/large/1075565142.jpg",
    "source_id": "Woolworths - 1075565142",
    "barcode": null,
    "shop": "Woolworths",
    "weight": "1EA",
    "prices": [
      {
        "state": "NSW",
        "price": "2700",
        "price_per_unit": "900",
        "price_unit": "EA"
      },
      {
        "state": "VIC",
        "price": "2700",
        "price_per_unit": "900",
        "price_unit": "EA"
      },
      {
        "state": "QLD",
        "price": "2700",
        "price_per_unit": "900",
        "price_unit": "EA"
      },
      {
        "state": "WA",
        "price": "2700",
        "price_per_unit": "900",
        "price_unit": "EA"
      },
      {
        "state": "SA",
        "price": "2700",
        "price_per_unit": "900",
        "price_unit": "EA"
      },
      {
        "state": "TAS",
        "price": "2700",
        "price_per_unit": "900",
        "price_unit": "EA"
      },
      {
        "state": "ACT",
        "price": "2700",
        "price_per_unit": "900",
        "price_unit": "EA"
      },
      {
        "state": "NT",
        "price": "2700",
        "price_per_unit": "900",
        "price_unit": "EA"
      }
    ]
  },
  {
    "source_url": "https://www.woolworths.com.au/shop/productdetails/1075323345/bondi-sands-glo-shimmer-one-day-tan-100ml",
    "name": "Bondi Sands GLO Shimmer One Day Tan 100mL",
    "image_url": "https://cdn1.woolworths.media/content/wowproductimages/large/1075323345.jpg",
    "source_id": "Woolworths - 1075323345",
    "barcode": null,
    "shop": "Woolworths",
    "weight": "10ML",
    "prices": [
      {
        "state": "NSW",
        "price": "1799",
        "price_per_unit": "180",
        "price_unit": "ML"
      },
      {
        "state": "VIC",
        "price": "1799",
        "price_per_unit": "180",
        "price_unit": "ML"
      },
      {
        "state": "QLD",
        "price": "1799",
        "price_per_unit": "180",
        "price_unit": "ML"
      },
      {
        "state": "WA",
        "price": "1799",
        "price_per_unit": "180",
        "price_unit": "ML"
      },
      {
        "state": "SA",
        "price": "1799",
        "price_per_unit": "180",
        "price_unit": "ML"
      },
      {
        "state": "TAS",
        "price": "1799",
        "price_per_unit": "180",
        "price_unit": "ML"
      },
      {
        "state": "ACT",
        "price": "1799",
        "price_per_unit": "180",
        "price_unit": "ML"
      },
      {
        "state": "NT",
        "price": "1799",
        "price_per_unit": "180",
        "price_unit": "ML"
      }
    ]
  },
  {
    "source_url": "https://www.woolworths.com.au/shop/productdetails/1075322967/bondi-sands-glo-shimmer-one-day-tan-100ml-6pk",
    "name": "Bondi Sands GLO Shimmer One Day Tan 100mL 6pk",
    "image_url": "https://cdn1.woolworths.media/content/wowproductimages/large/1075322967.jpg",
    "source_id": "Woolworths - 1075322967",
    "barcode": null,
    "shop": "Woolworths",
    "weight": "1EA",
    "prices": [
      {
        "state": "NSW",
        "price": "5099",
        "price_per_unit": "850",
        "price_unit": "EA"
      },
      {
        "state": "VIC",
        "price": "5099",
        "price_per_unit": "850",
        "price_unit": "EA"
      },
      {
        "state": "QLD",
        "price": "5099",
        "price_per_unit": "850",
        "price_unit": "EA"
      },
      {
        "state": "WA",
        "price": "5099",
        "price_per_unit": "850",
        "price_unit": "EA"
      },
      {
        "state": "SA",
        "price": "5099",
        "price_per_unit": "850",
        "price_unit": "EA"
      },
      {
        "state": "TAS",
        "price": "5099",
        "price_per_unit": "850",
        "price_unit": "EA"
      },
      {
        "state": "ACT",
        "price": "5099",
        "price_per_unit": "850",
        "price_unit": "EA"
      },
      {
        "state": "NT",
        "price": "5099",
        "price_per_unit": "850",
        "price_unit": "EA"
      }
    ]
  },
  {
    "source_url": "https://www.woolworths.com.au/shop/productdetails/1075322966/bondi-sands-gradual-tanning-lotion-skin-firming-150ml-3pk",
    "name": "Bondi Sands Gradual Tanning Lotion Skin Firming 150mL 3pk",
    "image_url": "https://cdn1.woolworths.media/content/wowproductimages/large/1075322966.jpg",
    "source_id": "Woolworths - 1075322966",
    "barcode": null,
    "shop": "Woolworths",
    "weight": "1EA",
    "prices": [
      {
        "state": "NSW",
        "price": "5099",
        "price_per_unit": "1700",
        "price_unit": "EA"
      },
      {
        "state": "VIC",
        "price": "5099",
        "price_per_unit": "1700",
        "price_unit": "EA"
      },
      {
        "state": "QLD",
        "price": "5099",
        "price_per_unit": "1700",
        "price_unit": "EA"
      },
      {
        "state": "WA",
        "price": "5099",
        "price_per_unit": "1700",
        "price_unit": "EA"
      },
      {
        "state": "SA",
        "price": "5099",
        "price_per_unit": "1700",
        "price_unit": "EA"
      },
      {
        "state": "TAS",
        "price": "5099",
        "price_per_unit": "1700",
        "price_unit": "EA"
      },
      {
        "state": "ACT",
        "price": "5099",
        "price_per_unit": "1700",
        "price_unit": "EA"
      },
      {
        "state": "NT",
        "price": "5099",
        "price_per_unit": "1700",
        "price_unit": "EA"
      }
    ]
  },
  {
    "source_url": "https://www.woolworths.com.au/shop/productdetails/1074737206/bondi-sands-gradual-tanning-lotion-skin-firming-150ml-x-3",
    "name": "Bondi Sands Gradual Tanning Lotion Skin Firming 150mL x 3",
    "image_url": "https://cdn1.woolworths.media/content/wowproductimages/large/1074737206.jpg",
    "source_id": "Woolworths - 1074737206",
    "barcode": null,
    "shop": "Woolworths",
    "weight": "1EA",
    "prices": [
      {
        "state": "NSW",
        "price": "3495",
        "price_per_unit": "1165",
        "price_unit": "EA"
      },
      {
        "state": "VIC",
        "price": "3495",
        "price_per_unit": "1165",
        "price_unit": "EA"
      },
      {
        "state": "QLD",
        "price": "3495",
        "price_per_unit": "1165",
        "price_unit": "EA"
      },
      {
        "state": "WA",
        "price": "3495",
        "price_per_unit": "1165",
        "price_unit": "EA"
      },
      {
        "state": "SA",
        "price": "3495",
        "price_per_unit": "1165",
        "price_unit": "EA"
      },
      {
        "state": "TAS",
        "price": "3495",
        "price_per_unit": "1165",
        "price_unit": "EA"
      },
      {
        "state": "ACT",
        "price": "3495",
        "price_per_unit": "1165",
        "price_unit": "EA"
      },
      {
        "state": "NT",
        "price": "3495",
        "price_per_unit": "1165",
        "price_unit": "EA"
      }
    ]
  },
  {
    "source_url": "https://www.woolworths.com.au/shop/productdetails/228304/bondi-sands-gradual-tanning-lotion-tinted-skin-perfector",
    "name": "Bondi Sands Gradual Tanning Lotion Tinted Skin Perfector 150ml",
    "image_url": "https://cdn1.woolworths.media/content/wowproductimages/large/228304.jpg",
    "source_id": "Woolworths - 228304",
    "barcode": "810020173208",
    "shop": "Woolworths",
    "weight": "100ML",
    "prices": [
      {
        "state": "NSW",
        "price": "1380",
        "price_per_unit": "920",
        "price_unit": "ML"
      },
      {
        "state": "VIC",
        "price": "1380",
        "price_per_unit": "920",
        "price_unit": "ML"
      },
      {
        "state": "QLD",
        "price": "1380",
        "price_per_unit": "920",
        "price_unit": "ML"
      },
      {
        "state": "WA",
        "price": "1380",
        "price_per_unit": "920",
        "price_unit": "ML"
      },
      {
        "state": "SA",
        "price": "1380",
        "price_per_unit": "920",
        "price_unit": "ML"
      },
      {
        "state": "TAS",
        "price": "1380",
        "price_per_unit": "920",
        "price_unit": "ML"
      },
      {
        "state": "ACT",
        "price": "1380",
        "price_per_unit": "920",
        "price_unit": "ML"
      },
      {
        "state": "NT",
        "price": "1380",
        "price_per_unit": "920",
        "price_unit": "ML"
      }
    ]
  },
  {
    "source_url": "https://www.woolworths.com.au/shop/productdetails/1075447137/bondi-sands-liquid-gold-gradual-self-tanning-dry-oil-270ml-x-3",
    "name": "Bondi Sands Liquid Gold Gradual Self Tanning Dry Oil 270mL x 3",
    "image_url": "https://cdn1.woolworths.media/content/wowproductimages/large/1075447137.jpg",
    "source_id": "Woolworths - 1075447137",
    "barcode": null,
    "shop": "Woolworths",
    "weight": "1EA",
    "prices": [
      {
        "state": "NSW",
        "price": "3995",
        "price_per_unit": "1332",
        "price_unit": "EA"
      },
      {
        "state": "VIC",
        "price": "3995",
        "price_per_unit": "1332",
        "price_unit": "EA"
      },
      {
        "state": "QLD",
        "price": "3995",
        "price_per_unit": "1332",
        "price_unit": "EA"
      },
      {
        "state": "WA",
        "price": "3995",
        "price_per_unit": "1332",
        "price_unit": "EA"
      },
      {
        "state": "SA",
        "price": "3995",
        "price_per_unit": "1332",
        "price_unit": "EA"
      },
      {
        "state": "TAS",
        "price": "3995",
        "price_per_unit": "1332",
        "price_unit": "EA"
      },
      {
        "state": "ACT",
        "price": "3995",
        "price_per_unit": "1332",
        "price_unit": "EA"
      },
      {
        "state": "NT",
        "price": "3995",
        "price_per_unit": "1332",
        "price_unit": "EA"
      }
    ]
  },
  {
    "source_url": "https://www.woolworths.com.au/shop/productdetails/823179/bondi-sands-liquid-gold-self-tanning-foam",
    "name": "Bondi Sands Liquid Gold Self Tanning Foam 200mL",
    "image_url": "https://cdn1.woolworths.media/content/wowproductimages/large/823179.jpg",
    "source_id": "Woolworths - 823179",
    "barcode": "850278004718",
    "shop": "Woolworths",
    "weight": "100ML",
    "prices": [
      {
        "state": "NSW",
        "price": "1500",
        "price_per_unit": "750",
        "price_unit": "ML"
      },
      {
        "state": "VIC",
        "price": "1500",
        "price_per_unit": "750",
        "price_unit": "ML"
      },
      {
        "state": "WA",
        "price": "1500",
        "price_per_unit": "750",
        "price_unit": "ML"
      },
      {
        "state": "ACT",
        "price": "1500",
        "price_per_unit": "750",
        "price_unit": "ML"
      }
    ]
  },
  {
    "source_url": "https://www.woolworths.com.au/shop/productdetails/1075447134/bondi-sands-professional-spray-tan-solution-light-medium-500ml",
    "name": "Bondi Sands Professional Spray Tan Solution Light/Medium 500mL",
    "image_url": "https://cdn1.woolworths.media/content/wowproductimages/large/1075447134.jpg",
    "source_id": "Woolworths - 1075447134",
    "barcode": null,
    "shop": "Woolworths",
    "weight": "10ML",
    "prices": [
      {
        "state": "NSW",
        "price": "2995",
        "price_per_unit": "60",
        "price_unit": "ML"
      },
      {
        "state": "VIC",
        "price": "2995",
        "price_per_unit": "60",
        "price_unit": "ML"
      },
      {
        "state": "QLD",
        "price": "2995",
        "price_per_unit": "60",
        "price_unit": "ML"
      },
      {
        "state": "WA",
        "price": "2995",
        "price_per_unit": "60",
        "price_unit": "ML"
      },
      {
        "state": "SA",
        "price": "2995",
        "price_per_unit": "60",
        "price_unit": "ML"
      },
      {
        "state": "TAS",
        "price": "2995",
        "price_per_unit": "60",
        "price_unit": "ML"
      },
      {
        "state": "ACT",
        "price": "2995",
        "price_per_unit": "60",
        "price_unit": "ML"
      },
      {
        "state": "NT",
        "price": "2995",
        "price_per_unit": "60",
        "price_unit": "ML"
      }
    ]
  },
  {
    "source_url": "https://www.woolworths.com.au/shop/productdetails/1075323346/bondi-sands-pure-bronze-self-tan-foaming-water-ultra-dark-200ml",
    "name": "Bondi Sands Pure Bronze Self Tan Foaming Water Ultra Dark 200mL",
    "image_url": "https://cdn1.woolworths.media/content/wowproductimages/large/1075323346.jpg",
    "source_id": "Woolworths - 1075323346",
    "barcode": null,
    "shop": "Woolworths",
    "weight": "10ML",
    "prices": [
      {
        "state": "NSW",
        "price": "1699",
        "price_per_unit": "85",
        "price_unit": "ML"
      },
      {
        "state": "VIC",
        "price": "1699",
        "price_per_unit": "85",
        "price_unit": "ML"
      },
      {
        "state": "QLD",
        "price": "1699",
        "price_per_unit": "85",
        "price_unit": "ML"
      },
      {
        "state": "WA",
        "price": "1699",
        "price_per_unit": "85",
        "price_unit": "ML"
      },
      {
        "state": "SA",
        "price": "1699",
        "price_per_unit": "85",
        "price_unit": "ML"
      },
      {
        "state": "TAS",
        "price": "1699",
        "price_per_unit": "85",
        "price_unit": "ML"
      },
      {
        "state": "ACT",
        "price": "1699",
        "price_per_unit": "85",
        "price_unit": "ML"
      },
      {
        "state": "NT",
        "price": "1699",
        "price_per_unit": "85",
        "price_unit": "ML"
      }
    ]
  },
  {
    "source_url": "https://www.woolworths.com.au/shop/productdetails/1075322964/bondi-sands-pure-bronze-self-tan-foaming-water-ultra-dark-200ml-3pk",
    "name": "Bondi Sands Pure Bronze Self Tan Foaming Water Ultra Dark 200mL 3pk",
    "image_url": "https://cdn1.woolworths.media/content/wowproductimages/large/1075322964.jpg",
    "source_id": "Woolworths - 1075322964",
    "barcode": null,
    "shop": "Woolworths",
    "weight": "1EA",
    "prices": [
      {
        "state": "NSW",
        "price": "2999",
        "price_per_unit": "1000",
        "price_unit": "EA"
      },
      {
        "state": "VIC",
        "price": "2999",
        "price_per_unit": "1000",
        "price_unit": "EA"
      },
      {
        "state": "QLD",
        "price": "2999",
        "price_per_unit": "1000",
        "price_unit": "EA"
      },
      {
        "state": "WA",
        "price": "2999",
        "price_per_unit": "1000",
        "price_unit": "EA"
      },
      {
        "state": "SA",
        "price": "2999",
        "price_per_unit": "1000",
        "price_unit": "EA"
      },
      {
        "state": "TAS",
        "price": "2999",
        "price_per_unit": "1000",
        "price_unit": "EA"
      },
      {
        "state": "ACT",
        "price": "2999",
        "price_per_unit": "1000",
        "price_unit": "EA"
      },
      {
        "state": "NT",
        "price": "2999",
        "price_per_unit": "1000",
        "price_unit": "EA"
      }
    ]
  },
  {
    "source_url": "https://www.woolworths.com.au/shop/productdetails/1074737201/bondi-sands-pure-self-tan-foaming-water-200ml-light-medium",
    "name": "Bondi Sands Pure Self Tan Foaming Water 200mL - Light/Medium",
    "image_url": "https://cdn1.woolworths.media/content/wowproductimages/large/1074737201.jpg",
    "source_id": "Woolworths - 1074737201",
    "barcode": null,
    "shop": "Woolworths",
    "weight": "1EA",
    "prices": [
      {
        "state": "NSW",
        "price": "1795",
        "price_per_unit": "1795",
        "price_unit": "EA"
      },
      {
        "state": "VIC",
        "price": "1795",
        "price_per_unit": "1795",
        "price_unit": "EA"
      },
      {
        "state": "QLD",
        "price": "1795",
        "price_per_unit": "1795",
        "price_unit": "EA"
      },
      {
        "state": "WA",
        "price": "1795",
        "price_per_unit": "1795",
        "price_unit": "EA"
      },
      {
        "state": "SA",
        "price": "1795",
        "price_per_unit": "1795",
        "price_unit": "EA"
      },
      {
        "state": "TAS",
        "price": "1795",
        "price_per_unit": "1795",
        "price_unit": "EA"
      },
      {
        "state": "ACT",
        "price": "1795",
        "price_per_unit": "1795",
        "price_unit": "EA"
      },
      {
        "state": "NT",
        "price": "1795",
        "price_per_unit": "1795",
        "price_unit": "EA"
      }
    ]
  },
  {
    "source_url": "https://www.woolworths.com.au/shop/productdetails/1074737202/bondi-sands-pure-self-tan-foaming-water-200ml-light-medium-x-3",
    "name": "Bondi Sands Pure Self Tan Foaming Water 200mL - Light/Medium x 3",
    "image_url": "https://cdn1.woolworths.media/content/wowproductimages/large/1074737202.jpg",
    "source_id": "Woolworths - 1074737202",
    "barcode": null,
    "shop": "Woolworths",
    "weight": "1EA",
    "prices": [
      {
        "state": "NSW",
        "price": "3495",
        "price_per_unit": "1165",
        "price_unit": "EA"
      },
      {
        "state": "VIC",
        "price": "3495",
        "price_per_unit": "1165",
        "price_unit": "EA"
      },
      {
        "state": "QLD",
        "price": "3495",
        "price_per_unit": "1165",
        "price_unit": "EA"
      },
      {
        "state": "WA",
        "price": "3495",
        "price_per_unit": "1165",
        "price_unit": "EA"
      },
      {
        "state": "SA",
        "price": "3495",
        "price_per_unit": "1165",
        "price_unit": "EA"
      },
      {
        "state": "TAS",
        "price": "3495",
        "price_per_unit": "1165",
        "price_unit": "EA"
      },
      {
        "state": "ACT",
        "price": "3495",
        "price_per_unit": "1165",
        "price_unit": "EA"
      },
      {
        "state": "NT",
        "price": "3495",
        "price_per_unit": "1165",
        "price_unit": "EA"
      }
    ]
  },
  {
    "source_url": "https://www.woolworths.com.au/shop/productdetails/1075322963/bondi-sands-pure-self-tan-foaming-water-dark-200ml-4pk",
    "name": "Bondi Sands Pure Self Tan Foaming Water Dark 200mL 4pk",
    "image_url": "https://cdn1.woolworths.media/content/wowproductimages/large/1075322963.jpg",
    "source_id": "Woolworths - 1075322963",
    "barcode": null,
    "shop": "Woolworths",
    "weight": "1EA",
    "prices": [
      {
        "state": "NSW",
        "price": "4399",
        "price_per_unit": "1100",
        "price_unit": "EA"
      },
      {
        "state": "VIC",
        "price": "4399",
        "price_per_unit": "1100",
        "price_unit": "EA"
      },
      {
        "state": "QLD",
        "price": "4399",
        "price_per_unit": "1100",
        "price_unit": "EA"
      },
      {
        "state": "WA",
        "price": "4399",
        "price_per_unit": "1100",
        "price_unit": "EA"
      },
      {
        "state": "SA",
        "price": "4399",
        "price_per_unit": "1100",
        "price_unit": "EA"
      },
      {
        "state": "TAS",
        "price": "4399",
        "price_per_unit": "1100",
        "price_unit": "EA"
      },
      {
        "state": "ACT",
        "price": "4399",
        "price_per_unit": "1100",
        "price_unit": "EA"
      },
      {
        "state": "NT",
        "price": "4399",
        "price_per_unit": "1100",
        "price_unit": "EA"
      }
    ]
  },
  {
    "source_url": "https://www.woolworths.com.au/shop/productdetails/1075323348/bondi-sands-pure-self-tan-foaming-water-light-medium-200ml",
    "name": "Bondi Sands Pure Self Tan Foaming Water Light/Medium 200mL",
    "image_url": "https://cdn1.woolworths.media/content/wowproductimages/large/1075323348.jpg",
    "source_id": "Woolworths - 1075323348",
    "barcode": null,
    "shop": "Woolworths",
    "weight": "10ML",
    "prices": [
      {
        "state": "NSW",
        "price": "1699",
        "price_per_unit": "85",
        "price_unit": "ML"
      },
      {
        "state": "VIC",
        "price": "1699",
        "price_per_unit": "85",
        "price_unit": "ML"
      },
      {
        "state": "QLD",
        "price": "1699",
        "price_per_unit": "85",
        "price_unit": "ML"
      },
      {
        "state": "WA",
        "price": "1699",
        "price_per_unit": "85",
        "price_unit": "ML"
      },
      {
        "state": "SA",
        "price": "1699",
        "price_per_unit": "85",
        "price_unit": "ML"
      },
      {
        "state": "TAS",
        "price": "1699",
        "price_per_unit": "85",
        "price_unit": "ML"
      },
      {
        "state": "ACT",
        "price": "1699",
        "price_per_unit": "85",
        "price_unit": "ML"
      },
      {
        "state": "NT",
        "price": "1699",
        "price_per_unit": "85",
        "price_unit": "ML"
      }
    ]
  },
  {
    "source_url": "https://www.woolworths.com.au/shop/productdetails/1075322962/bondi-sands-pure-self-tan-foaming-water-light-medium-200ml-3pk",
    "name": "Bondi Sands Pure Self Tan Foaming Water Light/Medium 200mL 3pk",
    "image_url": "https://cdn1.woolworths.media/content/wowproductimages/large/1075322962.jpg",
    "source_id": "Woolworths - 1075322962",
    "barcode": null,
    "shop": "Woolworths",
    "weight": "1EA",
    "prices": [
      {
        "state": "NSW",
        "price": "2999",
        "price_per_unit": "1000",
        "price_unit": "EA"
      },
      {
        "state": "VIC",
        "price": "2999",
        "price_per_unit": "1000",
        "price_unit": "EA"
      },
      {
        "state": "QLD",
        "price": "2999",
        "price_per_unit": "1000",
        "price_unit": "EA"
      },
      {
        "state": "WA",
        "price": "2999",
        "price_per_unit": "1000",
        "price_unit": "EA"
      },
      {
        "state": "TAS",
        "price": "2999",
        "price_per_unit": "1000",
        "price_unit": "EA"
      },
      {
        "state": "ACT",
        "price": "2999",
        "price_per_unit": "1000",
        "price_unit": "EA"
      },
      {
        "state": "NT",
        "price": "2999",
        "price_per_unit": "1000",
        "price_unit": "EA"
      }
    ]
  },
  {
    "source_url": "https://www.woolworths.com.au/shop/productdetails/1074737214/bondi-sands-pure-self-tanning-face-mist-renew-70ml",
    "name": "Bondi Sands Pure Self Tanning Face Mist Renew 70mL",
    "image_url": "https://cdn1.woolworths.media/content/wowproductimages/large/1074737214.jpg",
    "source_id": "Woolworths - 1074737214",
    "barcode": null,
    "shop": "Woolworths",
    "weight": "1EA",
    "prices": [
      {
        "state": "NSW",
        "price": "1695",
        "price_per_unit": "1695",
        "price_unit": "EA"
      },
      {
        "state": "VIC",
        "price": "1695",
        "price_per_unit": "1695",
        "price_unit": "EA"
      },
      {
        "state": "QLD",
        "price": "1695",
        "price_per_unit": "1695",
        "price_unit": "EA"
      },
      {
        "state": "WA",
        "price": "1695",
        "price_per_unit": "1695",
        "price_unit": "EA"
      },
      {
        "state": "SA",
        "price": "1695",
        "price_per_unit": "1695",
        "price_unit": "EA"
      },
      {
        "state": "TAS",
        "price": "1695",
        "price_per_unit": "1695",
        "price_unit": "EA"
      },
      {
        "state": "ACT",
        "price": "1695",
        "price_per_unit": "1695",
        "price_unit": "EA"
      },
      {
        "state": "NT",
        "price": "1695",
        "price_per_unit": "1695",
        "price_unit": "EA"
      }
    ]
  },
  {
    "source_url": "https://www.woolworths.com.au/shop/productdetails/1075322956/bondi-sands-pure-self-tanning-face-mist-renew-70ml",
    "name": "Bondi Sands Pure Self Tanning Face Mist Renew 70mL",
    "image_url": "https://cdn1.woolworths.media/content/wowproductimages/large/1075322956.jpg",
    "source_id": "Woolworths - 1075322956",
    "barcode": null,
    "shop": "Woolworths",
    "weight": "10ML",
    "prices": [
      {
        "state": "NSW",
        "price": "1699",
        "price_per_unit": "243",
        "price_unit": "ML"
      },
      {
        "state": "VIC",
        "price": "1699",
        "price_per_unit": "243",
        "price_unit": "ML"
      },
      {
        "state": "QLD",
        "price": "1699",
        "price_per_unit": "243",
        "price_unit": "ML"
      },
      {
        "state": "WA",
        "price": "1699",
        "price_per_unit": "243",
        "price_unit": "ML"
      },
      {
        "state": "SA",
        "price": "1699",
        "price_per_unit": "243",
        "price_unit": "ML"
      },
      {
        "state": "TAS",
        "price": "1699",
        "price_per_unit": "243",
        "price_unit": "ML"
      },
      {
        "state": "ACT",
        "price": "1699",
        "price_per_unit": "243",
        "price_unit": "ML"
      },
      {
        "state": "NT",
        "price": "1699",
        "price_per_unit": "243",
        "price_unit": "ML"
      }
    ]
  },
  {
    "source_url": "https://www.woolworths.com.au/shop/productdetails/1075322959/bondi-sands-pure-self-tanning-face-mist-renew-70ml-3pk",
    "name": "Bondi Sands Pure Self Tanning Face Mist Renew 70mL 3pk",
    "image_url": "https://cdn1.woolworths.media/content/wowproductimages/large/1075322959.jpg",
    "source_id": "Woolworths - 1075322959",
    "barcode": null,
    "shop": "Woolworths",
    "weight": "1EA",
    "prices": [
      {
        "state": "NSW",
        "price": "2999",
        "price_per_unit": "1000",
        "price_unit": "EA"
      },
      {
        "state": "VIC",
        "price": "2999",
        "price_per_unit": "1000",
        "price_unit": "EA"
      },
      {
        "state": "QLD",
        "price": "2999",
        "price_per_unit": "1000",
        "price_unit": "EA"
      },
      {
        "state": "WA",
        "price": "2999",
        "price_per_unit": "1000",
        "price_unit": "EA"
      },
      {
        "state": "SA",
        "price": "2999",
        "price_per_unit": "1000",
        "price_unit": "EA"
      },
      {
        "state": "TAS",
        "price": "2999",
        "price_per_unit": "1000",
        "price_unit": "EA"
      },
      {
        "state": "ACT",
        "price": "2999",
        "price_per_unit": "1000",
        "price_unit": "EA"
      },
      {
        "state": "NT",
        "price": "2999",
        "price_per_unit": "1000",
        "price_unit": "EA"
      }
    ]
  },
  {
    "source_url": "https://www.woolworths.com.au/shop/productdetails/1074737215/bondi-sands-pure-self-tanning-face-mist-renew-70ml-x-3",
    "name": "Bondi Sands Pure Self Tanning Face Mist Renew 70mL x 3",
    "image_url": "https://cdn1.woolworths.media/content/wowproductimages/large/1074737215.jpg",
    "source_id": "Woolworths - 1074737215",
    "barcode": null,
    "shop": "Woolworths",
    "weight": "1EA",
    "prices": [
      {
        "state": "NSW",
        "price": "2995",
        "price_per_unit": "998",
        "price_unit": "EA"
      },
      {
        "state": "VIC",
        "price": "2995",
        "price_per_unit": "998",
        "price_unit": "EA"
      },
      {
        "state": "QLD",
        "price": "2995",
        "price_per_unit": "998",
        "price_unit": "EA"
      },
      {
        "state": "WA",
        "price": "2995",
        "price_per_unit": "998",
        "price_unit": "EA"
      },
      {
        "state": "SA",
        "price": "2995",
        "price_per_unit": "998",
        "price_unit": "EA"
      },
      {
        "state": "TAS",
        "price": "2995",
        "price_per_unit": "998",
        "price_unit": "EA"
      },
      {
        "state": "ACT",
        "price": "2995",
        "price_per_unit": "998",
        "price_unit": "EA"
      },
      {
        "state": "NT",
        "price": "2995",
        "price_per_unit": "998",
        "price_unit": "EA"
      }
    ]
  },
  {
    "source_url": "https://www.woolworths.com.au/shop/productdetails/1075565140/bondi-sands-pure-self-tanning-golden-glow-facial-sleep-mask-renew-3pk-75ml",
    "name": "Bondi Sands Pure Self Tanning Golden Glow Facial Sleep Mask Renew 3PK 75ml",
    "image_url": "https://cdn1.woolworths.media/content/wowproductimages/large/1075565140.jpg",
    "source_id": "Woolworths - 1075565140",
    "barcode": null,
    "shop": "Woolworths",
    "weight": "1EA",
    "prices": [
      {
        "state": "NSW",
        "price": "2500",
        "price_per_unit": "833",
        "price_unit": "EA"
      },
      {
        "state": "VIC",
        "price": "2500",
        "price_per_unit": "833",
        "price_unit": "EA"
      },
      {
        "state": "QLD",
        "price": "2500",
        "price_per_unit": "833",
        "price_unit": "EA"
      },
      {
        "state": "WA",
        "price": "2500",
        "price_per_unit": "833",
        "price_unit": "EA"
      },
      {
        "state": "SA",
        "price": "2500",
        "price_per_unit": "833",
        "price_unit": "EA"
      },
      {
        "state": "TAS",
        "price": "2500",
        "price_per_unit": "833",
        "price_unit": "EA"
      },
      {
        "state": "ACT",
        "price": "2500",
        "price_per_unit": "833",
        "price_unit": "EA"
      },
      {
        "state": "NT",
        "price": "2500",
        "price_per_unit": "833",
        "price_unit": "EA"
      }
    ]
  },
  {
    "source_url": "https://www.woolworths.com.au/shop/productdetails/1075322957/bondi-sands-pure-self-tanning-sleep-mask-75ml",
    "name": "Bondi Sands Pure Self Tanning Sleep Mask 75mL",
    "image_url": "https://cdn1.woolworths.media/content/wowproductimages/large/1075322957.jpg",
    "source_id": "Woolworths - 1075322957",
    "barcode": null,
    "shop": "Woolworths",
    "weight": "10ML",
    "prices": [
      {
        "state": "NSW",
        "price": "1699",
        "price_per_unit": "227",
        "price_unit": "ML"
      },
      {
        "state": "VIC",
        "price": "1699",
        "price_per_unit": "227",
        "price_unit": "ML"
      },
      {
        "state": "QLD",
        "price": "1699",
        "price_per_unit": "227",
        "price_unit": "ML"
      },
      {
        "state": "WA",
        "price": "1699",
        "price_per_unit": "227",
        "price_unit": "ML"
      },
      {
        "state": "SA",
        "price": "1699",
        "price_per_unit": "227",
        "price_unit": "ML"
      },
      {
        "state": "TAS",
        "price": "1699",
        "price_per_unit": "227",
        "price_unit": "ML"
      },
      {
        "state": "ACT",
        "price": "1699",
        "price_per_unit": "227",
        "price_unit": "ML"
      },
      {
        "state": "NT",
        "price": "1699",
        "price_per_unit": "227",
        "price_unit": "ML"
      }
    ]
  },
  {
    "source_url": "https://www.woolworths.com.au/shop/productdetails/1075322958/bondi-sands-pure-self-tanning-sleep-mask-75ml-6pk",
    "name": "Bondi Sands Pure Self Tanning Sleep Mask 75mL 6pk",
    "image_url": "https://cdn1.woolworths.media/content/wowproductimages/large/1075322958.jpg",
    "source_id": "Woolworths - 1075322958",
    "barcode": null,
    "shop": "Woolworths",
    "weight": "1EA",
    "prices": [
      {
        "state": "NSW",
        "price": "5099",
        "price_per_unit": "850",
        "price_unit": "EA"
      },
      {
        "state": "VIC",
        "price": "5099",
        "price_per_unit": "850",
        "price_unit": "EA"
      },
      {
        "state": "QLD",
        "price": "5099",
        "price_per_unit": "850",
        "price_unit": "EA"
      },
      {
        "state": "WA",
        "price": "5099",
        "price_per_unit": "850",
        "price_unit": "EA"
      },
      {
        "state": "SA",
        "price": "5099",
        "price_per_unit": "850",
        "price_unit": "EA"
      },
      {
        "state": "TAS",
        "price": "5099",
        "price_per_unit": "850",
        "price_unit": "EA"
      },
      {
        "state": "ACT",
        "price": "5099",
        "price_per_unit": "850",
        "price_unit": "EA"
      },
      {
        "state": "NT",
        "price": "5099",
        "price_per_unit": "850",
        "price_unit": "EA"
      }
    ]
  },
  {
    "source_url": "https://www.woolworths.com.au/shop/productdetails/1074737218/bondi-sands-pure-self-tanning-sleep-mask-renew-75ml",
    "name": "Bondi Sands Pure Self Tanning Sleep Mask Renew 75mL",
    "image_url": "https://cdn1.woolworths.media/content/wowproductimages/large/1074737218.jpg",
    "source_id": "Woolworths - 1074737218",
    "barcode": null,
    "shop": "Woolworths",
    "weight": "1EA",
    "prices": [
      {
        "state": "NSW",
        "price": "1695",
        "price_per_unit": "1695",
        "price_unit": "EA"
      },
      {
        "state": "VIC",
        "price": "1695",
        "price_per_unit": "1695",
        "price_unit": "EA"
      },
      {
        "state": "QLD",
        "price": "1695",
        "price_per_unit": "1695",
        "price_unit": "EA"
      },
      {
        "state": "WA",
        "price": "1695",
        "price_per_unit": "1695",
        "price_unit": "EA"
      },
      {
        "state": "SA",
        "price": "1695",
        "price_per_unit": "1695",
        "price_unit": "EA"
      },
      {
        "state": "TAS",
        "price": "1695",
        "price_per_unit": "1695",
        "price_unit": "EA"
      },
      {
        "state": "ACT",
        "price": "1695",
        "price_per_unit": "1695",
        "price_unit": "EA"
      },
      {
        "state": "NT",
        "price": "1695",
        "price_per_unit": "1695",
        "price_unit": "EA"
      }
    ]
  },
  {
    "source_url": "https://www.woolworths.com.au/shop/productdetails/1074737219/bondi-sands-pure-self-tanning-sleep-mask-renew-75ml-x-3",
    "name": "Bondi Sands Pure Self Tanning Sleep Mask Renew 75mL x 3",
    "image_url": "https://cdn1.woolworths.media/content/wowproductimages/large/1074737219.jpg",
    "source_id": "Woolworths - 1074737219",
    "barcode": null,
    "shop": "Woolworths",
    "weight": "1EA",
    "prices": [
      {
        "state": "NSW",
        "price": "2995",
        "price_per_unit": "998",
        "price_unit": "EA"
      },
      {
        "state": "VIC",
        "price": "2995",
        "price_per_unit": "998",
        "price_unit": "EA"
      },
      {
        "state": "QLD",
        "price": "2995",
        "price_per_unit": "998",
        "price_unit": "EA"
      },
      {
        "state": "WA",
        "price": "2995",
        "price_per_unit": "998",
        "price_unit": "EA"
      },
      {
        "state": "SA",
        "price": "2995",
        "price_per_unit": "998",
        "price_unit": "EA"
      },
      {
        "state": "TAS",
        "price": "2995",
        "price_per_unit": "998",
        "price_unit": "EA"
      },
      {
        "state": "ACT",
        "price": "2995",
        "price_per_unit": "998",
        "price_unit": "EA"
      },
      {
        "state": "NT",
        "price": "2995",
        "price_per_unit": "998",
        "price_unit": "EA"
      }
    ]
  },
  {
    "source_url": "https://www.woolworths.com.au/shop/productdetails/1075256618/bondi-sands-pure-transparent-self-tanning-water-light-to-medium-200ml",
    "name": "Bondi Sands Pure Transparent Self Tanning Water - Light to Medium 200ml",
    "image_url": "https://cdn1.woolworths.media/content/wowproductimages/large/1075256618.jpg",
    "source_id": "Woolworths - 1075256618",
    "barcode": null,
    "shop": "Woolworths",
    "weight": "1EA",
    "prices": [
      {
        "state": "NSW",
        "price": "2200",
        "price_per_unit": "2200",
        "price_unit": "EA"
      },
      {
        "state": "VIC",
        "price": "2200",
        "price_per_unit": "2200",
        "price_unit": "EA"
      },
      {
        "state": "QLD",
        "price": "2200",
        "price_per_unit": "2200",
        "price_unit": "EA"
      },
      {
        "state": "WA",
        "price": "2200",
        "price_per_unit": "2200",
        "price_unit": "EA"
      },
      {
        "state": "SA",
        "price": "2200",
        "price_per_unit": "2200",
        "price_unit": "EA"
      },
      {
        "state": "TAS",
        "price": "2200",
        "price_per_unit": "2200",
        "price_unit": "EA"
      },
      {
        "state": "ACT",
        "price": "2200",
        "price_per_unit": "2200",
        "price_unit": "EA"
      },
      {
        "state": "NT",
        "price": "2200",
        "price_per_unit": "2200",
        "price_unit": "EA"
      }
    ]
  },
  {
    "source_url": "https://www.woolworths.com.au/shop/productdetails/1074737211/bondi-sands-salon-solution-ultra-dark-1-litre",
    "name": "Bondi Sands Salon Solution Ultra Dark 1 Litre",
    "image_url": "https://cdn1.woolworths.media/content/wowproductimages/large/1074737211.jpg",
    "source_id": "Woolworths - 1074737211",
    "barcode": null,
    "shop": "Woolworths",
    "weight": "1EA",
    "prices": [
      {
        "state": "NSW",
        "price": "4900",
        "price_per_unit": "4900",
        "price_unit": "EA"
      },
      {
        "state": "VIC",
        "price": "4900",
        "price_per_unit": "4900",
        "price_unit": "EA"
      },
      {
        "state": "QLD",
        "price": "4900",
        "price_per_unit": "4900",
        "price_unit": "EA"
      },
      {
        "state": "WA",
        "price": "4900",
        "price_per_unit": "4900",
        "price_unit": "EA"
      },
      {
        "state": "SA",
        "price": "4900",
        "price_per_unit": "4900",
        "price_unit": "EA"
      },
      {
        "state": "TAS",
        "price": "4900",
        "price_per_unit": "4900",
        "price_unit": "EA"
      },
      {
        "state": "ACT",
        "price": "4900",
        "price_per_unit": "4900",
        "price_unit": "EA"
      },
      {
        "state": "NT",
        "price": "4900",
        "price_per_unit": "4900",
        "price_unit": "EA"
      }
    ]
  },
  {
    "source_url": "https://www.woolworths.com.au/shop/productdetails/1075565141/bondi-sands-salon-spray-tan-solution-coconut-scented-ultra-dark-2pk-1l",
    "name": "Bondi Sands Salon Spray Tan Solution Coconut Scented Ultra Dark 2PK 1L",
    "image_url": "https://cdn1.woolworths.media/content/wowproductimages/large/1075565141.jpg",
    "source_id": "Woolworths - 1075565141",
    "barcode": null,
    "shop": "Woolworths",
    "weight": "1EA",
    "prices": [
      {
        "state": "NSW",
        "price": "4315",
        "price_per_unit": "2158",
        "price_unit": "EA"
      },
      {
        "state": "VIC",
        "price": "4315",
        "price_per_unit": "2158",
        "price_unit": "EA"
      },
      {
        "state": "QLD",
        "price": "4315",
        "price_per_unit": "2158",
        "price_unit": "EA"
      },
      {
        "state": "WA",
        "price": "4315",
        "price_per_unit": "2158",
        "price_unit": "EA"
      },
      {
        "state": "SA",
        "price": "4315",
        "price_per_unit": "2158",
        "price_unit": "EA"
      },
      {
        "state": "TAS",
        "price": "4315",
        "price_per_unit": "2158",
        "price_unit": "EA"
      },
      {
        "state": "ACT",
        "price": "4315",
        "price_per_unit": "2158",
        "price_unit": "EA"
      },
      {
        "state": "NT",
        "price": "4315",
        "price_per_unit": "2158",
        "price_unit": "EA"
      }
    ]
  },
  {
    "source_url": "https://www.woolworths.com.au/shop/productdetails/1075935374/bondi-sands-salon-tan-solution-dark-120ml-x-6",
    "name": "Bondi Sands Salon Tan Solution Dark 120mL x 6",
    "image_url": "https://cdn1.woolworths.media/content/wowproductimages/large/1075935374.jpg",
    "source_id": "Woolworths - 1075935374",
    "barcode": null,
    "shop": "Woolworths",
    "weight": "1EA",
    "prices": [
      {
        "state": "NSW",
        "price": "3500",
        "price_per_unit": "583",
        "price_unit": "EA"
      },
      {
        "state": "VIC",
        "price": "3500",
        "price_per_unit": "583",
        "price_unit": "EA"
      },
      {
        "state": "QLD",
        "price": "3500",
        "price_per_unit": "583",
        "price_unit": "EA"
      },
      {
        "state": "WA",
        "price": "3500",
        "price_per_unit": "583",
        "price_unit": "EA"
      },
      {
        "state": "SA",
        "price": "3500",
        "price_per_unit": "583",
        "price_unit": "EA"
      },
      {
        "state": "TAS",
        "price": "3500",
        "price_per_unit": "583",
        "price_unit": "EA"
      },
      {
        "state": "ACT",
        "price": "3500",
        "price_per_unit": "583",
        "price_unit": "EA"
      },
      {
        "state": "NT",
        "price": "3500",
        "price_per_unit": "583",
        "price_unit": "EA"
      }
    ]
  },
  {
    "source_url": "https://www.woolworths.com.au/shop/productdetails/1075935375/bondi-sands-salon-tan-solution-light-medium-120ml-x-6",
    "name": "Bondi Sands Salon Tan Solution Light/Medium 120mL x 6",
    "image_url": "https://cdn1.woolworths.media/content/wowproductimages/large/1075935375.jpg",
    "source_id": "Woolworths - 1075935375",
    "barcode": null,
    "shop": "Woolworths",
    "weight": "1EA",
    "prices": [
      {
        "state": "NSW",
        "price": "3400",
        "price_per_unit": "567",
        "price_unit": "EA"
      },
      {
        "state": "VIC",
        "price": "3400",
        "price_per_unit": "567",
        "price_unit": "EA"
      },
      {
        "state": "QLD",
        "price": "3400",
        "price_per_unit": "567",
        "price_unit": "EA"
      },
      {
        "state": "WA",
        "price": "3400",
        "price_per_unit": "567",
        "price_unit": "EA"
      },
      {
        "state": "SA",
        "price": "3400",
        "price_per_unit": "567",
        "price_unit": "EA"
      },
      {
        "state": "TAS",
        "price": "3400",
        "price_per_unit": "567",
        "price_unit": "EA"
      },
      {
        "state": "ACT",
        "price": "3400",
        "price_per_unit": "567",
        "price_unit": "EA"
      },
      {
        "state": "NT",
        "price": "3400",
        "price_per_unit": "567",
        "price_unit": "EA"
      }
    ]
  },
  {
    "source_url": "https://www.woolworths.com.au/shop/productdetails/1075319851/bondi-sands-salon-tan-solution-ultra-dark-1-litre-x-2",
    "name": "Bondi Sands Salon Tan Solution Ultra Dark 1 Litre x 2",
    "image_url": "https://cdn1.woolworths.media/content/wowproductimages/large/1075319851.jpg",
    "source_id": "Woolworths - 1075319851",
    "barcode": null,
    "shop": "Woolworths",
    "weight": "1EA",
    "prices": [
      {
        "state": "NSW",
        "price": "5900",
        "price_per_unit": "2950",
        "price_unit": "EA"
      },
      {
        "state": "VIC",
        "price": "5900",
        "price_per_unit": "2950",
        "price_unit": "EA"
      },
      {
        "state": "QLD",
        "price": "5900",
        "price_per_unit": "2950",
        "price_unit": "EA"
      },
      {
        "state": "WA",
        "price": "5900",
        "price_per_unit": "2950",
        "price_unit": "EA"
      },
      {
        "state": "SA",
        "price": "5900",
        "price_per_unit": "2950",
        "price_unit": "EA"
      },
      {
        "state": "TAS",
        "price": "5900",
        "price_per_unit": "2950",
        "price_unit": "EA"
      },
      {
        "state": "ACT",
        "price": "5900",
        "price_per_unit": "2950",
        "price_unit": "EA"
      },
      {
        "state": "NT",
        "price": "5900",
        "price_per_unit": "2950",
        "price_unit": "EA"
      }
    ]
  },
  {
    "source_url": "https://www.woolworths.com.au/shop/productdetails/1074971349/bondi-sands-self-tan-drops-dark-30ml",
    "name": "Bondi Sands Self Tan Drops Dark 30mL",
    "image_url": "https://cdn1.woolworths.media/content/wowproductimages/large/1074971349.jpg",
    "source_id": "Woolworths - 1074971349",
    "barcode": null,
    "shop": "Woolworths",
    "weight": "10ML",
    "prices": [
      {
        "state": "NSW",
        "price": "1080",
        "price_per_unit": "360",
        "price_unit": "ML"
      },
      {
        "state": "VIC",
        "price": "1080",
        "price_per_unit": "360",
        "price_unit": "ML"
      },
      {
        "state": "QLD",
        "price": "1080",
        "price_per_unit": "360",
        "price_unit": "ML"
      },
      {
        "state": "WA",
        "price": "1080",
        "price_per_unit": "360",
        "price_unit": "ML"
      },
      {
        "state": "SA",
        "price": "1080",
        "price_per_unit": "360",
        "price_unit": "ML"
      },
      {
        "state": "TAS",
        "price": "1080",
        "price_per_unit": "360",
        "price_unit": "ML"
      },
      {
        "state": "ACT",
        "price": "1080",
        "price_per_unit": "360",
        "price_unit": "ML"
      },
      {
        "state": "NT",
        "price": "1080",
        "price_per_unit": "360",
        "price_unit": "ML"
      }
    ]
  },
  {
    "source_url": "https://www.woolworths.com.au/shop/productdetails/630954/bondi-sands-self-tan-eraser",
    "name": "Bondi Sands Self Tan Eraser 200ml",
    "image_url": "https://cdn1.woolworths.media/content/wowproductimages/large/630954.jpg",
    "source_id": "Woolworths - 630954",
    "barcode": "850278004381",
    "shop": "Woolworths",
    "weight": "100ML",
    "prices": [
      {
        "state": "NSW",
        "price": "1200",
        "price_per_unit": "600",
        "price_unit": "ML"
      },
      {
        "state": "VIC",
        "price": "1200",
        "price_per_unit": "600",
        "price_unit": "ML"
      },
      {
        "state": "QLD",
        "price": "1200",
        "price_per_unit": "600",
        "price_unit": "ML"
      },
      {
        "state": "WA",
        "price": "1200",
        "price_per_unit": "600",
        "price_unit": "ML"
      },
      {
        "state": "SA",
        "price": "1200",
        "price_per_unit": "600",
        "price_unit": "ML"
      },
      {
        "state": "TAS",
        "price": "1200",
        "price_per_unit": "600",
        "price_unit": "ML"
      },
      {
        "state": "ACT",
        "price": "1200",
        "price_per_unit": "600",
        "price_unit": "ML"
      },
      {
        "state": "NT",
        "price": "1260",
        "price_per_unit": "630",
        "price_unit": "ML"
      }
    ]
  },
  {
    "source_url": "https://www.woolworths.com.au/shop/productdetails/795910/bondi-sands-self-tan-foam-dark",
    "name": "Bondi Sands Self Tan Foam Dark 200ml",
    "image_url": "https://cdn1.woolworths.media/content/wowproductimages/large/795910.jpg",
    "source_id": "Woolworths - 795910",
    "barcode": "850278004046",
    "shop": "Woolworths",
    "weight": "100ML",
    "prices": [
      {
        "state": "NSW",
        "price": "1320",
        "price_per_unit": "660",
        "price_unit": "ML"
      },
      {
        "state": "VIC",
        "price": "1320",
        "price_per_unit": "660",
        "price_unit": "ML"
      },
      {
        "state": "QLD",
        "price": "1320",
        "price_per_unit": "660",
        "price_unit": "ML"
      },
      {
        "state": "WA",
        "price": "1320",
        "price_per_unit": "660",
        "price_unit": "ML"
      },
      {
        "state": "SA",
        "price": "1320",
        "price_per_unit": "660",
        "price_unit": "ML"
      },
      {
        "state": "TAS",
        "price": "1320",
        "price_per_unit": "660",
        "price_unit": "ML"
      },
      {
        "state": "ACT",
        "price": "1320",
        "price_per_unit": "660",
        "price_unit": "ML"
      },
      {
        "state": "NT",
        "price": "1320",
        "price_per_unit": "660",
        "price_unit": "ML"
      }
    ]
  },
  {
    "source_url": "https://www.woolworths.com.au/shop/productdetails/795981/bondi-sands-self-tan-foam-light-medium",
    "name": "Bondi Sands Self Tan Foam Light Medium 200ml",
    "image_url": "https://cdn1.woolworths.media/content/wowproductimages/large/795981.jpg",
    "source_id": "Woolworths - 795981",
    "barcode": "850278004053",
    "shop": "Woolworths",
    "weight": "100ML",
    "prices": [
      {
        "state": "NSW",
        "price": "1320",
        "price_per_unit": "660",
        "price_unit": "ML"
      },
      {
        "state": "VIC",
        "price": "1320",
        "price_per_unit": "660",
        "price_unit": "ML"
      },
      {
        "state": "QLD",
        "price": "1320",
        "price_per_unit": "660",
        "price_unit": "ML"
      },
      {
        "state": "WA",
        "price": "1320",
        "price_per_unit": "660",
        "price_unit": "ML"
      },
      {
        "state": "SA",
        "price": "1320",
        "price_per_unit": "660",
        "price_unit": "ML"
      },
      {
        "state": "TAS",
        "price": "1320",
        "price_per_unit": "660",
        "price_unit": "ML"
      },
      {
        "state": "ACT",
        "price": "1320",
        "price_per_unit": "660",
        "price_unit": "ML"
      },
      {
        "state": "NT",
        "price": "1320",
        "price_per_unit": "660",
        "price_unit": "ML"
      }
    ]
  },
  {
    "source_url": "https://www.woolworths.com.au/shop/productdetails/162597/bondi-sands-self-tanning-foam-1-hour-express",
    "name": "Bondi Sands Self Tanning Foam 1 Hour Express 200ml",
    "image_url": "https://cdn1.woolworths.media/content/wowproductimages/large/162597.jpg",
    "source_id": "Woolworths - 162597",
    "barcode": "810020171877",
    "shop": "Woolworths",
    "weight": "100ML",
    "prices": [
      {
        "state": "NSW",
        "price": "1500",
        "price_per_unit": "750",
        "price_unit": "ML"
      },
      {
        "state": "VIC",
        "price": "1500",
        "price_per_unit": "750",
        "price_unit": "ML"
      },
      {
        "state": "QLD",
        "price": "1500",
        "price_per_unit": "750",
        "price_unit": "ML"
      },
      {
        "state": "WA",
        "price": "1500",
        "price_per_unit": "750",
        "price_unit": "ML"
      },
      {
        "state": "SA",
        "price": "1500",
        "price_per_unit": "750",
        "price_unit": "ML"
      },
      {
        "state": "TAS",
        "price": "1500",
        "price_per_unit": "750",
        "price_unit": "ML"
      },
      {
        "state": "ACT",
        "price": "1500",
        "price_per_unit": "750",
        "price_unit": "ML"
      },
      {
        "state": "NT",
        "price": "1500",
        "price_per_unit": "750",
        "price_unit": "ML"
      }
    ]
  },
  {
    "source_url": "https://www.woolworths.com.au/shop/productdetails/630956/bondi-sands-self-tanning-foam-ultra-dark",
    "name": "Bondi Sands Self Tanning Foam Ultra Dark 200ml",
    "image_url": "https://cdn1.woolworths.media/content/wowproductimages/large/630956.jpg",
    "source_id": "Woolworths - 630956",
    "barcode": "850278004312",
    "shop": "Woolworths",
    "weight": "100ML",
    "prices": [
      {
        "state": "NSW",
        "price": "1560",
        "price_per_unit": "780",
        "price_unit": "ML"
      },
      {
        "state": "VIC",
        "price": "1560",
        "price_per_unit": "780",
        "price_unit": "ML"
      },
      {
        "state": "WA",
        "price": "1560",
        "price_per_unit": "780",
        "price_unit": "ML"
      },
      {
        "state": "ACT",
        "price": "1560",
        "price_per_unit": "780",
        "price_unit": "ML"
      }
    ]
  },
  {
    "source_url": "https://www.woolworths.com.au/shop/productdetails/1075949594/bondi-sands-self-tanning-mist-light-medium-250ml-x-3",
    "name": "Bondi Sands Self Tanning Mist Light/Medium 250mL x 3",
    "image_url": "https://cdn1.woolworths.media/content/wowproductimages/large/1075949594.jpg",
    "source_id": "Woolworths - 1075949594",
    "barcode": null,
    "shop": "Woolworths",
    "weight": "10ML",
    "prices": [
      {
        "state": "NSW",
        "price": "2900",
        "price_per_unit": "879",
        "price_unit": "ML"
      },
      {
        "state": "VIC",
        "price": "2900",
        "price_per_unit": "879",
        "price_unit": "ML"
      },
      {
        "state": "QLD",
        "price": "2900",
        "price_per_unit": "879",
        "price_unit": "ML"
      },
      {
        "state": "WA",
        "price": "2900",
        "price_per_unit": "879",
        "price_unit": "ML"
      },
      {
        "state": "TAS",
        "price": "2900",
        "price_per_unit": "879",
        "price_unit": "ML"
      },
      {
        "state": "ACT",
        "price": "2900",
        "price_per_unit": "879",
        "price_unit": "ML"
      },
      {
        "state": "NT",
        "price": "2900",
        "price_per_unit": "879",
        "price_unit": "ML"
      }
    ]
  },
  {
    "source_url": "https://www.woolworths.com.au/shop/productdetails/1075480214/bondi-sands-self-tanning-foam-dark-200ml",
    "name": "Bondi Sands Self-Tanning Foam Dark 200ml",
    "image_url": "https://cdn1.woolworths.media/content/wowproductimages/large/1075480214.jpg",
    "source_id": "Woolworths - 1075480214",
    "barcode": null,
    "shop": "Woolworths",
    "weight": "10ML",
    "prices": [
      {
        "state": "NSW",
        "price": "1895",
        "price_per_unit": "95",
        "price_unit": "ML"
      },
      {
        "state": "VIC",
        "price": "1895",
        "price_per_unit": "95",
        "price_unit": "ML"
      },
      {
        "state": "QLD",
        "price": "1895",
        "price_per_unit": "95",
        "price_unit": "ML"
      },
      {
        "state": "WA",
        "price": "1895",
        "price_per_unit": "95",
        "price_unit": "ML"
      },
      {
        "state": "SA",
        "price": "1895",
        "price_per_unit": "95",
        "price_unit": "ML"
      },
      {
        "state": "TAS",
        "price": "1895",
        "price_per_unit": "95",
        "price_unit": "ML"
      },
      {
        "state": "ACT",
        "price": "1895",
        "price_per_unit": "95",
        "price_unit": "ML"
      },
      {
        "state": "NT",
        "price": "1895",
        "price_per_unit": "95",
        "price_unit": "ML"
      }
    ]
  },
  {
    "source_url": "https://www.woolworths.com.au/shop/productdetails/1075481517/bondi-sands-self-tanning-foam-light-medium-200ml",
    "name": "Bondi Sands Self-Tanning Foam Light/Medium 200ml",
    "image_url": "https://cdn1.woolworths.media/content/wowproductimages/large/1075481517.jpg",
    "source_id": "Woolworths - 1075481517",
    "barcode": null,
    "shop": "Woolworths",
    "weight": "10ML",
    "prices": [
      {
        "state": "NSW",
        "price": "1895",
        "price_per_unit": "95",
        "price_unit": "ML"
      },
      {
        "state": "VIC",
        "price": "1895",
        "price_per_unit": "95",
        "price_unit": "ML"
      },
      {
        "state": "QLD",
        "price": "1895",
        "price_per_unit": "95",
        "price_unit": "ML"
      },
      {
        "state": "WA",
        "price": "1895",
        "price_per_unit": "95",
        "price_unit": "ML"
      },
      {
        "state": "SA",
        "price": "1895",
        "price_per_unit": "95",
        "price_unit": "ML"
      },
      {
        "state": "TAS",
        "price": "1895",
        "price_per_unit": "95",
        "price_unit": "ML"
      },
      {
        "state": "ACT",
        "price": "1895",
        "price_per_unit": "95",
        "price_unit": "ML"
      },
      {
        "state": "NT",
        "price": "1895",
        "price_per_unit": "95",
        "price_unit": "ML"
      }
    ]
  },
  {
    "source_url": "https://www.woolworths.com.au/shop/productdetails/1075481088/bondi-sands-self-tanning-foam-ultra-dark-200ml",
    "name": "Bondi Sands Self-Tanning Foam Ultra Dark 200ml",
    "image_url": "https://cdn1.woolworths.media/content/wowproductimages/large/1075481088.jpg",
    "source_id": "Woolworths - 1075481088",
    "barcode": null,
    "shop": "Woolworths",
    "weight": "10ML",
    "prices": [
      {
        "state": "NSW",
        "price": "2395",
        "price_per_unit": "120",
        "price_unit": "ML"
      },
      {
        "state": "VIC",
        "price": "2395",
        "price_per_unit": "120",
        "price_unit": "ML"
      },
      {
        "state": "QLD",
        "price": "2395",
        "price_per_unit": "120",
        "price_unit": "ML"
      },
      {
        "state": "WA",
        "price": "2395",
        "price_per_unit": "120",
        "price_unit": "ML"
      },
      {
        "state": "SA",
        "price": "2395",
        "price_per_unit": "120",
        "price_unit": "ML"
      },
      {
        "state": "TAS",
        "price": "2395",
        "price_per_unit": "120",
        "price_unit": "ML"
      },
      {
        "state": "ACT",
        "price": "2395",
        "price_per_unit": "120",
        "price_unit": "ML"
      },
      {
        "state": "NT",
        "price": "2395",
        "price_per_unit": "120",
        "price_unit": "ML"
      }
    ]
  },
  {
    "source_url": "https://www.woolworths.com.au/shop/productdetails/73923/bondi-sands-spf50-fragrance-free-lotion",
    "name": "Bondi Sands Spf50 Fragrance Free Lotion 150ml",
    "image_url": "https://cdn1.woolworths.media/content/wowproductimages/large/073923.jpg",
    "source_id": "Woolworths - 73923",
    "barcode": "810020170986",
    "shop": "Woolworths",
    "weight": "100ML",
    "prices": [
      {
        "state": "NSW",
        "price": "900",
        "price_per_unit": "600",
        "price_unit": "ML"
      },
      {
        "state": "VIC",
        "price": "900",
        "price_per_unit": "600",
        "price_unit": "ML"
      },
      {
        "state": "QLD",
        "price": "900",
        "price_per_unit": "600",
        "price_unit": "ML"
      },
      {
        "state": "WA",
        "price": "900",
        "price_per_unit": "600",
        "price_unit": "ML"
      },
      {
        "state": "SA",
        "price": "900",
        "price_per_unit": "600",
        "price_unit": "ML"
      },
      {
        "state": "TAS",
        "price": "900",
        "price_per_unit": "600",
        "price_unit": "ML"
      },
      {
        "state": "ACT",
        "price": "900",
        "price_per_unit": "600",
        "price_unit": "ML"
      },
      {
        "state": "NT",
        "price": "900",
        "price_per_unit": "600",
        "price_unit": "ML"
      }
    ]
  },
  {
    "source_url": "https://www.woolworths.com.au/shop/productdetails/73925/bondi-sands-spf50-face-lotion",
    "name": "Bondi Sands Spf50+ Face Lotion 75ml",
    "image_url": "https://cdn1.woolworths.media/content/wowproductimages/large/073925.jpg",
    "source_id": "Woolworths - 73925",
    "barcode": "810020170979",
    "shop": "Woolworths",
    "weight": "100ML",
    "prices": [
      {
        "state": "NSW",
        "price": "900",
        "price_per_unit": "1200",
        "price_unit": "ML"
      },
      {
        "state": "VIC",
        "price": "900",
        "price_per_unit": "1200",
        "price_unit": "ML"
      },
      {
        "state": "QLD",
        "price": "900",
        "price_per_unit": "1200",
        "price_unit": "ML"
      },
      {
        "state": "WA",
        "price": "900",
        "price_per_unit": "1200",
        "price_unit": "ML"
      },
      {
        "state": "SA",
        "price": "900",
        "price_per_unit": "1200",
        "price_unit": "ML"
      },
      {
        "state": "TAS",
        "price": "900",
        "price_per_unit": "1200",
        "price_unit": "ML"
      },
      {
        "state": "ACT",
        "price": "900",
        "price_per_unit": "1200",
        "price_unit": "ML"
      },
      {
        "state": "NT",
        "price": "900",
        "price_per_unit": "1200",
        "price_unit": "ML"
      }
    ]
  },
  {
    "source_url": "https://www.woolworths.com.au/shop/productdetails/109784/bondi-sands-spf50-fragrance-free-sunscreen-lotion",
    "name": "Bondi Sands Spf50+ Fragrance Free Sunscreen Lotion 500ml",
    "image_url": "https://cdn1.woolworths.media/content/wowproductimages/large/109784.jpg",
    "source_id": "Woolworths - 109784",
    "barcode": "810020170511",
    "shop": "Woolworths",
    "weight": "100ML",
    "prices": [
      {
        "state": "NSW",
        "price": "1680",
        "price_per_unit": "336",
        "price_unit": "ML"
      },
      {
        "state": "VIC",
        "price": "1680",
        "price_per_unit": "336",
        "price_unit": "ML"
      },
      {
        "state": "QLD",
        "price": "1680",
        "price_per_unit": "336",
        "price_unit": "ML"
      },
      {
        "state": "WA",
        "price": "1680",
        "price_per_unit": "336",
        "price_unit": "ML"
      },
      {
        "state": "SA",
        "price": "1680",
        "price_per_unit": "336",
        "price_unit": "ML"
      },
      {
        "state": "TAS",
        "price": "1680",
        "price_per_unit": "336",
        "price_unit": "ML"
      },
      {
        "state": "ACT",
        "price": "1680",
        "price_per_unit": "336",
        "price_unit": "ML"
      },
      {
        "state": "NT",
        "price": "1680",
        "price_per_unit": "336",
        "price_unit": "ML"
      }
    ]
  },
  {
    "source_url": "https://www.woolworths.com.au/shop/productdetails/1075481815/bondi-sands-tan-eraser-200ml",
    "name": "Bondi Sands Tan Eraser 200ml",
    "image_url": "https://cdn1.woolworths.media/content/wowproductimages/large/1075481815.jpg",
    "source_id": "Woolworths - 1075481815",
    "barcode": null,
    "shop": "Woolworths",
    "weight": "10ML",
    "prices": [
      {
        "state": "NSW",
        "price": "1895",
        "price_per_unit": "95",
        "price_unit": "ML"
      },
      {
        "state": "VIC",
        "price": "1895",
        "price_per_unit": "95",
        "price_unit": "ML"
      },
      {
        "state": "QLD",
        "price": "1895",
        "price_per_unit": "95",
        "price_unit": "ML"
      },
      {
        "state": "WA",
        "price": "1895",
        "price_per_unit": "95",
        "price_unit": "ML"
      },
      {
        "state": "SA",
        "price": "1895",
        "price_per_unit": "95",
        "price_unit": "ML"
      },
      {
        "state": "TAS",
        "price": "1895",
        "price_per_unit": "95",
        "price_unit": "ML"
      },
      {
        "state": "ACT",
        "price": "1895",
        "price_per_unit": "95",
        "price_unit": "ML"
      },
      {
        "state": "NT",
        "price": "1895",
        "price_per_unit": "95",
        "price_unit": "ML"
      }
    ]
  },
  {
    "source_url": "https://www.woolworths.com.au/shop/productdetails/795983/bondi-sands-tanning-gradual-tan",
    "name": "Bondi Sands Tanning Gradual Tan 375ml",
    "image_url": "https://cdn1.woolworths.media/content/wowproductimages/large/795983.jpg",
    "source_id": "Woolworths - 795983",
    "barcode": "850278004084",
    "shop": "Woolworths",
    "weight": "100ML",
    "prices": [
      {
        "state": "NSW",
        "price": "1200",
        "price_per_unit": "320",
        "price_unit": "ML"
      },
      {
        "state": "VIC",
        "price": "1200",
        "price_per_unit": "320",
        "price_unit": "ML"
      },
      {
        "state": "QLD",
        "price": "1200",
        "price_per_unit": "320",
        "price_unit": "ML"
      },
      {
        "state": "WA",
        "price": "1200",
        "price_per_unit": "320",
        "price_unit": "ML"
      },
      {
        "state": "SA",
        "price": "1200",
        "price_per_unit": "320",
        "price_unit": "ML"
      },
      {
        "state": "TAS",
        "price": "1200",
        "price_per_unit": "320",
        "price_unit": "ML"
      },
      {
        "state": "ACT",
        "price": "1200",
        "price_per_unit": "320",
        "price_unit": "ML"
      },
      {
        "state": "NT",
        "price": "1200",
        "price_per_unit": "320",
        "price_unit": "ML"
      }
    ]
  },
  {
    "source_url": "https://www.woolworths.com.au/shop/productdetails/795919/bondi-sands-tanning-mitt-tanning-mitt",
    "name": "Bondi Sands Tanning Mitt Tanning Mitt Each",
    "image_url": "https://cdn1.woolworths.media/content/wowproductimages/large/795919.jpg",
    "source_id": "Woolworths - 795919",
    "barcode": "850278004039",
    "shop": "Woolworths",
    "weight": "1EA",
    "prices": [
      {
        "state": "NSW",
        "price": "600",
        "price_per_unit": "600",
        "price_unit": "EA"
      },
      {
        "state": "VIC",
        "price": "600",
        "price_per_unit": "600",
        "price_unit": "EA"
      },
      {
        "state": "QLD",
        "price": "600",
        "price_per_unit": "600",
        "price_unit": "EA"
      },
      {
        "state": "WA",
        "price": "600",
        "price_per_unit": "600",
        "price_unit": "EA"
      },
      {
        "state": "SA",
        "price": "600",
        "price_per_unit": "600",
        "price_unit": "EA"
      },
      {
        "state": "TAS",
        "price": "600",
        "price_per_unit": "600",
        "price_unit": "EA"
      },
      {
        "state": "ACT",
        "price": "600",
        "price_per_unit": "600",
        "price_unit": "EA"
      },
      {
        "state": "NT",
        "price": "630",
        "price_per_unit": "630",
        "price_unit": "EA"
      }
    ]
  },
  {
    "source_url": "https://www.woolworths.com.au/shop/productdetails/616015/bondi-sands-technocolour-1-hour-express-self-tanning-foam-caramel",
    "name": "Bondi Sands Technocolour 1 Hour Express Self Tanning Foam Caramel 200mL",
    "image_url": "https://cdn1.woolworths.media/content/wowproductimages/large/616015.jpg",
    "source_id": "Woolworths - 616015",
    "barcode": "810020173802",
    "shop": "Woolworths",
    "weight": "100ML",
    "prices": [
      {
        "state": "NSW",
        "price": "2700",
        "price_per_unit": "1350",
        "price_unit": "ML"
      },
      {
        "state": "VIC",
        "price": "2700",
        "price_per_unit": "1350",
        "price_unit": "ML"
      },
      {
        "state": "WA",
        "price": "2700",
        "price_per_unit": "1350",
        "price_unit": "ML"
      },
      {
        "state": "SA",
        "price": "2700",
        "price_per_unit": "1350",
        "price_unit": "ML"
      },
      {
        "state": "ACT",
        "price": "2700",
        "price_per_unit": "1350",
        "price_unit": "ML"
      }
    ]
  },
  {
    "source_url": "https://www.woolworths.com.au/shop/productdetails/618576/bondi-sands-technocolour-1-hour-express-self-tanning-foam-emerald",
    "name": "Bondi Sands Technocolour 1 Hour Express Self Tanning Foam Emerald 200mL",
    "image_url": "https://cdn1.woolworths.media/content/wowproductimages/large/618576.jpg",
    "source_id": "Woolworths - 618576",
    "barcode": "810020173789",
    "shop": "Woolworths",
    "weight": "100ML",
    "prices": [
      {
        "state": "NSW",
        "price": "2700",
        "price_per_unit": "1350",
        "price_unit": "ML"
      },
      {
        "state": "VIC",
        "price": "2700",
        "price_per_unit": "1350",
        "price_unit": "ML"
      },
      {
        "state": "QLD",
        "price": "2700",
        "price_per_unit": "1350",
        "price_unit": "ML"
      },
      {
        "state": "WA",
        "price": "2700",
        "price_per_unit": "1350",
        "price_unit": "ML"
      },
      {
        "state": "SA",
        "price": "2700",
        "price_per_unit": "1350",
        "price_unit": "ML"
      },
      {
        "state": "TAS",
        "price": "2700",
        "price_per_unit": "1350",
        "price_unit": "ML"
      },
      {
        "state": "ACT",
        "price": "2700",
        "price_per_unit": "1350",
        "price_unit": "ML"
      },
      {
        "state": "NT",
        "price": "2700",
        "price_per_unit": "1350",
        "price_unit": "ML"
      }
    ]
  },
  {
    "source_url": "https://www.woolworths.com.au/shop/productdetails/613983/bondi-sands-technocolour-1-hour-express-self-tanning-foam-magenta",
    "name": "Bondi Sands Technocolour 1 Hour Express Self Tanning Foam Magenta 200mL",
    "image_url": "https://cdn1.woolworths.media/content/wowproductimages/large/613983.jpg",
    "source_id": "Woolworths - 613983",
    "barcode": "810020173796",
    "shop": "Woolworths",
    "weight": "100ML",
    "prices": [
      {
        "state": "NSW",
        "price": "2700",
        "price_per_unit": "1350",
        "price_unit": "ML"
      },
      {
        "state": "VIC",
        "price": "2700",
        "price_per_unit": "1350",
        "price_unit": "ML"
      },
      {
        "state": "WA",
        "price": "2700",
        "price_per_unit": "1350",
        "price_unit": "ML"
      },
      {
        "state": "SA",
        "price": "2700",
        "price_per_unit": "1350",
        "price_unit": "ML"
      },
      {
        "state": "TAS",
        "price": "2700",
        "price_per_unit": "1350",
        "price_unit": "ML"
      },
      {
        "state": "ACT",
        "price": "2700",
        "price_per_unit": "1350",
        "price_unit": "ML"
      }
    ]
  },
  {
    "source_url": "https://www.woolworths.com.au/shop/productdetails/626862/bondi-sands-technocolour-1-hour-express-self-tanning-foam-sapphire",
    "name": "Bondi Sands Technocolour 1 Hour Express Self Tanning Foam Sapphire 200mL",
    "image_url": "https://cdn1.woolworths.media/content/wowproductimages/large/626862.jpg",
    "source_id": "Woolworths - 626862",
    "barcode": "810020173772",
    "shop": "Woolworths",
    "weight": "100ML",
    "prices": [
      {
        "state": "NSW",
        "price": "2700",
        "price_per_unit": "1350",
        "price_unit": "ML"
      },
      {
        "state": "VIC",
        "price": "2700",
        "price_per_unit": "1350",
        "price_unit": "ML"
      },
      {
        "state": "QLD",
        "price": "2700",
        "price_per_unit": "1350",
        "price_unit": "ML"
      },
      {
        "state": "WA",
        "price": "2700",
        "price_per_unit": "1350",
        "price_unit": "ML"
      },
      {
        "state": "SA",
        "price": "2700",
        "price_per_unit": "1350",
        "price_unit": "ML"
      },
      {
        "state": "TAS",
        "price": "2700",
        "price_per_unit": "1350",
        "price_unit": "ML"
      },
      {
        "state": "ACT",
        "price": "2700",
        "price_per_unit": "1350",
        "price_unit": "ML"
      },
      {
        "state": "NT",
        "price": "2700",
        "price_per_unit": "1350",
        "price_unit": "ML"
      }
    ]
  },
  {
    "source_url": "https://www.woolworths.com.au/shop/productdetails/953302/bondi-sands-technocolour-self-tanning-face-serum",
    "name": "Bondi Sands Technocolour Self Tanning Face Serum 50ml",
    "image_url": "https://cdn1.woolworths.media/content/wowproductimages/large/953302.jpg",
    "source_id": "Woolworths - 953302",
    "barcode": "810020177268",
    "shop": "Woolworths",
    "weight": "100ML",
    "prices": [
      {
        "state": "NSW",
        "price": "2500",
        "price_per_unit": "5000",
        "price_unit": "ML"
      },
      {
        "state": "VIC",
        "price": "2500",
        "price_per_unit": "5000",
        "price_unit": "ML"
      },
      {
        "state": "QLD",
        "price": "2500",
        "price_per_unit": "5000",
        "price_unit": "ML"
      },
      {
        "state": "WA",
        "price": "2500",
        "price_per_unit": "5000",
        "price_unit": "ML"
      },
      {
        "state": "SA",
        "price": "2500",
        "price_per_unit": "5000",
        "price_unit": "ML"
      },
      {
        "state": "TAS",
        "price": "2500",
        "price_per_unit": "5000",
        "price_unit": "ML"
      },
      {
        "state": "ACT",
        "price": "2500",
        "price_per_unit": "5000",
        "price_unit": "ML"
      },
      {
        "state": "NT",
        "price": "2500",
        "price_per_unit": "5000",
        "price_unit": "ML"
      }
    ]
  },
  {
    "source_url": "https://www.woolworths.com.au/shop/productdetails/942198/bondi-sands-technocolour-self-tanning-face-serum-magenta",
    "name": "Bondi Sands Technocolour Self Tanning Face Serum Magenta 50mL",
    "image_url": "https://cdn1.woolworths.media/content/wowproductimages/large/942198.jpg",
    "source_id": "Woolworths - 942198",
    "barcode": "810020177275",
    "shop": "Woolworths",
    "weight": "100ML",
    "prices": [
      {
        "state": "NSW",
        "price": "2500",
        "price_per_unit": "5000",
        "price_unit": "ML"
      },
      {
        "state": "VIC",
        "price": "2500",
        "price_per_unit": "5000",
        "price_unit": "ML"
      },
      {
        "state": "QLD",
        "price": "2500",
        "price_per_unit": "5000",
        "price_unit": "ML"
      },
      {
        "state": "WA",
        "price": "2500",
        "price_per_unit": "5000",
        "price_unit": "ML"
      },
      {
        "state": "SA",
        "price": "2500",
        "price_per_unit": "5000",
        "price_unit": "ML"
      },
      {
        "state": "TAS",
        "price": "2500",
        "price_per_unit": "5000",
        "price_unit": "ML"
      },
      {
        "state": "ACT",
        "price": "2500",
        "price_per_unit": "5000",
        "price_unit": "ML"
      },
      {
        "state": "NT",
        "price": "2500",
        "price_per_unit": "5000",
        "price_unit": "ML"
      }
    ]
  },
  {
    "source_url": "https://www.woolworths.com.au/shop/productdetails/940621/bondi-sands-technocolour-self-tanning-face-serum-sapphire",
    "name": "Bondi Sands Technocolour Self Tanning Face Serum Sapphire 50mL",
    "image_url": "https://cdn1.woolworths.media/content/wowproductimages/large/940621.jpg",
    "source_id": "Woolworths - 940621",
    "barcode": "810020177251",
    "shop": "Woolworths",
    "weight": "100ML",
    "prices": [
      {
        "state": "NSW",
        "price": "2500",
        "price_per_unit": "5000",
        "price_unit": "ML"
      },
      {
        "state": "VIC",
        "price": "2500",
        "price_per_unit": "5000",
        "price_unit": "ML"
      },
      {
        "state": "QLD",
        "price": "2500",
        "price_per_unit": "5000",
        "price_unit": "ML"
      },
      {
        "state": "WA",
        "price": "2500",
        "price_per_unit": "5000",
        "price_unit": "ML"
      },
      {
        "state": "SA",
        "price": "2500",
        "price_per_unit": "5000",
        "price_unit": "ML"
      },
      {
        "state": "TAS",
        "price": "2500",
        "price_per_unit": "5000",
        "price_unit": "ML"
      },
      {
        "state": "ACT",
        "price": "2500",
        "price_per_unit": "5000",
        "price_unit": "ML"
      },
      {
        "state": "NT",
        "price": "2500",
        "price_per_unit": "5000",
        "price_unit": "ML"
      }
    ]
  },
  {
    "source_url": "https://www.woolworths.com.au/shop/productdetails/1075346641/butt-naked-body-body-glow-illuminating-oil-90ml",
    "name": "Butt Naked Body Body Glow Illuminating Oil 90ml",
    "image_url": "https://cdn1.woolworths.media/content/wowproductimages/large/1075346641.jpg",
    "source_id": "Woolworths - 1075346641",
    "barcode": null,
    "shop": "Woolworths",
    "weight": "10ML",
    "prices": [
      {
        "state": "NSW",
        "price": "3995",
        "price_per_unit": "444",
        "price_unit": "ML"
      },
      {
        "state": "VIC",
        "price": "3995",
        "price_per_unit": "444",
        "price_unit": "ML"
      },
      {
        "state": "QLD",
        "price": "3995",
        "price_per_unit": "444",
        "price_unit": "ML"
      },
      {
        "state": "WA",
        "price": "3995",
        "price_per_unit": "444",
        "price_unit": "ML"
      },
      {
        "state": "SA",
        "price": "3995",
        "price_per_unit": "444",
        "price_unit": "ML"
      },
      {
        "state": "TAS",
        "price": "3995",
        "price_per_unit": "444",
        "price_unit": "ML"
      },
      {
        "state": "ACT",
        "price": "3995",
        "price_per_unit": "444",
        "price_unit": "ML"
      },
      {
        "state": "NT",
        "price": "3995",
        "price_per_unit": "444",
        "price_unit": "ML"
      }
    ]
  },
  {
    "source_url": "https://www.woolworths.com.au/shop/productdetails/1074015312/bys-1-hour-express-tan-quick-drying-mousse-180ml",
    "name": "BYS 1 Hour Express Tan Quick Drying Mousse 180ml",
    "image_url": "https://cdn1.woolworths.media/content/wowproductimages/large/1074015312.jpg",
    "source_id": "Woolworths - 1074015312",
    "barcode": null,
    "shop": "Woolworths",
    "weight": "10ML",
    "prices": [
      {
        "state": "NSW",
        "price": "2200",
        "price_per_unit": "122",
        "price_unit": "ML"
      },
      {
        "state": "VIC",
        "price": "2200",
        "price_per_unit": "122",
        "price_unit": "ML"
      },
      {
        "state": "QLD",
        "price": "2200",
        "price_per_unit": "122",
        "price_unit": "ML"
      },
      {
        "state": "WA",
        "price": "2200",
        "price_per_unit": "122",
        "price_unit": "ML"
      },
      {
        "state": "SA",
        "price": "2200",
        "price_per_unit": "122",
        "price_unit": "ML"
      },
      {
        "state": "SA",
        "price": "2200",
        "price_per_unit": "122",
        "price_unit": "ML"
      },
      {
        "state": "TAS",
        "price": "2200",
        "price_per_unit": "122",
        "price_unit": "ML"
      },
      {
        "state": "ACT",
        "price": "2200",
        "price_per_unit": "122",
        "price_unit": "ML"
      },
      {
        "state": "NT",
        "price": "2200",
        "price_per_unit": "122",
        "price_unit": "ML"
      }
    ]
  },
  {
    "source_url": "https://www.woolworths.com.au/shop/productdetails/1074015315/bys-1-hour-express-tan-quick-drying-spray-150g",
    "name": "BYS 1 Hour Express Tan Quick Drying Spray 150g",
    "image_url": "https://cdn1.woolworths.media/content/wowproductimages/large/1074015315.jpg",
    "source_id": "Woolworths - 1074015315",
    "barcode": null,
    "shop": "Woolworths",
    "weight": "10G",
    "prices": [
      {
        "state": "NSW",
        "price": "2800",
        "price_per_unit": "187",
        "price_unit": "G"
      },
      {
        "state": "VIC",
        "price": "2800",
        "price_per_unit": "187",
        "price_unit": "G"
      },
      {
        "state": "QLD",
        "price": "2800",
        "price_per_unit": "187",
        "price_unit": "G"
      },
      {
        "state": "WA",
        "price": "2800",
        "price_per_unit": "187",
        "price_unit": "G"
      },
      {
        "state": "SA",
        "price": "2800",
        "price_per_unit": "187",
        "price_unit": "G"
      },
      {
        "state": "TAS",
        "price": "2800",
        "price_per_unit": "187",
        "price_unit": "G"
      },
      {
        "state": "ACT",
        "price": "2800",
        "price_per_unit": "187",
        "price_unit": "G"
      },
      {
        "state": "NT",
        "price": "2800",
        "price_per_unit": "187",
        "price_unit": "G"
      }
    ]
  },
  {
    "source_url": "https://www.woolworths.com.au/shop/productdetails/1074015307/bys-island-bronze-self-tanning-mitt-glove",
    "name": "BYS Island Bronze Self Tanning Mitt Glove",
    "image_url": "https://cdn1.woolworths.media/content/wowproductimages/large/1074015307.jpg",
    "source_id": "Woolworths - 1074015307",
    "barcode": null,
    "shop": "Woolworths",
    "weight": "1EA",
    "prices": [
      {
        "state": "NSW",
        "price": "1700",
        "price_per_unit": "1700",
        "price_unit": "EA"
      },
      {
        "state": "VIC",
        "price": "1700",
        "price_per_unit": "1700",
        "price_unit": "EA"
      },
      {
        "state": "QLD",
        "price": "1700",
        "price_per_unit": "1700",
        "price_unit": "EA"
      },
      {
        "state": "WA",
        "price": "1700",
        "price_per_unit": "1700",
        "price_unit": "EA"
      },
      {
        "state": "SA",
        "price": "1700",
        "price_per_unit": "1700",
        "price_unit": "EA"
      },
      {
        "state": "SA",
        "price": "1700",
        "price_per_unit": "1700",
        "price_unit": "EA"
      },
      {
        "state": "TAS",
        "price": "1700",
        "price_per_unit": "1700",
        "price_unit": "EA"
      },
      {
        "state": "ACT",
        "price": "1700",
        "price_per_unit": "1700",
        "price_unit": "EA"
      },
      {
        "state": "NT",
        "price": "1700",
        "price_per_unit": "1700",
        "price_unit": "EA"
      }
    ]
  },
  {
    "source_url": "https://www.woolworths.com.au/shop/productdetails/1074606123/carthusia-uomo-body-lotion-250ml-8-5oz",
    "name": "Carthusia Uomo Body Lotion 250ml/8.5oz",
    "image_url": "https://cdn1.woolworths.media/content/wowproductimages/large/1074606123.jpg",
    "source_id": "Woolworths - 1074606123",
    "barcode": null,
    "shop": "Woolworths",
    "weight": "100ML",
    "prices": [
      {
        "state": "NSW",
        "price": "6600",
        "price_per_unit": "2640",
        "price_unit": "ML"
      },
      {
        "state": "VIC",
        "price": "6600",
        "price_per_unit": "2640",
        "price_unit": "ML"
      },
      {
        "state": "QLD",
        "price": "6600",
        "price_per_unit": "2640",
        "price_unit": "ML"
      },
      {
        "state": "WA",
        "price": "6600",
        "price_per_unit": "2640",
        "price_unit": "ML"
      },
      {
        "state": "SA",
        "price": "6600",
        "price_per_unit": "2640",
        "price_unit": "ML"
      },
      {
        "state": "TAS",
        "price": "6600",
        "price_per_unit": "2640",
        "price_unit": "ML"
      },
      {
        "state": "ACT",
        "price": "6600",
        "price_per_unit": "2640",
        "price_unit": "ML"
      },
      {
        "state": "NT",
        "price": "6600",
        "price_per_unit": "2640",
        "price_unit": "ML"
      }
    ]
  },
  {
    "source_url": "https://www.woolworths.com.au/shop/productdetails/248445/dove-summer-glow-body-lotion-fair-to-medium-gradual-tan",
    "name": "Dove Summer Glow Body Lotion Fair To Medium Gradual Tan 250ml",
    "image_url": "https://cdn1.woolworths.media/content/wowproductimages/large/248445.jpg",
    "source_id": "Woolworths - 248445",
    "barcode": "8717163041550",
    "shop": "Woolworths",
    "weight": "100ML",
    "prices": [
      {
        "state": "NSW",
        "price": "570",
        "price_per_unit": "228",
        "price_unit": "ML"
      },
      {
        "state": "VIC",
        "price": "570",
        "price_per_unit": "228",
        "price_unit": "ML"
      },
      {
        "state": "WA",
        "price": "570",
        "price_per_unit": "228",
        "price_unit": "ML"
      },
      {
        "state": "SA",
        "price": "570",
        "price_per_unit": "228",
        "price_unit": "ML"
      },
      {
        "state": "TAS",
        "price": "570",
        "price_per_unit": "228",
        "price_unit": "ML"
      },
      {
        "state": "ACT",
        "price": "570",
        "price_per_unit": "228",
        "price_unit": "ML"
      }
    ]
  },
  {
    "source_url": "https://www.woolworths.com.au/shop/productdetails/248430/dove-summer-glow-gradual-self-tanner-body-lotion-medium",
    "name": "Dove Summer Glow Gradual Self Tanner Body Lotion Medium 250 Ml",
    "image_url": "https://cdn1.woolworths.media/content/wowproductimages/large/248430.jpg",
    "source_id": "Woolworths - 248430",
    "barcode": "8717163041611",
    "shop": "Woolworths",
    "weight": "100ML",
    "prices": [
      {
        "state": "NSW",
        "price": "570",
        "price_per_unit": "228",
        "price_unit": "ML"
      },
      {
        "state": "VIC",
        "price": "570",
        "price_per_unit": "228",
        "price_unit": "ML"
      },
      {
        "state": "QLD",
        "price": "570",
        "price_per_unit": "228",
        "price_unit": "ML"
      },
      {
        "state": "WA",
        "price": "570",
        "price_per_unit": "228",
        "price_unit": "ML"
      },
      {
        "state": "SA",
        "price": "570",
        "price_per_unit": "228",
        "price_unit": "ML"
      },
      {
        "state": "ACT",
        "price": "570",
        "price_per_unit": "228",
        "price_unit": "ML"
      },
      {
        "state": "NT",
        "price": "590",
        "price_per_unit": "236",
        "price_unit": "ML"
      }
    ]
  },
  {
    "source_url": "https://www.woolworths.com.au/shop/productdetails/1076335508/bondi-sands-pure-bronze-self-tan-foaming-water-ultra-dark-200ml-6pk",
    "name": "Bondi Sands Pure Bronze Self Tan Foaming Water Ultra Dark 200mL 6pk",
    "image_url": "https://cdn1.woolworths.media/content/wowproductimages/large/1076335508.jpg",
    "source_id": "Woolworths - 1076335508",
    "barcode": null,
    "shop": "Woolworths",
    "weight": "1EA",
    "prices": [
      {
        "state": "QLD",
        "price": "5299",
        "price_per_unit": "883",
        "price_unit": "EA"
      },
      {
        "state": "WA",
        "price": "5299",
        "price_per_unit": "883",
        "price_unit": "EA"
      },
      {
        "state": "SA",
        "price": "5299",
        "price_per_unit": "883",
        "price_unit": "EA"
      },
      {
        "state": "TAS",
        "price": "5299",
        "price_per_unit": "883",
        "price_unit": "EA"
      },
      {
        "state": "ACT",
        "price": "5299",
        "price_per_unit": "883",
        "price_unit": "EA"
      },
      {
        "state": "NT",
        "price": "5299",
        "price_per_unit": "883",
        "price_unit": "EA"
      }
    ]
  },
  {
    "source_url": "https://www.woolworths.com.au/shop/productdetails/1076338300/bondi-sands-salon-solution-ultra-dark-1l",
    "name": "Bondi Sands Salon Solution Ultra Dark 1L",
    "image_url": "https://cdn1.woolworths.media/content/wowproductimages/large/1076338300.jpg",
    "source_id": "Woolworths - 1076338300",
    "barcode": null,
    "shop": "Woolworths",
    "weight": "10ML",
    "prices": [
      {
        "state": "QLD",
        "price": "4199",
        "price_per_unit": "42",
        "price_unit": "ML"
      },
      {
        "state": "WA",
        "price": "4199",
        "price_per_unit": "42",
        "price_unit": "ML"
      },
      {
        "state": "SA",
        "price": "4199",
        "price_per_unit": "42",
        "price_unit": "ML"
      },
      {
        "state": "TAS",
        "price": "4199",
        "price_per_unit": "42",
        "price_unit": "ML"
      },
      {
        "state": "ACT",
        "price": "4199",
        "price_per_unit": "42",
        "price_unit": "ML"
      },
      {
        "state": "NT",
        "price": "4199",
        "price_per_unit": "42",
        "price_unit": "ML"
      }
    ]
  },
  {
    "source_url": "https://www.woolworths.com.au/shop/productdetails/1076338301/bondi-sands-salon-solution-ultra-dark-1l-6pk",
    "name": "Bondi Sands Salon Solution Ultra Dark 1L 6pk",
    "image_url": "https://cdn1.woolworths.media/content/wowproductimages/large/1076338301.jpg",
    "source_id": "Woolworths - 1076338301",
    "barcode": null,
    "shop": "Woolworths",
    "weight": "1EA",
    "prices": [
      {
        "state": "QLD",
        "price": "17999",
        "price_per_unit": "3000",
        "price_unit": "EA"
      },
      {
        "state": "WA",
        "price": "17999",
        "price_per_unit": "3000",
        "price_unit": "EA"
      },
      {
        "state": "SA",
        "price": "17999",
        "price_per_unit": "3000",
        "price_unit": "EA"
      },
      {
        "state": "TAS",
        "price": "17999",
        "price_per_unit": "3000",
        "price_unit": "EA"
      },
      {
        "state": "ACT",
        "price": "17999",
        "price_per_unit": "3000",
        "price_unit": "EA"
      },
      {
        "state": "NT",
        "price": "17999",
        "price_per_unit": "3000",
        "price_unit": "EA"
      }
    ]
  },
  {
    "source_url": "https://www.woolworths.com.au/shop/productdetails/1076478622/bondi-sands-glo-gloss-finishing-glow-100ml",
    "name": "Bondi Sands GLO Gloss Finishing Glow 100ml",
    "image_url": "https://cdn1.woolworths.media/content/wowproductimages/large/1076478622.jpg",
    "source_id": "Woolworths - 1076478622",
    "barcode": null,
    "shop": "Woolworths",
    "weight": "10ML",
    "prices": [
      {
        "state": "WA",
        "price": "1638",
        "price_per_unit": "164",
        "price_unit": "ML"
      },
      {
        "state": "SA",
        "price": "1638",
        "price_per_unit": "164",
        "price_unit": "ML"
      },
      {
        "state": "TAS",
        "price": "1638",
        "price_per_unit": "164",
        "price_unit": "ML"
      },
      {
        "state": "ACT",
        "price": "1638",
        "price_per_unit": "164",
        "price_unit": "ML"
      },
      {
        "state": "NT",
        "price": "1638",
        "price_per_unit": "164",
        "price_unit": "ML"
      }
    ]
  },
  {
    "source_url": "https://www.woolworths.com.au/shop/productdetails/1076478623/bondi-sands-glo-shimmer-one-day-tan-100ml",
    "name": "Bondi Sands GLO Shimmer One Day Tan 100ml",
    "image_url": "https://cdn1.woolworths.media/content/wowproductimages/large/1076478623.jpg",
    "source_id": "Woolworths - 1076478623",
    "barcode": null,
    "shop": "Woolworths",
    "weight": "10ML",
    "prices": [
      {
        "state": "WA",
        "price": "1758",
        "price_per_unit": "176",
        "price_unit": "ML"
      },
      {
        "state": "SA",
        "price": "1758",
        "price_per_unit": "176",
        "price_unit": "ML"
      },
      {
        "state": "TAS",
        "price": "1758",
        "price_per_unit": "176",
        "price_unit": "ML"
      },
      {
        "state": "ACT",
        "price": "1758",
        "price_per_unit": "176",
        "price_unit": "ML"
      },
      {
        "state": "NT",
        "price": "1758",
        "price_per_unit": "176",
        "price_unit": "ML"
      }
    ]
  },
  {
    "source_url": "https://www.woolworths.com.au/shop/productdetails/1076478633/bondi-sands-pure-self-tan-foaming-water-light-medium-200-0ml",
    "name": "Bondi Sands Pure Self Tan Foaming Water LIGHT/MEDIUM 200.0ml",
    "image_url": "https://cdn1.woolworths.media/content/wowproductimages/large/1076478633.jpg",
    "source_id": "Woolworths - 1076478633",
    "barcode": null,
    "shop": "Woolworths",
    "weight": "10ML",
    "prices": [
      {
        "state": "WA",
        "price": "1758",
        "price_per_unit": "88",
        "price_unit": "ML"
      },
      {
        "state": "SA",
        "price": "1758",
        "price_per_unit": "88",
        "price_unit": "ML"
      },
      {
        "state": "TAS",
        "price": "1758",
        "price_per_unit": "88",
        "price_unit": "ML"
      },
      {
        "state": "ACT",
        "price": "1758",
        "price_per_unit": "88",
        "price_unit": "ML"
      },
      {
        "state": "NT",
        "price": "1758",
        "price_per_unit": "88",
        "price_unit": "ML"
      }
    ]
  },
  {
    "source_url": "https://www.woolworths.com.au/shop/productdetails/1076478632/bondi-sands-pure-self-tan-foaming-water-dark-200-0ml",
    "name": "Bondi Sands Pure Self Tan Foaming Water DARK 200.0ml",
    "image_url": "https://cdn1.woolworths.media/content/wowproductimages/large/default.png",
    "source_id": "Woolworths - 1076478632",
    "barcode": null,
    "shop": "Woolworths",
    "weight": "10ML",
    "prices": [
      {
        "state": "SA",
        "price": "1758",
        "price_per_unit": "88",
        "price_unit": "ML"
      },
      {
        "state": "TAS",
        "price": "1758",
        "price_per_unit": "88",
        "price_unit": "ML"
      },
      {
        "state": "ACT",
        "price": "1758",
        "price_per_unit": "88",
        "price_unit": "ML"
      },
      {
        "state": "NT",
        "price": "1758",
        "price_per_unit": "88",
        "price_unit": "ML"
      }
    ]
  },
  {
    "source_url": "https://www.woolworths.com.au/shop/productdetails/1076478636/bondi-sands-pure-self-tanning-face-mist-renew-70ml",
    "name": "Bondi Sands Pure Self Tanning Face Mist - Renew 70ml",
    "image_url": "https://cdn1.woolworths.media/content/wowproductimages/large/default.png",
    "source_id": "Woolworths - 1076478636",
    "barcode": null,
    "shop": "Woolworths",
    "weight": "10ML",
    "prices": [
      {
        "state": "SA",
        "price": "1743",
        "price_per_unit": "249",
        "price_unit": "ML"
      },
      {
        "state": "TAS",
        "price": "1743",
        "price_per_unit": "249",
        "price_unit": "ML"
      },
      {
        "state": "ACT",
        "price": "1743",
        "price_per_unit": "249",
        "price_unit": "ML"
      },
      {
        "state": "NT",
        "price": "1743",
        "price_per_unit": "249",
        "price_unit": "ML"
      }
    ]
  },
  {
    "source_url": "https://www.woolworths.com.au/shop/productdetails/1076478640/bondi-sands-salon-solution-ultra-dark-1000-0ml-1lt",
    "name": "Bondi Sands Salon Solution ULTRA DARK 1000.0ml/1Lt",
    "image_url": "https://cdn1.woolworths.media/content/wowproductimages/large/default.png",
    "source_id": "Woolworths - 1076478640",
    "barcode": null,
    "shop": "Woolworths",
    "weight": "10ML",
    "prices": [
      {
        "state": "SA",
        "price": "3417",
        "price_per_unit": "34",
        "price_unit": "ML"
      },
      {
        "state": "TAS",
        "price": "3417",
        "price_per_unit": "34",
        "price_unit": "ML"
      },
      {
        "state": "ACT",
        "price": "3417",
        "price_per_unit": "34",
        "price_unit": "ML"
      },
      {
        "state": "NT",
        "price": "3417",
        "price_per_unit": "34",
        "price_unit": "ML"
      }
    ]
  },
  {
    "source_url": "https://www.woolworths.com.au/shop/productdetails/1076478631/bondi-sands-pure-bronze-self-tan-foaming-water-ultra-dark-200-0ml",
    "name": "Bondi Sands Pure Bronze Self Tan Foaming Water ULTRA DARK 200.0ml",
    "image_url": "https://cdn1.woolworths.media/content/wowproductimages/large/default.png",
    "source_id": "Woolworths - 1076478631",
    "barcode": null,
    "shop": "Woolworths",
    "weight": "10ML",
    "prices": [
      {
        "state": "TAS",
        "price": "1821",
        "price_per_unit": "91",
        "price_unit": "ML"
      },
      {
        "state": "ACT",
        "price": "1821",
        "price_per_unit": "91",
        "price_unit": "ML"
      },
      {
        "state": "NT",
        "price": "1821",
        "price_per_unit": "91",
        "price_unit": "ML"
      }
    ]
  },
  {
    "source_url": "https://www.woolworths.com.au/shop/productdetails/1076478637/bondi-sands-pure-self-tanning-sleep-mask-renew-75ml",
    "name": "Bondi Sands Pure Self Tanning Sleep Mask - Renew 75ml",
    "image_url": "https://cdn1.woolworths.media/content/wowproductimages/large/default.png",
    "source_id": "Woolworths - 1076478637",
    "barcode": null,
    "shop": "Woolworths",
    "weight": "10ML",
    "prices": [
      {
        "state": "TAS",
        "price": "1712",
        "price_per_unit": "228",
        "price_unit": "ML"
      },
      {
        "state": "ACT",
        "price": "1712",
        "price_per_unit": "228",
        "price_unit": "ML"
      },
      {
        "state": "NT",
        "price": "1712",
        "price_per_unit": "228",
        "price_unit": "ML"
      }
    ]
  },
  {
    "source_url": "https://www.woolworths.com.au/shop/productdetails/1076478639/bondi-sands-salon-solution-dark-1000-0ml-1lt-2-pack",
    "name": "Bondi Sands Salon Solution DARK 1000.0ml/1Lt - 2 Pack",
    "image_url": "https://cdn1.woolworths.media/content/wowproductimages/large/default.png",
    "source_id": "Woolworths - 1076478639",
    "barcode": null,
    "shop": "Woolworths",
    "weight": "1EA",
    "prices": [
      {
        "state": "TAS",
        "price": "5423",
        "price_per_unit": "2712",
        "price_unit": "EA"
      },
      {
        "state": "ACT",
        "price": "5423",
        "price_per_unit": "2712",
        "price_unit": "EA"
      },
      {
        "state": "NT",
        "price": "5423",
        "price_per_unit": "2712",
        "price_unit": "EA"
      }
    ]
  },
  {
    "source_url": "https://www.woolworths.com.au/shop/productdetails/1076478641/bondi-sands-salon-solution-ultra-dark-1000-0ml-1lt-2-pack",
    "name": "Bondi Sands Salon Solution ULTRA DARK 1000.0ml/1Lt - 2 Pack",
    "image_url": "https://cdn1.woolworths.media/content/wowproductimages/large/default.png",
    "source_id": "Woolworths - 1076478641",
    "barcode": null,
    "shop": "Woolworths",
    "weight": "10ML",
    "prices": [
      {
        "state": "TAS",
        "price": "5423",
        "price_per_unit": "27",
        "price_unit": "ML"
      },
      {
        "state": "ACT",
        "price": "5423",
        "price_per_unit": "27",
        "price_unit": "ML"
      },
      {
        "state": "NT",
        "price": "5423",
        "price_per_unit": "27",
        "price_unit": "ML"
      }
    ]
  }
]