[
  {
    "source_url": "https://www.woolworths.com.au/shop/productdetails/1074649307/2an-care-hydrate-ph-facial-toner-140ml-4-73oz",
    "name": "2aN Care & Hydrate pH Facial Toner 140ml/4.73oz",
    "image_url": "https://cdn1.woolworths.media/content/wowproductimages/large/1074649307.jpg",
    "source_id": "Woolworths - 1074649307",
    "barcode": null,
    "shop": "Woolworths",
    "weight": "100ML",
    "prices": [
      {
        "state": "NSW",
        "price": "3300",
        "price_per_unit": "2357",
        "price_unit": "ML"
      },
      {
        "state": "VIC",
        "price": "3300",
        "price_per_unit": "2357",
        "price_unit": "ML"
      },
      {
        "state": "QLD",
        "price": "3300",
        "price_per_unit": "2357",
        "price_unit": "ML"
      },
      {
        "state": "WA",
        "price": "3300",
        "price_per_unit": "2357",
        "price_unit": "ML"
      },
      {
        "state": "SA",
        "price": "3300",
        "price_per_unit": "2357",
        "price_unit": "ML"
      },
      {
        "state": "TAS",
        "price": "3300",
        "price_per_unit": "2357",
        "price_unit": "ML"
      },
      {
        "state": "ACT",
        "price": "3300",
        "price_per_unit": "2357",
        "price_unit": "ML"
      },
      {
        "state": "NT",
        "price": "3300",
        "price_per_unit": "2357",
        "price_unit": "ML"
      }
    ]
  },
  {
    "source_url": "https://www.woolworths.com.au/shop/productdetails/1075181381/a-kin-nourishing-cream-cleanser-toner-140ml-dry-sensitive-skin-x-3",
    "name": "A'kin Nourishing Cream Cleanser & Toner 140mL - Dry & Sensitive Skin x 3",
    "image_url": "https://cdn1.woolworths.media/content/wowproductimages/large/1075181381.jpg",
    "source_id": "Woolworths - 1075181381",
    "barcode": null,
    "shop": "Woolworths",
    "weight": "1EA",
    "prices": [
      {
        "state": "NSW",
        "price": "3495",
        "price_per_unit": "1165",
        "price_unit": "EA"
      },
      {
        "state": "VIC",
        "price": "3495",
        "price_per_unit": "1165",
        "price_unit": "EA"
      },
      {
        "state": "QLD",
        "price": "3495",
        "price_per_unit": "1165",
        "price_unit": "EA"
      },
      {
        "state": "WA",
        "price": "3495",
        "price_per_unit": "1165",
        "price_unit": "EA"
      },
      {
        "state": "SA",
        "price": "3495",
        "price_per_unit": "1165",
        "price_unit": "EA"
      },
      {
        "state": "TAS",
        "price": "3495",
        "price_per_unit": "1165",
        "price_unit": "EA"
      },
      {
        "state": "ACT",
        "price": "3495",
        "price_per_unit": "1165",
        "price_unit": "EA"
      },
      {
        "state": "NT",
        "price": "3495",
        "price_per_unit": "1165",
        "price_unit": "EA"
      }
    ]
  },
  {
    "source_url": "https://www.woolworths.com.au/shop/productdetails/1075018617/abib-acne-foam-cleanser-heartleaf-foam-150nl-5-07oz",
    "name": "Abib Acne Foam Cleanser Heartleaf Foam 150nl/5.07oz",
    "image_url": "https://cdn1.woolworths.media/content/wowproductimages/large/1075018617.jpg",
    "source_id": "Woolworths - 1075018617",
    "barcode": null,
    "shop": "Woolworths",
    "weight": "100EA",
    "prices": [
      {
        "state": "NSW",
        "price": "2500",
        "price_per_unit": "1667",
        "price_unit": "EA"
      },
      {
        "state": "VIC",
        "price": "2500",
        "price_per_unit": "1667",
        "price_unit": "EA"
      },
      {
        "state": "QLD",
        "price": "2500",
        "price_per_unit": "1667",
        "price_unit": "EA"
      },
      {
        "state": "WA",
        "price": "2500",
        "price_per_unit": "1667",
        "price_unit": "EA"
      },
      {
        "state": "SA",
        "price": "2500",
        "price_per_unit": "1667",
        "price_unit": "EA"
      },
      {
        "state": "TAS",
        "price": "2500",
        "price_per_unit": "1667",
        "price_unit": "EA"
      },
      {
        "state": "ACT",
        "price": "2500",
        "price_per_unit": "1667",
        "price_unit": "EA"
      },
      {
        "state": "NT",
        "price": "2500",
        "price_per_unit": "1667",
        "price_unit": "EA"
      }
    ]
  },
  {
    "source_url": "https://www.woolworths.com.au/shop/productdetails/1075018630/abib-pore-cleansing-oil-heartleaf-oil-wash-200ml-6-76oz",
    "name": "Abib Pore Cleansing Oil Heartleaf Oil Wash 200ml/6.76oz",
    "image_url": "https://cdn1.woolworths.media/content/wowproductimages/large/1075018630.jpg",
    "source_id": "Woolworths - 1075018630",
    "barcode": null,
    "shop": "Woolworths",
    "weight": "100ML",
    "prices": [
      {
        "state": "NSW",
        "price": "3600",
        "price_per_unit": "1800",
        "price_unit": "ML"
      },
      {
        "state": "VIC",
        "price": "3600",
        "price_per_unit": "1800",
        "price_unit": "ML"
      },
      {
        "state": "QLD",
        "price": "3600",
        "price_per_unit": "1800",
        "price_unit": "ML"
      },
      {
        "state": "WA",
        "price": "3600",
        "price_per_unit": "1800",
        "price_unit": "ML"
      },
      {
        "state": "SA",
        "price": "3600",
        "price_per_unit": "1800",
        "price_unit": "ML"
      },
      {
        "state": "TAS",
        "price": "3600",
        "price_per_unit": "1800",
        "price_unit": "ML"
      },
      {
        "state": "ACT",
        "price": "3600",
        "price_per_unit": "1800",
        "price_unit": "ML"
      },
      {
        "state": "NT",
        "price": "3600",
        "price_per_unit": "1800",
        "price_unit": "ML"
      }
    ]
  },
  {
    "source_url": "https://www.woolworths.com.au/shop/productdetails/1074445902/ac-collection-blemish-spot-drying-lotion",
    "name": "AC Collection Blemish Spot Drying Lotion",
    "image_url": "https://cdn1.woolworths.media/content/wowproductimages/large/1074445902.jpg",
    "source_id": "Woolworths - 1074445902",
    "barcode": null,
    "shop": "Woolworths",
    "weight": "100ML",
    "prices": [
      {
        "state": "NSW",
        "price": "4200",
        "price_per_unit": "14000",
        "price_unit": "ML"
      },
      {
        "state": "VIC",
        "price": "4200",
        "price_per_unit": "14000",
        "price_unit": "ML"
      },
      {
        "state": "QLD",
        "price": "4200",
        "price_per_unit": "14000",
        "price_unit": "ML"
      },
      {
        "state": "WA",
        "price": "4200",
        "price_per_unit": "14000",
        "price_unit": "ML"
      },
      {
        "state": "SA",
        "price": "4200",
        "price_per_unit": "14000",
        "price_unit": "ML"
      },
      {
        "state": "TAS",
        "price": "4200",
        "price_per_unit": "14000",
        "price_unit": "ML"
      },
      {
        "state": "ACT",
        "price": "4200",
        "price_per_unit": "14000",
        "price_unit": "ML"
      },
      {
        "state": "NT",
        "price": "4200",
        "price_per_unit": "14000",
        "price_unit": "ML"
      }
    ]
  },
  {
    "source_url": "https://www.woolworths.com.au/shop/productdetails/1075478006/acure-brightening-facial-scrub-118ml",
    "name": "Acure Brightening Facial Scrub 118ml",
    "image_url": "https://cdn1.woolworths.media/content/wowproductimages/large/1075478006.jpg",
    "source_id": "Woolworths - 1075478006",
    "barcode": null,
    "shop": "Woolworths",
    "weight": "100ML",
    "prices": [
      {
        "state": "NSW",
        "price": "1836",
        "price_per_unit": "1556",
        "price_unit": "ML"
      },
      {
        "state": "VIC",
        "price": "1836",
        "price_per_unit": "1556",
        "price_unit": "ML"
      },
      {
        "state": "QLD",
        "price": "1836",
        "price_per_unit": "1556",
        "price_unit": "ML"
      },
      {
        "state": "WA",
        "price": "1836",
        "price_per_unit": "1556",
        "price_unit": "ML"
      },
      {
        "state": "SA",
        "price": "1836",
        "price_per_unit": "1556",
        "price_unit": "ML"
      },
      {
        "state": "TAS",
        "price": "1836",
        "price_per_unit": "1556",
        "price_unit": "ML"
      },
      {
        "state": "ACT",
        "price": "1836",
        "price_per_unit": "1556",
        "price_unit": "ML"
      },
      {
        "state": "NT",
        "price": "1836",
        "price_per_unit": "1556",
        "price_unit": "ML"
      }
    ]
  },
  {
    "source_url": "https://www.woolworths.com.au/shop/productdetails/1075346100/acure-brightening-vitamin-c-superfine-mist-59ml",
    "name": "Acure Brightening Vitamin C Superfine Mist 59ml",
    "image_url": "https://cdn1.woolworths.media/content/wowproductimages/large/1075346100.jpg",
    "source_id": "Woolworths - 1075346100",
    "barcode": null,
    "shop": "Woolworths",
    "weight": "100ML",
    "prices": [
      {
        "state": "NSW",
        "price": "1996",
        "price_per_unit": "3383",
        "price_unit": "ML"
      },
      {
        "state": "VIC",
        "price": "1996",
        "price_per_unit": "3383",
        "price_unit": "ML"
      },
      {
        "state": "QLD",
        "price": "1996",
        "price_per_unit": "3383",
        "price_unit": "ML"
      },
      {
        "state": "WA",
        "price": "1996",
        "price_per_unit": "3383",
        "price_unit": "ML"
      },
      {
        "state": "SA",
        "price": "1996",
        "price_per_unit": "3383",
        "price_unit": "ML"
      },
      {
        "state": "TAS",
        "price": "1996",
        "price_per_unit": "3383",
        "price_unit": "ML"
      },
      {
        "state": "ACT",
        "price": "1996",
        "price_per_unit": "3383",
        "price_unit": "ML"
      },
      {
        "state": "NT",
        "price": "1996",
        "price_per_unit": "3383",
        "price_unit": "ML"
      }
    ]
  },
  {
    "source_url": "https://www.woolworths.com.au/shop/productdetails/1075592443/acure-resurfacing-glycolic-unicorn-root-cleanser-118ml",
    "name": "Acure Resurfacing Glycolic & Unicorn Root Cleanser 118ml",
    "image_url": "https://cdn1.woolworths.media/content/wowproductimages/large/1075592443.jpg",
    "source_id": "Woolworths - 1075592443",
    "barcode": null,
    "shop": "Woolworths",
    "weight": "100ML",
    "prices": [
      {
        "state": "NSW",
        "price": "7810",
        "price_per_unit": "6619",
        "price_unit": "ML"
      },
      {
        "state": "VIC",
        "price": "7810",
        "price_per_unit": "6619",
        "price_unit": "ML"
      },
      {
        "state": "QLD",
        "price": "7810",
        "price_per_unit": "6619",
        "price_unit": "ML"
      },
      {
        "state": "WA",
        "price": "7810",
        "price_per_unit": "6619",
        "price_unit": "ML"
      },
      {
        "state": "SA",
        "price": "7810",
        "price_per_unit": "6619",
        "price_unit": "ML"
      },
      {
        "state": "TAS",
        "price": "7810",
        "price_per_unit": "6619",
        "price_unit": "ML"
      },
      {
        "state": "ACT",
        "price": "7810",
        "price_per_unit": "6619",
        "price_unit": "ML"
      },
      {
        "state": "NT",
        "price": "7810",
        "price_per_unit": "6619",
        "price_unit": "ML"
      }
    ]
  },
  {
    "source_url": "https://www.woolworths.com.au/shop/productdetails/1075592447/acure-seriously-soothing-cleansing-cream-118ml",
    "name": "Acure Seriously Soothing Cleansing Cream 118ml",
    "image_url": "https://cdn1.woolworths.media/content/wowproductimages/large/1075592447.jpg",
    "source_id": "Woolworths - 1075592447",
    "barcode": null,
    "shop": "Woolworths",
    "weight": "100ML",
    "prices": [
      {
        "state": "NSW",
        "price": "7040",
        "price_per_unit": "5966",
        "price_unit": "ML"
      },
      {
        "state": "VIC",
        "price": "7040",
        "price_per_unit": "5966",
        "price_unit": "ML"
      },
      {
        "state": "QLD",
        "price": "7040",
        "price_per_unit": "5966",
        "price_unit": "ML"
      },
      {
        "state": "WA",
        "price": "7040",
        "price_per_unit": "5966",
        "price_unit": "ML"
      },
      {
        "state": "SA",
        "price": "7040",
        "price_per_unit": "5966",
        "price_unit": "ML"
      },
      {
        "state": "TAS",
        "price": "7040",
        "price_per_unit": "5966",
        "price_unit": "ML"
      },
      {
        "state": "ACT",
        "price": "7040",
        "price_per_unit": "5966",
        "price_unit": "ML"
      },
      {
        "state": "NT",
        "price": "7040",
        "price_per_unit": "5966",
        "price_unit": "ML"
      }
    ]
  },
  {
    "source_url": "https://www.woolworths.com.au/shop/productdetails/1075346453/acure-ultra-hydrating-green-juice-cleanser-118ml",
    "name": "Acure Ultra Hydrating Green Juice Cleanser 118ml",
    "image_url": "https://cdn1.woolworths.media/content/wowproductimages/large/1075346453.jpg",
    "source_id": "Woolworths - 1075346453",
    "barcode": null,
    "shop": "Woolworths",
    "weight": "100ML",
    "prices": [
      {
        "state": "NSW",
        "price": "2316",
        "price_per_unit": "1963",
        "price_unit": "ML"
      },
      {
        "state": "VIC",
        "price": "2316",
        "price_per_unit": "1963",
        "price_unit": "ML"
      },
      {
        "state": "QLD",
        "price": "2316",
        "price_per_unit": "1963",
        "price_unit": "ML"
      },
      {
        "state": "WA",
        "price": "2316",
        "price_per_unit": "1963",
        "price_unit": "ML"
      },
      {
        "state": "SA",
        "price": "2316",
        "price_per_unit": "1963",
        "price_unit": "ML"
      },
      {
        "state": "TAS",
        "price": "2316",
        "price_per_unit": "1963",
        "price_unit": "ML"
      },
      {
        "state": "ACT",
        "price": "2316",
        "price_per_unit": "1963",
        "price_unit": "ML"
      },
      {
        "state": "NT",
        "price": "2316",
        "price_per_unit": "1963",
        "price_unit": "ML"
      }
    ]
  },
  {
    "source_url": "https://www.woolworths.com.au/shop/productdetails/1075592464/acure-ultra-hydrating-green-juice-cleanser-118ml",
    "name": "Acure Ultra Hydrating Green Juice Cleanser 118ml",
    "image_url": "https://cdn1.woolworths.media/content/wowproductimages/large/1075592464.jpg",
    "source_id": "Woolworths - 1075592464",
    "barcode": null,
    "shop": "Woolworths",
    "weight": "100ML",
    "prices": [
      {
        "state": "NSW",
        "price": "8030",
        "price_per_unit": "6805",
        "price_unit": "ML"
      },
      {
        "state": "VIC",
        "price": "8030",
        "price_per_unit": "6805",
        "price_unit": "ML"
      },
      {
        "state": "QLD",
        "price": "8030",
        "price_per_unit": "6805",
        "price_unit": "ML"
      },
      {
        "state": "WA",
        "price": "8030",
        "price_per_unit": "6805",
        "price_unit": "ML"
      },
      {
        "state": "SA",
        "price": "8030",
        "price_per_unit": "6805",
        "price_unit": "ML"
      },
      {
        "state": "TAS",
        "price": "8030",
        "price_per_unit": "6805",
        "price_unit": "ML"
      },
      {
        "state": "ACT",
        "price": "8030",
        "price_per_unit": "6805",
        "price_unit": "ML"
      },
      {
        "state": "NT",
        "price": "8030",
        "price_per_unit": "6805",
        "price_unit": "ML"
      }
    ]
  },
  {
    "source_url": "https://www.woolworths.com.au/shop/productdetails/1075373476/aesop-a-rose-by-any-other-name-body-cleanser-500ml-17-99oz",
    "name": "Aesop A Rose By Any Other Name Body Cleanser 500ml/17.99oz",
    "image_url": "https://cdn1.woolworths.media/content/wowproductimages/large/1075373476.jpg",
    "source_id": "Woolworths - 1075373476",
    "barcode": null,
    "shop": "Woolworths",
    "weight": "100ML",
    "prices": [
      {
        "state": "NSW",
        "price": "9000",
        "price_per_unit": "1800",
        "price_unit": "ML"
      },
      {
        "state": "VIC",
        "price": "9000",
        "price_per_unit": "1800",
        "price_unit": "ML"
      },
      {
        "state": "QLD",
        "price": "9000",
        "price_per_unit": "1800",
        "price_unit": "ML"
      },
      {
        "state": "WA",
        "price": "9000",
        "price_per_unit": "1800",
        "price_unit": "ML"
      },
      {
        "state": "SA",
        "price": "9000",
        "price_per_unit": "1800",
        "price_unit": "ML"
      },
      {
        "state": "TAS",
        "price": "9000",
        "price_per_unit": "1800",
        "price_unit": "ML"
      },
      {
        "state": "ACT",
        "price": "9000",
        "price_per_unit": "1800",
        "price_unit": "ML"
      },
      {
        "state": "NT",
        "price": "9000",
        "price_per_unit": "1800",
        "price_unit": "ML"
      }
    ]
  },
  {
    "source_url": "https://www.woolworths.com.au/shop/productdetails/1075498415/aesop-amazing-face-cleanser-100ml-3-66oz",
    "name": "Aesop Amazing Face Cleanser 100ml/3.66oz",
    "image_url": "https://cdn1.woolworths.media/content/wowproductimages/large/1075498415.jpg",
    "source_id": "Woolworths - 1075498415",
    "barcode": null,
    "shop": "Woolworths",
    "weight": "100ML",
    "prices": [
      {
        "state": "NSW",
        "price": "6200",
        "price_per_unit": "6200",
        "price_unit": "ML"
      },
      {
        "state": "VIC",
        "price": "6200",
        "price_per_unit": "6200",
        "price_unit": "ML"
      },
      {
        "state": "QLD",
        "price": "6200",
        "price_per_unit": "6200",
        "price_unit": "ML"
      },
      {
        "state": "WA",
        "price": "6200",
        "price_per_unit": "6200",
        "price_unit": "ML"
      },
      {
        "state": "SA",
        "price": "6200",
        "price_per_unit": "6200",
        "price_unit": "ML"
      },
      {
        "state": "TAS",
        "price": "6200",
        "price_per_unit": "6200",
        "price_unit": "ML"
      },
      {
        "state": "ACT",
        "price": "6200",
        "price_per_unit": "6200",
        "price_unit": "ML"
      },
      {
        "state": "NT",
        "price": "6200",
        "price_per_unit": "6200",
        "price_unit": "ML"
      }
    ]
  },
  {
    "source_url": "https://www.woolworths.com.au/shop/productdetails/1075351500/aesop-amazing-face-cleanser-200ml-7-32oz",
    "name": "Aesop Amazing Face Cleanser 200ml/7.32oz",
    "image_url": "https://cdn1.woolworths.media/content/wowproductimages/large/1075351500.jpg",
    "source_id": "Woolworths - 1075351500",
    "barcode": null,
    "shop": "Woolworths",
    "weight": "100ML",
    "prices": [
      {
        "state": "NSW",
        "price": "8500",
        "price_per_unit": "4250",
        "price_unit": "ML"
      },
      {
        "state": "VIC",
        "price": "8500",
        "price_per_unit": "4250",
        "price_unit": "ML"
      },
      {
        "state": "QLD",
        "price": "8500",
        "price_per_unit": "4250",
        "price_unit": "ML"
      },
      {
        "state": "WA",
        "price": "8500",
        "price_per_unit": "4250",
        "price_unit": "ML"
      },
      {
        "state": "SA",
        "price": "8500",
        "price_per_unit": "4250",
        "price_unit": "ML"
      },
      {
        "state": "TAS",
        "price": "8500",
        "price_per_unit": "4250",
        "price_unit": "ML"
      },
      {
        "state": "ACT",
        "price": "8500",
        "price_per_unit": "4250",
        "price_unit": "ML"
      },
      {
        "state": "NT",
        "price": "8500",
        "price_per_unit": "4250",
        "price_unit": "ML"
      }
    ]
  },
  {
    "source_url": "https://www.woolworths.com.au/shop/productdetails/1075351501/aesop-b-tea-balancing-toner-200ml-6-7oz",
    "name": "Aesop B & Tea Balancing Toner 200ml/6.7oz",
    "image_url": "https://cdn1.woolworths.media/content/wowproductimages/large/1075351501.jpg",
    "source_id": "Woolworths - 1075351501",
    "barcode": null,
    "shop": "Woolworths",
    "weight": "100ML",
    "prices": [
      {
        "state": "NSW",
        "price": "10100",
        "price_per_unit": "5050",
        "price_unit": "ML"
      },
      {
        "state": "VIC",
        "price": "10100",
        "price_per_unit": "5050",
        "price_unit": "ML"
      },
      {
        "state": "QLD",
        "price": "10100",
        "price_per_unit": "5050",
        "price_unit": "ML"
      },
      {
        "state": "WA",
        "price": "10100",
        "price_per_unit": "5050",
        "price_unit": "ML"
      },
      {
        "state": "SA",
        "price": "10100",
        "price_per_unit": "5050",
        "price_unit": "ML"
      },
      {
        "state": "TAS",
        "price": "10100",
        "price_per_unit": "5050",
        "price_unit": "ML"
      },
      {
        "state": "ACT",
        "price": "10100",
        "price_per_unit": "5050",
        "price_unit": "ML"
      },
      {
        "state": "NT",
        "price": "10100",
        "price_per_unit": "5050",
        "price_unit": "ML"
      }
    ]
  },
  {
    "source_url": "https://www.woolworths.com.au/shop/productdetails/1075351505/aesop-chamomile-concentrate-anti-blemish-masque-60ml-2-43oz",
    "name": "Aesop Chamomile Concentrate Anti-Blemish Masque 60ml/2.43oz",
    "image_url": "https://cdn1.woolworths.media/content/wowproductimages/large/1075351505.jpg",
    "source_id": "Woolworths - 1075351505",
    "barcode": null,
    "shop": "Woolworths",
    "weight": "100ML",
    "prices": [
      {
        "state": "NSW",
        "price": "8800",
        "price_per_unit": "14667",
        "price_unit": "ML"
      },
      {
        "state": "VIC",
        "price": "8800",
        "price_per_unit": "14667",
        "price_unit": "ML"
      },
      {
        "state": "QLD",
        "price": "8800",
        "price_per_unit": "14667",
        "price_unit": "ML"
      },
      {
        "state": "WA",
        "price": "8800",
        "price_per_unit": "14667",
        "price_unit": "ML"
      },
      {
        "state": "SA",
        "price": "8800",
        "price_per_unit": "14667",
        "price_unit": "ML"
      },
      {
        "state": "TAS",
        "price": "8800",
        "price_per_unit": "14667",
        "price_unit": "ML"
      },
      {
        "state": "ACT",
        "price": "8800",
        "price_per_unit": "14667",
        "price_unit": "ML"
      },
      {
        "state": "NT",
        "price": "8800",
        "price_per_unit": "14667",
        "price_unit": "ML"
      }
    ]
  },
  {
    "source_url": "https://www.woolworths.com.au/shop/productdetails/1075434673/aesop-coriander-seed-body-cleanser-500ml-17-99oz",
    "name": "Aesop Coriander Seed Body Cleanser 500ml/17.99oz",
    "image_url": "https://cdn1.woolworths.media/content/wowproductimages/large/1075434673.jpg",
    "source_id": "Woolworths - 1075434673",
    "barcode": null,
    "shop": "Woolworths",
    "weight": "100ML",
    "prices": [
      {
        "state": "NSW",
        "price": "9200",
        "price_per_unit": "1840",
        "price_unit": "ML"
      },
      {
        "state": "VIC",
        "price": "9200",
        "price_per_unit": "1840",
        "price_unit": "ML"
      },
      {
        "state": "QLD",
        "price": "9200",
        "price_per_unit": "1840",
        "price_unit": "ML"
      },
      {
        "state": "WA",
        "price": "9200",
        "price_per_unit": "1840",
        "price_unit": "ML"
      },
      {
        "state": "SA",
        "price": "9200",
        "price_per_unit": "1840",
        "price_unit": "ML"
      },
      {
        "state": "TAS",
        "price": "9200",
        "price_per_unit": "1840",
        "price_unit": "ML"
      },
      {
        "state": "ACT",
        "price": "9200",
        "price_per_unit": "1840",
        "price_unit": "ML"
      },
      {
        "state": "NT",
        "price": "9200",
        "price_per_unit": "1840",
        "price_unit": "ML"
      }
    ]
  },
  {
    "source_url": "https://www.woolworths.com.au/shop/productdetails/1075351507/aesop-fabulous-face-cleanser-200ml-7-2oz",
    "name": "Aesop Fabulous Face Cleanser 200ml/7.2oz",
    "image_url": "https://cdn1.woolworths.media/content/wowproductimages/large/1075351507.jpg",
    "source_id": "Woolworths - 1075351507",
    "barcode": null,
    "shop": "Woolworths",
    "weight": "100ML",
    "prices": [
      {
        "state": "NSW",
        "price": "8700",
        "price_per_unit": "4350",
        "price_unit": "ML"
      },
      {
        "state": "VIC",
        "price": "8700",
        "price_per_unit": "4350",
        "price_unit": "ML"
      },
      {
        "state": "QLD",
        "price": "8700",
        "price_per_unit": "4350",
        "price_unit": "ML"
      },
      {
        "state": "WA",
        "price": "8700",
        "price_per_unit": "4350",
        "price_unit": "ML"
      },
      {
        "state": "SA",
        "price": "8700",
        "price_per_unit": "4350",
        "price_unit": "ML"
      },
      {
        "state": "TAS",
        "price": "8700",
        "price_per_unit": "4350",
        "price_unit": "ML"
      },
      {
        "state": "ACT",
        "price": "8700",
        "price_per_unit": "4350",
        "price_unit": "ML"
      },
      {
        "state": "NT",
        "price": "8700",
        "price_per_unit": "4350",
        "price_unit": "ML"
      }
    ]
  },
  {
    "source_url": "https://www.woolworths.com.au/shop/productdetails/1075386818/aesop-fabulous-face-oil-25ml-0-8oz",
    "name": "Aesop Fabulous Face Oil 25ml/0.8oz",
    "image_url": "https://cdn1.woolworths.media/content/wowproductimages/large/1075386818.jpg",
    "source_id": "Woolworths - 1075386818",
    "barcode": null,
    "shop": "Woolworths",
    "weight": "100ML",
    "prices": [
      {
        "state": "NSW",
        "price": "10100",
        "price_per_unit": "40400",
        "price_unit": "ML"
      },
      {
        "state": "VIC",
        "price": "10100",
        "price_per_unit": "40400",
        "price_unit": "ML"
      },
      {
        "state": "QLD",
        "price": "10100",
        "price_per_unit": "40400",
        "price_unit": "ML"
      },
      {
        "state": "WA",
        "price": "10100",
        "price_per_unit": "40400",
        "price_unit": "ML"
      },
      {
        "state": "SA",
        "price": "10100",
        "price_per_unit": "40400",
        "price_unit": "ML"
      },
      {
        "state": "TAS",
        "price": "10100",
        "price_per_unit": "40400",
        "price_unit": "ML"
      },
      {
        "state": "ACT",
        "price": "10100",
        "price_per_unit": "40400",
        "price_unit": "ML"
      },
      {
        "state": "NT",
        "price": "10100",
        "price_per_unit": "40400",
        "price_unit": "ML"
      }
    ]
  },
  {
    "source_url": "https://www.woolworths.com.au/shop/productdetails/1075500420/aesop-geranium-leaf-body-cleanser-100ml-3-4oz",
    "name": "Aesop Geranium Leaf Body Cleanser 100ml/3.4oz",
    "image_url": "https://cdn1.woolworths.media/content/wowproductimages/large/1075500420.jpg",
    "source_id": "Woolworths - 1075500420",
    "barcode": null,
    "shop": "Woolworths",
    "weight": "100ML",
    "prices": [
      {
        "state": "NSW",
        "price": "4700",
        "price_per_unit": "4700",
        "price_unit": "ML"
      },
      {
        "state": "VIC",
        "price": "4700",
        "price_per_unit": "4700",
        "price_unit": "ML"
      },
      {
        "state": "QLD",
        "price": "4700",
        "price_per_unit": "4700",
        "price_unit": "ML"
      },
      {
        "state": "WA",
        "price": "4700",
        "price_per_unit": "4700",
        "price_unit": "ML"
      },
      {
        "state": "SA",
        "price": "4700",
        "price_per_unit": "4700",
        "price_unit": "ML"
      },
      {
        "state": "TAS",
        "price": "4700",
        "price_per_unit": "4700",
        "price_unit": "ML"
      },
      {
        "state": "ACT",
        "price": "4700",
        "price_per_unit": "4700",
        "price_unit": "ML"
      },
      {
        "state": "NT",
        "price": "4700",
        "price_per_unit": "4700",
        "price_unit": "ML"
      }
    ]
  },
  {
    "source_url": "https://www.woolworths.com.au/shop/productdetails/1075351509/aesop-geranium-leaf-body-cleanser-500ml-17-99oz",
    "name": "Aesop Geranium Leaf Body Cleanser 500ml/17.99oz",
    "image_url": "https://cdn1.woolworths.media/content/wowproductimages/large/1075351509.jpg",
    "source_id": "Woolworths - 1075351509",
    "barcode": null,
    "shop": "Woolworths",
    "weight": "100ML",
    "prices": [
      {
        "state": "NSW",
        "price": "9000",
        "price_per_unit": "1800",
        "price_unit": "ML"
      },
      {
        "state": "VIC",
        "price": "9000",
        "price_per_unit": "1800",
        "price_unit": "ML"
      },
      {
        "state": "QLD",
        "price": "9000",
        "price_per_unit": "1800",
        "price_unit": "ML"
      },
      {
        "state": "WA",
        "price": "9000",
        "price_per_unit": "1800",
        "price_unit": "ML"
      },
      {
        "state": "SA",
        "price": "9000",
        "price_per_unit": "1800",
        "price_unit": "ML"
      },
      {
        "state": "TAS",
        "price": "9000",
        "price_per_unit": "1800",
        "price_unit": "ML"
      },
      {
        "state": "ACT",
        "price": "9000",
        "price_per_unit": "1800",
        "price_unit": "ML"
      },
      {
        "state": "NT",
        "price": "9000",
        "price_per_unit": "1800",
        "price_unit": "ML"
      }
    ]
  },
  {
    "source_url": "https://www.woolworths.com.au/shop/productdetails/1075351513/aesop-in-two-minds-facial-cleanser-for-combination-skin-200ml-6-8oz",
    "name": "Aesop In Two Minds Facial Cleanser - For Combination Skin 200ml/6.8oz",
    "image_url": "https://cdn1.woolworths.media/content/wowproductimages/large/1075351513.jpg",
    "source_id": "Woolworths - 1075351513",
    "barcode": null,
    "shop": "Woolworths",
    "weight": "100ML",
    "prices": [
      {
        "state": "NSW",
        "price": "9000",
        "price_per_unit": "4500",
        "price_unit": "ML"
      },
      {
        "state": "VIC",
        "price": "9000",
        "price_per_unit": "4500",
        "price_unit": "ML"
      },
      {
        "state": "QLD",
        "price": "9000",
        "price_per_unit": "4500",
        "price_unit": "ML"
      },
      {
        "state": "WA",
        "price": "9000",
        "price_per_unit": "4500",
        "price_unit": "ML"
      },
      {
        "state": "SA",
        "price": "9000",
        "price_per_unit": "4500",
        "price_unit": "ML"
      },
      {
        "state": "TAS",
        "price": "9000",
        "price_per_unit": "4500",
        "price_unit": "ML"
      },
      {
        "state": "ACT",
        "price": "9000",
        "price_per_unit": "4500",
        "price_unit": "ML"
      },
      {
        "state": "NT",
        "price": "9000",
        "price_per_unit": "4500",
        "price_unit": "ML"
      }
    ]
  },
  {
    "source_url": "https://www.woolworths.com.au/shop/productdetails/1075351520/aesop-parsley-seed-anti-oxidant-facial-toner-100ml-3-6oz",
    "name": "Aesop Parsley Seed Anti-Oxidant Facial Toner 100ml/3.6oz",
    "image_url": "https://cdn1.woolworths.media/content/wowproductimages/large/1075351520.jpg",
    "source_id": "Woolworths - 1075351520",
    "barcode": null,
    "shop": "Woolworths",
    "weight": "100ML",
    "prices": [
      {
        "state": "NSW",
        "price": "7400",
        "price_per_unit": "7400",
        "price_unit": "ML"
      },
      {
        "state": "VIC",
        "price": "7400",
        "price_per_unit": "7400",
        "price_unit": "ML"
      },
      {
        "state": "QLD",
        "price": "7400",
        "price_per_unit": "7400",
        "price_unit": "ML"
      },
      {
        "state": "WA",
        "price": "7400",
        "price_per_unit": "7400",
        "price_unit": "ML"
      },
      {
        "state": "SA",
        "price": "7400",
        "price_per_unit": "7400",
        "price_unit": "ML"
      },
      {
        "state": "TAS",
        "price": "7400",
        "price_per_unit": "7400",
        "price_unit": "ML"
      },
      {
        "state": "ACT",
        "price": "7400",
        "price_per_unit": "7400",
        "price_unit": "ML"
      },
      {
        "state": "NT",
        "price": "7400",
        "price_per_unit": "7400",
        "price_unit": "ML"
      }
    ]
  },
  {
    "source_url": "https://www.woolworths.com.au/shop/productdetails/1075351521/aesop-parsley-seed-anti-oxidant-facial-toner-200ml-7-2oz",
    "name": "Aesop Parsley Seed Anti-Oxidant Facial Toner 200ml/7.2oz",
    "image_url": "https://cdn1.woolworths.media/content/wowproductimages/large/1075351521.jpg",
    "source_id": "Woolworths - 1075351521",
    "barcode": null,
    "shop": "Woolworths",
    "weight": "100ML",
    "prices": [
      {
        "state": "NSW",
        "price": "10600",
        "price_per_unit": "5300",
        "price_unit": "ML"
      },
      {
        "state": "VIC",
        "price": "10600",
        "price_per_unit": "5300",
        "price_unit": "ML"
      },
      {
        "state": "QLD",
        "price": "10600",
        "price_per_unit": "5300",
        "price_unit": "ML"
      },
      {
        "state": "WA",
        "price": "10600",
        "price_per_unit": "5300",
        "price_unit": "ML"
      },
      {
        "state": "SA",
        "price": "10600",
        "price_per_unit": "5300",
        "price_unit": "ML"
      },
      {
        "state": "TAS",
        "price": "10600",
        "price_per_unit": "5300",
        "price_unit": "ML"
      },
      {
        "state": "ACT",
        "price": "10600",
        "price_per_unit": "5300",
        "price_unit": "ML"
      },
      {
        "state": "NT",
        "price": "10600",
        "price_per_unit": "5300",
        "price_unit": "ML"
      }
    ]
  },
  {
    "source_url": "https://www.woolworths.com.au/shop/productdetails/1075462696/aesop-parsley-seed-cleansing-masque-tube-60ml-2-38oz",
    "name": "Aesop Parsley Seed Cleansing Masque (Tube) 60ml/2.38oz",
    "image_url": "https://cdn1.woolworths.media/content/wowproductimages/large/1075462696.jpg",
    "source_id": "Woolworths - 1075462696",
    "barcode": null,
    "shop": "Woolworths",
    "weight": "100ML",
    "prices": [
      {
        "state": "NSW",
        "price": "8600",
        "price_per_unit": "14333",
        "price_unit": "ML"
      },
      {
        "state": "VIC",
        "price": "8600",
        "price_per_unit": "14333",
        "price_unit": "ML"
      },
      {
        "state": "QLD",
        "price": "8600",
        "price_per_unit": "14333",
        "price_unit": "ML"
      },
      {
        "state": "WA",
        "price": "8600",
        "price_per_unit": "14333",
        "price_unit": "ML"
      },
      {
        "state": "SA",
        "price": "8600",
        "price_per_unit": "14333",
        "price_unit": "ML"
      },
      {
        "state": "TAS",
        "price": "8600",
        "price_per_unit": "14333",
        "price_unit": "ML"
      },
      {
        "state": "ACT",
        "price": "8600",
        "price_per_unit": "14333",
        "price_unit": "ML"
      },
      {
        "state": "NT",
        "price": "8600",
        "price_per_unit": "14333",
        "price_unit": "ML"
      }
    ]
  },
  {
    "source_url": "https://www.woolworths.com.au/shop/productdetails/1075498418/aesop-parsley-seed-facial-cleanser-100ml-3-4oz",
    "name": "Aesop Parsley Seed Facial Cleanser 100ml/3.4oz",
    "image_url": "https://cdn1.woolworths.media/content/wowproductimages/large/1075498418.jpg",
    "source_id": "Woolworths - 1075498418",
    "barcode": null,
    "shop": "Woolworths",
    "weight": "100ML",
    "prices": [
      {
        "state": "NSW",
        "price": "7800",
        "price_per_unit": "7800",
        "price_unit": "ML"
      },
      {
        "state": "VIC",
        "price": "7800",
        "price_per_unit": "7800",
        "price_unit": "ML"
      },
      {
        "state": "QLD",
        "price": "7800",
        "price_per_unit": "7800",
        "price_unit": "ML"
      },
      {
        "state": "WA",
        "price": "7800",
        "price_per_unit": "7800",
        "price_unit": "ML"
      },
      {
        "state": "SA",
        "price": "7800",
        "price_per_unit": "7800",
        "price_unit": "ML"
      },
      {
        "state": "TAS",
        "price": "7800",
        "price_per_unit": "7800",
        "price_unit": "ML"
      },
      {
        "state": "ACT",
        "price": "7800",
        "price_per_unit": "7800",
        "price_unit": "ML"
      },
      {
        "state": "NT",
        "price": "7800",
        "price_per_unit": "7800",
        "price_unit": "ML"
      }
    ]
  },
  {
    "source_url": "https://www.woolworths.com.au/shop/productdetails/1075351525/aesop-parsley-seed-facial-cleanser-200ml-6-8oz",
    "name": "Aesop Parsley Seed Facial Cleanser 200ml/6.8oz",
    "image_url": "https://cdn1.woolworths.media/content/wowproductimages/large/1075351525.jpg",
    "source_id": "Woolworths - 1075351525",
    "barcode": null,
    "shop": "Woolworths",
    "weight": "100ML",
    "prices": [
      {
        "state": "NSW",
        "price": "10500",
        "price_per_unit": "5250",
        "price_unit": "ML"
      },
      {
        "state": "VIC",
        "price": "10500",
        "price_per_unit": "5250",
        "price_unit": "ML"
      },
      {
        "state": "QLD",
        "price": "10500",
        "price_per_unit": "5250",
        "price_unit": "ML"
      },
      {
        "state": "WA",
        "price": "10500",
        "price_per_unit": "5250",
        "price_unit": "ML"
      },
      {
        "state": "SA",
        "price": "10500",
        "price_per_unit": "5250",
        "price_unit": "ML"
      },
      {
        "state": "TAS",
        "price": "10500",
        "price_per_unit": "5250",
        "price_unit": "ML"
      },
      {
        "state": "ACT",
        "price": "10500",
        "price_per_unit": "5250",
        "price_unit": "ML"
      },
      {
        "state": "NT",
        "price": "10500",
        "price_per_unit": "5250",
        "price_unit": "ML"
      }
    ]
  },
  {
    "source_url": "https://www.woolworths.com.au/shop/productdetails/1075498419/aesop-parsley-seed-facial-cleansing-oil-200ml-6-7oz",
    "name": "Aesop Parsley Seed Facial Cleansing Oil 200ml/6.7oz",
    "image_url": "https://cdn1.woolworths.media/content/wowproductimages/large/1075498419.jpg",
    "source_id": "Woolworths - 1075498419",
    "barcode": null,
    "shop": "Woolworths",
    "weight": "100ML",
    "prices": [
      {
        "state": "NSW",
        "price": "10200",
        "price_per_unit": "5100",
        "price_unit": "ML"
      },
      {
        "state": "VIC",
        "price": "10200",
        "price_per_unit": "5100",
        "price_unit": "ML"
      },
      {
        "state": "QLD",
        "price": "10200",
        "price_per_unit": "5100",
        "price_unit": "ML"
      },
      {
        "state": "WA",
        "price": "10200",
        "price_per_unit": "5100",
        "price_unit": "ML"
      },
      {
        "state": "SA",
        "price": "10200",
        "price_per_unit": "5100",
        "price_unit": "ML"
      },
      {
        "state": "TAS",
        "price": "10200",
        "price_per_unit": "5100",
        "price_unit": "ML"
      },
      {
        "state": "ACT",
        "price": "10200",
        "price_per_unit": "5100",
        "price_unit": "ML"
      },
      {
        "state": "NT",
        "price": "10200",
        "price_per_unit": "5100",
        "price_unit": "ML"
      }
    ]
  },
  {
    "source_url": "https://www.woolworths.com.au/shop/productdetails/1075351527/aesop-primrose-facial-cleansing-masque-120ml-4-84oz",
    "name": "Aesop Primrose Facial Cleansing Masque 120ml/4.84oz",
    "image_url": "https://cdn1.woolworths.media/content/wowproductimages/large/1075351527.jpg",
    "source_id": "Woolworths - 1075351527",
    "barcode": null,
    "shop": "Woolworths",
    "weight": "100ML",
    "prices": [
      {
        "state": "NSW",
        "price": "11300",
        "price_per_unit": "9417",
        "price_unit": "ML"
      },
      {
        "state": "VIC",
        "price": "11300",
        "price_per_unit": "9417",
        "price_unit": "ML"
      },
      {
        "state": "QLD",
        "price": "11300",
        "price_per_unit": "9417",
        "price_unit": "ML"
      },
      {
        "state": "WA",
        "price": "11300",
        "price_per_unit": "9417",
        "price_unit": "ML"
      },
      {
        "state": "SA",
        "price": "11300",
        "price_per_unit": "9417",
        "price_unit": "ML"
      },
      {
        "state": "TAS",
        "price": "11300",
        "price_per_unit": "9417",
        "price_unit": "ML"
      },
      {
        "state": "ACT",
        "price": "11300",
        "price_per_unit": "9417",
        "price_unit": "ML"
      },
      {
        "state": "NT",
        "price": "11300",
        "price_per_unit": "9417",
        "price_unit": "ML"
      }
    ]
  },
  {
    "source_url": "https://www.woolworths.com.au/shop/productdetails/1075351528/aesop-primrose-facial-cleansing-masque-60ml-2-47oz",
    "name": "Aesop Primrose Facial Cleansing Masque 60ml/2.47oz",
    "image_url": "https://cdn1.woolworths.media/content/wowproductimages/large/1075351528.jpg",
    "source_id": "Woolworths - 1075351528",
    "barcode": null,
    "shop": "Woolworths",
    "weight": "100ML",
    "prices": [
      {
        "state": "NSW",
        "price": "6600",
        "price_per_unit": "11000",
        "price_unit": "ML"
      },
      {
        "state": "VIC",
        "price": "6600",
        "price_per_unit": "11000",
        "price_unit": "ML"
      },
      {
        "state": "QLD",
        "price": "6600",
        "price_per_unit": "11000",
        "price_unit": "ML"
      },
      {
        "state": "WA",
        "price": "6600",
        "price_per_unit": "11000",
        "price_unit": "ML"
      },
      {
        "state": "SA",
        "price": "6600",
        "price_per_unit": "11000",
        "price_unit": "ML"
      },
      {
        "state": "TAS",
        "price": "6600",
        "price_per_unit": "11000",
        "price_unit": "ML"
      },
      {
        "state": "ACT",
        "price": "6600",
        "price_per_unit": "11000",
        "price_unit": "ML"
      },
      {
        "state": "NT",
        "price": "6600",
        "price_per_unit": "11000",
        "price_unit": "ML"
      }
    ]
  },
  {
    "source_url": "https://www.woolworths.com.au/shop/productdetails/1075386824/aesop-purifying-facial-cream-cleanser-tube-100ml-3-6oz",
    "name": "Aesop Purifying Facial Cream Cleanser (Tube) 100ml/3.6oz",
    "image_url": "https://cdn1.woolworths.media/content/wowproductimages/large/1075386824.jpg",
    "source_id": "Woolworths - 1075386824",
    "barcode": null,
    "shop": "Woolworths",
    "weight": "100ML",
    "prices": [
      {
        "state": "NSW",
        "price": "6500",
        "price_per_unit": "6500",
        "price_unit": "ML"
      },
      {
        "state": "VIC",
        "price": "6500",
        "price_per_unit": "6500",
        "price_unit": "ML"
      },
      {
        "state": "QLD",
        "price": "6500",
        "price_per_unit": "6500",
        "price_unit": "ML"
      },
      {
        "state": "WA",
        "price": "6500",
        "price_per_unit": "6500",
        "price_unit": "ML"
      },
      {
        "state": "SA",
        "price": "6500",
        "price_per_unit": "6500",
        "price_unit": "ML"
      },
      {
        "state": "TAS",
        "price": "6500",
        "price_per_unit": "6500",
        "price_unit": "ML"
      },
      {
        "state": "ACT",
        "price": "6500",
        "price_per_unit": "6500",
        "price_unit": "ML"
      },
      {
        "state": "NT",
        "price": "6500",
        "price_per_unit": "6500",
        "price_unit": "ML"
      }
    ]
  },
  {
    "source_url": "https://www.woolworths.com.au/shop/productdetails/1075372275/aha-bha-clarifying-treatment-toner-150ml",
    "name": "AHA/BHA Clarifying Treatment Toner 150ml",
    "image_url": "https://cdn1.woolworths.media/content/wowproductimages/large/1075372275.jpg",
    "source_id": "Woolworths - 1075372275",
    "barcode": null,
    "shop": "Woolworths",
    "weight": "100ML",
    "prices": [
      {
        "state": "NSW",
        "price": "2900",
        "price_per_unit": "1933",
        "price_unit": "ML"
      },
      {
        "state": "VIC",
        "price": "2900",
        "price_per_unit": "1933",
        "price_unit": "ML"
      },
      {
        "state": "QLD",
        "price": "2900",
        "price_per_unit": "1933",
        "price_unit": "ML"
      },
      {
        "state": "WA",
        "price": "2900",
        "price_per_unit": "1933",
        "price_unit": "ML"
      },
      {
        "state": "SA",
        "price": "2900",
        "price_per_unit": "1933",
        "price_unit": "ML"
      },
      {
        "state": "TAS",
        "price": "2900",
        "price_per_unit": "1933",
        "price_unit": "ML"
      },
      {
        "state": "ACT",
        "price": "2900",
        "price_per_unit": "1933",
        "price_unit": "ML"
      },
      {
        "state": "NT",
        "price": "2900",
        "price_per_unit": "1933",
        "price_unit": "ML"
      }
    ]
  },
  {
    "source_url": "https://www.woolworths.com.au/shop/productdetails/1075180509/ahava-time-to-energize-exfoliating-cleansing-gel-100ml-3-4oz",
    "name": "Ahava Time To Energize Exfoliating Cleansing Gel 100ml/3.4oz",
    "image_url": "https://cdn1.woolworths.media/content/wowproductimages/large/1075180509.jpg",
    "source_id": "Woolworths - 1075180509",
    "barcode": null,
    "shop": "Woolworths",
    "weight": null,
    "prices": []
  },
  {
    "source_url": "https://www.woolworths.com.au/shop/productdetails/1074649391/aippo-mud-deep-cleanser-130ml-4-59oz",
    "name": "Aippo Mud Deep Cleanser 130ml/4.59oz",
    "image_url": "https://cdn1.woolworths.media/content/wowproductimages/large/1074649391.jpg",
    "source_id": "Woolworths - 1074649391",
    "barcode": null,
    "shop": "Woolworths",
    "weight": "100ML",
    "prices": [
      {
        "state": "NSW",
        "price": "2700",
        "price_per_unit": "2077",
        "price_unit": "ML"
      },
      {
        "state": "VIC",
        "price": "2700",
        "price_per_unit": "2077",
        "price_unit": "ML"
      },
      {
        "state": "QLD",
        "price": "2700",
        "price_per_unit": "2077",
        "price_unit": "ML"
      },
      {
        "state": "WA",
        "price": "2700",
        "price_per_unit": "2077",
        "price_unit": "ML"
      },
      {
        "state": "SA",
        "price": "2700",
        "price_per_unit": "2077",
        "price_unit": "ML"
      },
      {
        "state": "TAS",
        "price": "2700",
        "price_per_unit": "2077",
        "price_unit": "ML"
      },
      {
        "state": "ACT",
        "price": "2700",
        "price_per_unit": "2077",
        "price_unit": "ML"
      },
      {
        "state": "NT",
        "price": "2700",
        "price_per_unit": "2077",
        "price_unit": "ML"
      }
    ]
  },
  {
    "source_url": "https://www.woolworths.com.au/shop/productdetails/1074649393/albion-skin-conditioner-essential-toner-330ml-11oz",
    "name": "Albion Skin Conditioner Essential Toner 330ml/11oz",
    "image_url": "https://cdn1.woolworths.media/content/wowproductimages/large/1074649393.jpg",
    "source_id": "Woolworths - 1074649393",
    "barcode": null,
    "shop": "Woolworths",
    "weight": "100ML",
    "prices": [
      {
        "state": "NSW",
        "price": "12800",
        "price_per_unit": "3879",
        "price_unit": "ML"
      },
      {
        "state": "VIC",
        "price": "12800",
        "price_per_unit": "3879",
        "price_unit": "ML"
      },
      {
        "state": "QLD",
        "price": "12800",
        "price_per_unit": "3879",
        "price_unit": "ML"
      },
      {
        "state": "WA",
        "price": "12800",
        "price_per_unit": "3879",
        "price_unit": "ML"
      },
      {
        "state": "SA",
        "price": "12800",
        "price_per_unit": "3879",
        "price_unit": "ML"
      },
      {
        "state": "TAS",
        "price": "12800",
        "price_per_unit": "3879",
        "price_unit": "ML"
      },
      {
        "state": "ACT",
        "price": "12800",
        "price_per_unit": "3879",
        "price_unit": "ML"
      },
      {
        "state": "NT",
        "price": "12800",
        "price_per_unit": "3879",
        "price_unit": "ML"
      }
    ]
  },
  {
    "source_url": "https://www.woolworths.com.au/shop/productdetails/1074649405/alpha-h-golden-haze-face-oil-with-omega-fatty-acids-25ml-0-85oz",
    "name": "Alpha-H Golden Haze Face Oil with Omega Fatty Acids 25ml/0.85oz",
    "image_url": "https://cdn1.woolworths.media/content/wowproductimages/large/1074649405.jpg",
    "source_id": "Woolworths - 1074649405",
    "barcode": null,
    "shop": "Woolworths",
    "weight": "100ML",
    "prices": [
      {
        "state": "NSW",
        "price": "8800",
        "price_per_unit": "35200",
        "price_unit": "ML"
      },
      {
        "state": "VIC",
        "price": "8800",
        "price_per_unit": "35200",
        "price_unit": "ML"
      },
      {
        "state": "QLD",
        "price": "8800",
        "price_per_unit": "35200",
        "price_unit": "ML"
      },
      {
        "state": "WA",
        "price": "8800",
        "price_per_unit": "35200",
        "price_unit": "ML"
      },
      {
        "state": "SA",
        "price": "8800",
        "price_per_unit": "35200",
        "price_unit": "ML"
      },
      {
        "state": "TAS",
        "price": "8800",
        "price_per_unit": "35200",
        "price_unit": "ML"
      },
      {
        "state": "ACT",
        "price": "8800",
        "price_per_unit": "35200",
        "price_unit": "ML"
      },
      {
        "state": "NT",
        "price": "8800",
        "price_per_unit": "35200",
        "price_unit": "ML"
      }
    ]
  },
  {
    "source_url": "https://www.woolworths.com.au/shop/productdetails/1074649411/alpha-h-melting-moment-cleansing-balm-with-wild-orange-leaf-extract-90g-3-17oz",
    "name": "Alpha-H Melting Moment Cleansing Balm With Wild Orange Leaf Extract 90g/3.17oz",
    "image_url": "https://cdn1.woolworths.media/content/wowproductimages/large/1074649411.jpg",
    "source_id": "Woolworths - 1074649411",
    "barcode": null,
    "shop": "Woolworths",
    "weight": "100G",
    "prices": [
      {
        "state": "NSW",
        "price": "8900",
        "price_per_unit": "9889",
        "price_unit": "G"
      },
      {
        "state": "VIC",
        "price": "8900",
        "price_per_unit": "9889",
        "price_unit": "G"
      },
      {
        "state": "QLD",
        "price": "8900",
        "price_per_unit": "9889",
        "price_unit": "G"
      },
      {
        "state": "WA",
        "price": "8900",
        "price_per_unit": "9889",
        "price_unit": "G"
      },
      {
        "state": "SA",
        "price": "8900",
        "price_per_unit": "9889",
        "price_unit": "G"
      },
      {
        "state": "TAS",
        "price": "8900",
        "price_per_unit": "9889",
        "price_unit": "G"
      },
      {
        "state": "ACT",
        "price": "8900",
        "price_per_unit": "9889",
        "price_unit": "G"
      },
      {
        "state": "NT",
        "price": "8900",
        "price_per_unit": "9889",
        "price_unit": "G"
      }
    ]
  },
  {
    "source_url": "https://www.woolworths.com.au/shop/productdetails/1074649413/alpha-h-triple-action-cleanser-185ml-6-25oz",
    "name": "Alpha-H Triple Action Cleanser 185ml/6.25oz",
    "image_url": "https://cdn1.woolworths.media/content/wowproductimages/large/1074649413.jpg",
    "source_id": "Woolworths - 1074649413",
    "barcode": null,
    "shop": "Woolworths",
    "weight": "100ML",
    "prices": [
      {
        "state": "NSW",
        "price": "6600",
        "price_per_unit": "3568",
        "price_unit": "ML"
      },
      {
        "state": "VIC",
        "price": "6600",
        "price_per_unit": "3568",
        "price_unit": "ML"
      },
      {
        "state": "QLD",
        "price": "6600",
        "price_per_unit": "3568",
        "price_unit": "ML"
      },
      {
        "state": "WA",
        "price": "6600",
        "price_per_unit": "3568",
        "price_unit": "ML"
      },
      {
        "state": "SA",
        "price": "6600",
        "price_per_unit": "3568",
        "price_unit": "ML"
      },
      {
        "state": "TAS",
        "price": "6600",
        "price_per_unit": "3568",
        "price_unit": "ML"
      },
      {
        "state": "ACT",
        "price": "6600",
        "price_per_unit": "3568",
        "price_unit": "ML"
      },
      {
        "state": "NT",
        "price": "6600",
        "price_per_unit": "3568",
        "price_unit": "ML"
      }
    ]
  },
  {
    "source_url": "https://www.woolworths.com.au/shop/productdetails/1075478156/alya-skin-foaming-micellar-cleanser-135ml",
    "name": "Alya Skin Foaming Micellar Cleanser 135ml",
    "image_url": "https://cdn1.woolworths.media/content/wowproductimages/large/1075478156.jpg",
    "source_id": "Woolworths - 1075478156",
    "barcode": null,
    "shop": "Woolworths",
    "weight": "100ML",
    "prices": [
      {
        "state": "NSW",
        "price": "1895",
        "price_per_unit": "1404",
        "price_unit": "ML"
      },
      {
        "state": "VIC",
        "price": "1895",
        "price_per_unit": "1404",
        "price_unit": "ML"
      },
      {
        "state": "QLD",
        "price": "1895",
        "price_per_unit": "1404",
        "price_unit": "ML"
      },
      {
        "state": "WA",
        "price": "1895",
        "price_per_unit": "1404",
        "price_unit": "ML"
      },
      {
        "state": "SA",
        "price": "1895",
        "price_per_unit": "1404",
        "price_unit": "ML"
      },
      {
        "state": "TAS",
        "price": "1895",
        "price_per_unit": "1404",
        "price_unit": "ML"
      },
      {
        "state": "ACT",
        "price": "1895",
        "price_per_unit": "1404",
        "price_unit": "ML"
      },
      {
        "state": "NT",
        "price": "1895",
        "price_per_unit": "1404",
        "price_unit": "ML"
      }
    ]
  },
  {
    "source_url": "https://www.woolworths.com.au/shop/productdetails/1075478657/alya-skin-pore-perfecting-elixir-180ml",
    "name": "Alya Skin Pore Perfecting Elixir 180ml",
    "image_url": "https://cdn1.woolworths.media/content/wowproductimages/large/1075478657.jpg",
    "source_id": "Woolworths - 1075478657",
    "barcode": null,
    "shop": "Woolworths",
    "weight": "100ML",
    "prices": [
      {
        "state": "NSW",
        "price": "3595",
        "price_per_unit": "1997",
        "price_unit": "ML"
      },
      {
        "state": "VIC",
        "price": "3595",
        "price_per_unit": "1997",
        "price_unit": "ML"
      },
      {
        "state": "QLD",
        "price": "3595",
        "price_per_unit": "1997",
        "price_unit": "ML"
      },
      {
        "state": "WA",
        "price": "3595",
        "price_per_unit": "1997",
        "price_unit": "ML"
      },
      {
        "state": "SA",
        "price": "3595",
        "price_per_unit": "1997",
        "price_unit": "ML"
      },
      {
        "state": "TAS",
        "price": "3595",
        "price_per_unit": "1997",
        "price_unit": "ML"
      },
      {
        "state": "ACT",
        "price": "3595",
        "price_per_unit": "1997",
        "price_unit": "ML"
      },
      {
        "state": "NT",
        "price": "3595",
        "price_per_unit": "1997",
        "price_unit": "ML"
      }
    ]
  },
  {
    "source_url": "https://www.woolworths.com.au/shop/productdetails/1074649440/annemarie-borlind-aquanature-system-hydro-refreshing-cleansing-mousse-for-dehydrated-skin-150ml-5-07oz",
    "name": "Annemarie Borlind Aquanature System Hydro Refreshing Cleansing Mousse - For Dehydrated Skin 150ml/5.07oz",
    "image_url": "https://cdn1.woolworths.media/content/wowproductimages/large/1074649440.jpg",
    "source_id": "Woolworths - 1074649440",
    "barcode": null,
    "shop": "Woolworths",
    "weight": "100ML",
    "prices": [
      {
        "state": "NSW",
        "price": "5200",
        "price_per_unit": "3467",
        "price_unit": "ML"
      },
      {
        "state": "VIC",
        "price": "5200",
        "price_per_unit": "3467",
        "price_unit": "ML"
      },
      {
        "state": "QLD",
        "price": "5200",
        "price_per_unit": "3467",
        "price_unit": "ML"
      },
      {
        "state": "WA",
        "price": "5200",
        "price_per_unit": "3467",
        "price_unit": "ML"
      },
      {
        "state": "SA",
        "price": "5200",
        "price_per_unit": "3467",
        "price_unit": "ML"
      },
      {
        "state": "TAS",
        "price": "5200",
        "price_per_unit": "3467",
        "price_unit": "ML"
      },
      {
        "state": "ACT",
        "price": "5200",
        "price_per_unit": "3467",
        "price_unit": "ML"
      },
      {
        "state": "NT",
        "price": "5200",
        "price_per_unit": "3467",
        "price_unit": "ML"
      }
    ]
  },
  {
    "source_url": "https://www.woolworths.com.au/shop/productdetails/1074649452/annemarie-borlind-combination-skin-system-balance-balancing-toner-for-combination-skin-150ml-5-07oz",
    "name": "Annemarie Borlind Combination Skin System Balance Balancing Toner - For Combination Skin 150ml/5.07oz",
    "image_url": "https://cdn1.woolworths.media/content/wowproductimages/large/1074649452.jpg",
    "source_id": "Woolworths - 1074649452",
    "barcode": null,
    "shop": "Woolworths",
    "weight": "100ML",
    "prices": [
      {
        "state": "NSW",
        "price": "5500",
        "price_per_unit": "3667",
        "price_unit": "ML"
      },
      {
        "state": "VIC",
        "price": "5500",
        "price_per_unit": "3667",
        "price_unit": "ML"
      },
      {
        "state": "QLD",
        "price": "5500",
        "price_per_unit": "3667",
        "price_unit": "ML"
      },
      {
        "state": "WA",
        "price": "5500",
        "price_per_unit": "3667",
        "price_unit": "ML"
      },
      {
        "state": "SA",
        "price": "5500",
        "price_per_unit": "3667",
        "price_unit": "ML"
      },
      {
        "state": "TAS",
        "price": "5500",
        "price_per_unit": "3667",
        "price_unit": "ML"
      },
      {
        "state": "ACT",
        "price": "5500",
        "price_per_unit": "3667",
        "price_unit": "ML"
      },
      {
        "state": "NT",
        "price": "5500",
        "price_per_unit": "3667",
        "price_unit": "ML"
      }
    ]
  },
  {
    "source_url": "https://www.woolworths.com.au/shop/productdetails/1074649454/annemarie-borlind-combination-skin-system-balance-mild-cleansing-gel-for-combination-skin-150ml-5-07oz",
    "name": "Annemarie Borlind Combination Skin System Balance Mild Cleansing Gel - For Combination Skin 150ml/5.07oz",
    "image_url": "https://cdn1.woolworths.media/content/wowproductimages/large/1074649454.jpg",
    "source_id": "Woolworths - 1074649454",
    "barcode": null,
    "shop": "Woolworths",
    "weight": "100ML",
    "prices": [
      {
        "state": "NSW",
        "price": "4700",
        "price_per_unit": "3133",
        "price_unit": "ML"
      },
      {
        "state": "VIC",
        "price": "4700",
        "price_per_unit": "3133",
        "price_unit": "ML"
      },
      {
        "state": "QLD",
        "price": "4700",
        "price_per_unit": "3133",
        "price_unit": "ML"
      },
      {
        "state": "WA",
        "price": "4700",
        "price_per_unit": "3133",
        "price_unit": "ML"
      },
      {
        "state": "SA",
        "price": "4700",
        "price_per_unit": "3133",
        "price_unit": "ML"
      },
      {
        "state": "TAS",
        "price": "4700",
        "price_per_unit": "3133",
        "price_unit": "ML"
      },
      {
        "state": "ACT",
        "price": "4700",
        "price_per_unit": "3133",
        "price_unit": "ML"
      },
      {
        "state": "NT",
        "price": "4700",
        "price_per_unit": "3133",
        "price_unit": "ML"
      }
    ]
  },
  {
    "source_url": "https://www.woolworths.com.au/shop/productdetails/1075104763/annemarie-borlind-energynature-system-pre-aging-refreshing-cleansing-gel-for-normal-to-dry-skin-125ml-4-23oz",
    "name": "Annemarie Borlind Energynature System Pre-Aging Refreshing Cleansing Gel - For Normal to Dry Skin 125ml/4.23oz",
    "image_url": "https://cdn1.woolworths.media/content/wowproductimages/large/1075104763.jpg",
    "source_id": "Woolworths - 1075104763",
    "barcode": null,
    "shop": "Woolworths",
    "weight": "100ML",
    "prices": [
      {
        "state": "NSW",
        "price": "4000",
        "price_per_unit": "3200",
        "price_unit": "ML"
      },
      {
        "state": "VIC",
        "price": "4000",
        "price_per_unit": "3200",
        "price_unit": "ML"
      },
      {
        "state": "QLD",
        "price": "4000",
        "price_per_unit": "3200",
        "price_unit": "ML"
      },
      {
        "state": "WA",
        "price": "4000",
        "price_per_unit": "3200",
        "price_unit": "ML"
      },
      {
        "state": "SA",
        "price": "4000",
        "price_per_unit": "3200",
        "price_unit": "ML"
      },
      {
        "state": "TAS",
        "price": "4000",
        "price_per_unit": "3200",
        "price_unit": "ML"
      },
      {
        "state": "ACT",
        "price": "4000",
        "price_per_unit": "3200",
        "price_unit": "ML"
      },
      {
        "state": "NT",
        "price": "4000",
        "price_per_unit": "3200",
        "price_unit": "ML"
      }
    ]
  },
  {
    "source_url": "https://www.woolworths.com.au/shop/productdetails/1074649460/annemarie-borlind-face-firming-gel-50ml-1-69oz",
    "name": "Annemarie Borlind Face-Firming Gel 50ml/1.69oz",
    "image_url": "https://cdn1.woolworths.media/content/wowproductimages/large/1074649460.jpg",
    "source_id": "Woolworths - 1074649460",
    "barcode": null,
    "shop": "Woolworths",
    "weight": "100ML",
    "prices": [
      {
        "state": "NSW",
        "price": "5500",
        "price_per_unit": "11000",
        "price_unit": "ML"
      },
      {
        "state": "VIC",
        "price": "5500",
        "price_per_unit": "11000",
        "price_unit": "ML"
      },
      {
        "state": "QLD",
        "price": "5500",
        "price_per_unit": "11000",
        "price_unit": "ML"
      },
      {
        "state": "WA",
        "price": "5500",
        "price_per_unit": "11000",
        "price_unit": "ML"
      },
      {
        "state": "SA",
        "price": "5500",
        "price_per_unit": "11000",
        "price_unit": "ML"
      },
      {
        "state": "TAS",
        "price": "5500",
        "price_per_unit": "11000",
        "price_unit": "ML"
      },
      {
        "state": "ACT",
        "price": "5500",
        "price_per_unit": "11000",
        "price_unit": "ML"
      },
      {
        "state": "NT",
        "price": "5500",
        "price_per_unit": "11000",
        "price_unit": "ML"
      }
    ]
  },
  {
    "source_url": "https://www.woolworths.com.au/shop/productdetails/1074649467/annemarie-borlind-ll-regeneration-system-vitality-gentle-cleansing-milk-150ml-5-07oz",
    "name": "Annemarie Borlind LL Regeneration System Vitality Gentle Cleansing Milk 150ml/5.07oz",
    "image_url": "https://cdn1.woolworths.media/content/wowproductimages/large/1074649467.jpg",
    "source_id": "Woolworths - 1074649467",
    "barcode": null,
    "shop": "Woolworths",
    "weight": "100ML",
    "prices": [
      {
        "state": "NSW",
        "price": "5300",
        "price_per_unit": "3533",
        "price_unit": "ML"
      },
      {
        "state": "VIC",
        "price": "5300",
        "price_per_unit": "3533",
        "price_unit": "ML"
      },
      {
        "state": "QLD",
        "price": "5300",
        "price_per_unit": "3533",
        "price_unit": "ML"
      },
      {
        "state": "WA",
        "price": "5300",
        "price_per_unit": "3533",
        "price_unit": "ML"
      },
      {
        "state": "SA",
        "price": "5300",
        "price_per_unit": "3533",
        "price_unit": "ML"
      },
      {
        "state": "TAS",
        "price": "5300",
        "price_per_unit": "3533",
        "price_unit": "ML"
      },
      {
        "state": "ACT",
        "price": "5300",
        "price_per_unit": "3533",
        "price_unit": "ML"
      },
      {
        "state": "NT",
        "price": "5300",
        "price_per_unit": "3533",
        "price_unit": "ML"
      }
    ]
  },
  {
    "source_url": "https://www.woolworths.com.au/shop/productdetails/1074649479/annemarie-borlind-naturoyale-system-biolifting-cleansing-for-mature-skin-125ml-4-22oz",
    "name": "Annemarie Borlind Naturoyale System Biolifting Cleansing - For Mature Skin 125ml/4.22oz",
    "image_url": "https://cdn1.woolworths.media/content/wowproductimages/large/1074649479.jpg",
    "source_id": "Woolworths - 1074649479",
    "barcode": null,
    "shop": "Woolworths",
    "weight": "100ML",
    "prices": [
      {
        "state": "NSW",
        "price": "7600",
        "price_per_unit": "6080",
        "price_unit": "ML"
      },
      {
        "state": "VIC",
        "price": "7600",
        "price_per_unit": "6080",
        "price_unit": "ML"
      },
      {
        "state": "QLD",
        "price": "7600",
        "price_per_unit": "6080",
        "price_unit": "ML"
      },
      {
        "state": "WA",
        "price": "7600",
        "price_per_unit": "6080",
        "price_unit": "ML"
      },
      {
        "state": "SA",
        "price": "7600",
        "price_per_unit": "6080",
        "price_unit": "ML"
      },
      {
        "state": "TAS",
        "price": "7600",
        "price_per_unit": "6080",
        "price_unit": "ML"
      },
      {
        "state": "ACT",
        "price": "7600",
        "price_per_unit": "6080",
        "price_unit": "ML"
      },
      {
        "state": "NT",
        "price": "7600",
        "price_per_unit": "6080",
        "price_unit": "ML"
      }
    ]
  },
  {
    "source_url": "https://www.woolworths.com.au/shop/productdetails/1074649488/annemarie-borlind-purifying-care-system-cleansing-anti-pimple-roll-on-10ml-0-33oz",
    "name": "Annemarie Borlind Purifying Care System Cleansing Anti-Pimple Roll-On 10ml/0.33oz",
    "image_url": "https://cdn1.woolworths.media/content/wowproductimages/large/1074649488.jpg",
    "source_id": "Woolworths - 1074649488",
    "barcode": null,
    "shop": "Woolworths",
    "weight": "100ML",
    "prices": [
      {
        "state": "NSW",
        "price": "2900",
        "price_per_unit": "29000",
        "price_unit": "ML"
      },
      {
        "state": "VIC",
        "price": "2900",
        "price_per_unit": "29000",
        "price_unit": "ML"
      },
      {
        "state": "QLD",
        "price": "2900",
        "price_per_unit": "29000",
        "price_unit": "ML"
      },
      {
        "state": "WA",
        "price": "2900",
        "price_per_unit": "29000",
        "price_unit": "ML"
      },
      {
        "state": "SA",
        "price": "2900",
        "price_per_unit": "29000",
        "price_unit": "ML"
      },
      {
        "state": "TAS",
        "price": "2900",
        "price_per_unit": "29000",
        "price_unit": "ML"
      },
      {
        "state": "ACT",
        "price": "2900",
        "price_per_unit": "29000",
        "price_unit": "ML"
      },
      {
        "state": "NT",
        "price": "2900",
        "price_per_unit": "29000",
        "price_unit": "ML"
      }
    ]
  },
  {
    "source_url": "https://www.woolworths.com.au/shop/productdetails/1074649489/annemarie-borlind-purifying-care-system-cleansing-astringent-toner-for-oily-or-acne-prone-skin-150ml-5-07oz",
    "name": "Annemarie Borlind Purifying Care System Cleansing Astringent Toner - For Oily or Acne-Prone Skin 150ml/5.07oz",
    "image_url": "https://cdn1.woolworths.media/content/wowproductimages/large/1074649489.jpg",
    "source_id": "Woolworths - 1074649489",
    "barcode": null,
    "shop": "Woolworths",
    "weight": "100ML",
    "prices": [
      {
        "state": "NSW",
        "price": "3900",
        "price_per_unit": "2600",
        "price_unit": "ML"
      },
      {
        "state": "VIC",
        "price": "3900",
        "price_per_unit": "2600",
        "price_unit": "ML"
      },
      {
        "state": "QLD",
        "price": "3900",
        "price_per_unit": "2600",
        "price_unit": "ML"
      },
      {
        "state": "WA",
        "price": "3900",
        "price_per_unit": "2600",
        "price_unit": "ML"
      },
      {
        "state": "SA",
        "price": "3900",
        "price_per_unit": "2600",
        "price_unit": "ML"
      },
      {
        "state": "TAS",
        "price": "3900",
        "price_per_unit": "2600",
        "price_unit": "ML"
      },
      {
        "state": "ACT",
        "price": "3900",
        "price_per_unit": "2600",
        "price_unit": "ML"
      },
      {
        "state": "NT",
        "price": "3900",
        "price_per_unit": "2600",
        "price_unit": "ML"
      }
    ]
  },
  {
    "source_url": "https://www.woolworths.com.au/shop/productdetails/1074649491/annemarie-borlind-purifying-care-system-cleansing-regulating-face-care-for-oily-or-acne-prone-skin-75ml-2-53oz",
    "name": "Annemarie Borlind Purifying Care System Cleansing Regulating Face Care - For Oily or Acne-Prone Skin 75ml/2.53oz",
    "image_url": "https://cdn1.woolworths.media/content/wowproductimages/large/1074649491.jpg",
    "source_id": "Woolworths - 1074649491",
    "barcode": null,
    "shop": "Woolworths",
    "weight": "100ML",
    "prices": [
      {
        "state": "NSW",
        "price": "4200",
        "price_per_unit": "5600",
        "price_unit": "ML"
      },
      {
        "state": "VIC",
        "price": "4200",
        "price_per_unit": "5600",
        "price_unit": "ML"
      },
      {
        "state": "QLD",
        "price": "4200",
        "price_per_unit": "5600",
        "price_unit": "ML"
      },
      {
        "state": "WA",
        "price": "4200",
        "price_per_unit": "5600",
        "price_unit": "ML"
      },
      {
        "state": "SA",
        "price": "4200",
        "price_per_unit": "5600",
        "price_unit": "ML"
      },
      {
        "state": "TAS",
        "price": "4200",
        "price_per_unit": "5600",
        "price_unit": "ML"
      },
      {
        "state": "ACT",
        "price": "4200",
        "price_per_unit": "5600",
        "price_unit": "ML"
      },
      {
        "state": "NT",
        "price": "4200",
        "price_per_unit": "5600",
        "price_unit": "ML"
      }
    ]
  },
  {
    "source_url": "https://www.woolworths.com.au/shop/productdetails/1074649507/annemarie-borlind-system-absolute-system-anti-aging-gentle-cleansing-lotion-for-mature-skin-120ml-4-06oz",
    "name": "Annemarie Borlind System Absolute System Anti-Aging Gentle Cleansing Lotion - For Mature Skin 120ml/4.06oz",
    "image_url": "https://cdn1.woolworths.media/content/wowproductimages/large/1074649507.jpg",
    "source_id": "Woolworths - 1074649507",
    "barcode": null,
    "shop": "Woolworths",
    "weight": "100ML",
    "prices": [
      {
        "state": "NSW",
        "price": "5900",
        "price_per_unit": "4917",
        "price_unit": "ML"
      },
      {
        "state": "VIC",
        "price": "5900",
        "price_per_unit": "4917",
        "price_unit": "ML"
      },
      {
        "state": "QLD",
        "price": "5900",
        "price_per_unit": "4917",
        "price_unit": "ML"
      },
      {
        "state": "WA",
        "price": "5900",
        "price_per_unit": "4917",
        "price_unit": "ML"
      },
      {
        "state": "SA",
        "price": "5900",
        "price_per_unit": "4917",
        "price_unit": "ML"
      },
      {
        "state": "TAS",
        "price": "5900",
        "price_per_unit": "4917",
        "price_unit": "ML"
      },
      {
        "state": "ACT",
        "price": "5900",
        "price_per_unit": "4917",
        "price_unit": "ML"
      },
      {
        "state": "NT",
        "price": "5900",
        "price_per_unit": "4917",
        "price_unit": "ML"
      }
    ]
  },
  {
    "source_url": "https://www.woolworths.com.au/shop/productdetails/1074649524/annemarie-borlind-zz-sensitive-system-anti-stress-mild-cleansing-emulsion-for-sensitive-skin-150ml-5-07oz",
    "name": "Annemarie Borlind ZZ Sensitive System Anti-Stress Mild Cleansing Emulsion - For Sensitive Skin 150ml/5.07oz",
    "image_url": "https://cdn1.woolworths.media/content/wowproductimages/large/1074649524.jpg",
    "source_id": "Woolworths - 1074649524",
    "barcode": null,
    "shop": "Woolworths",
    "weight": "100ML",
    "prices": [
      {
        "state": "NSW",
        "price": "4500",
        "price_per_unit": "3000",
        "price_unit": "ML"
      },
      {
        "state": "VIC",
        "price": "4500",
        "price_per_unit": "3000",
        "price_unit": "ML"
      },
      {
        "state": "QLD",
        "price": "4500",
        "price_per_unit": "3000",
        "price_unit": "ML"
      },
      {
        "state": "WA",
        "price": "4500",
        "price_per_unit": "3000",
        "price_unit": "ML"
      },
      {
        "state": "SA",
        "price": "4500",
        "price_per_unit": "3000",
        "price_unit": "ML"
      },
      {
        "state": "TAS",
        "price": "4500",
        "price_per_unit": "3000",
        "price_unit": "ML"
      },
      {
        "state": "ACT",
        "price": "4500",
        "price_per_unit": "3000",
        "price_unit": "ML"
      },
      {
        "state": "NT",
        "price": "4500",
        "price_per_unit": "3000",
        "price_unit": "ML"
      }
    ]
  },
  {
    "source_url": "https://www.woolworths.com.au/shop/productdetails/1073901010/antibeauty-fragile-calming-bundle-skincare-with-aloe-vera-for-sensitive-and-delicate-skin-2-pack",
    "name": "AntiBeauty Fragile Calming Bundle, Skincare with Aloe Vera for Sensitive and Delicate Skin 2 Pack",
    "image_url": "https://cdn1.woolworths.media/content/wowproductimages/large/1073901010.jpg",
    "source_id": "Woolworths - 1073901010",
    "barcode": null,
    "shop": "Woolworths",
    "weight": "100ML",
    "prices": [
      {
        "state": "NSW",
        "price": "11800",
        "price_per_unit": "4538",
        "price_unit": "ML"
      },
      {
        "state": "VIC",
        "price": "11800",
        "price_per_unit": "4538",
        "price_unit": "ML"
      },
      {
        "state": "QLD",
        "price": "11800",
        "price_per_unit": "4538",
        "price_unit": "ML"
      },
      {
        "state": "WA",
        "price": "11800",
        "price_per_unit": "4538",
        "price_unit": "ML"
      },
      {
        "state": "SA",
        "price": "11800",
        "price_per_unit": "4538",
        "price_unit": "ML"
      },
      {
        "state": "TAS",
        "price": "11800",
        "price_per_unit": "4538",
        "price_unit": "ML"
      },
      {
        "state": "ACT",
        "price": "11800",
        "price_per_unit": "4538",
        "price_unit": "ML"
      },
      {
        "state": "NT",
        "price": "11800",
        "price_per_unit": "4538",
        "price_unit": "ML"
      }
    ]
  },
  {
    "source_url": "https://www.woolworths.com.au/shop/productdetails/1073900978/antibeauty-fragile-calming-cleanser-for-sensitive-skin-nourishing-and-revitalising-skincare-200ml",
    "name": "AntiBeauty Fragile Calming Cleanser for Sensitive Skin, Nourishing and Revitalising Skincare 200ml",
    "image_url": "https://cdn1.woolworths.media/content/wowproductimages/large/1073900978.jpg",
    "source_id": "Woolworths - 1073900978",
    "barcode": null,
    "shop": "Woolworths",
    "weight": "100ML",
    "prices": [
      {
        "state": "NSW",
        "price": "4690",
        "price_per_unit": "2345",
        "price_unit": "ML"
      },
      {
        "state": "VIC",
        "price": "4690",
        "price_per_unit": "2345",
        "price_unit": "ML"
      },
      {
        "state": "QLD",
        "price": "4690",
        "price_per_unit": "2345",
        "price_unit": "ML"
      },
      {
        "state": "WA",
        "price": "4690",
        "price_per_unit": "2345",
        "price_unit": "ML"
      },
      {
        "state": "SA",
        "price": "4690",
        "price_per_unit": "2345",
        "price_unit": "ML"
      },
      {
        "state": "TAS",
        "price": "4690",
        "price_per_unit": "2345",
        "price_unit": "ML"
      },
      {
        "state": "ACT",
        "price": "4690",
        "price_per_unit": "2345",
        "price_unit": "ML"
      },
      {
        "state": "NT",
        "price": "4690",
        "price_per_unit": "2345",
        "price_unit": "ML"
      }
    ]
  },
  {
    "source_url": "https://www.woolworths.com.au/shop/productdetails/1073900979/antibeauty-fragile-soothing-toning-mist-skincare-for-sensitive-skin-with-aloe-vera-125ml",
    "name": "AntiBeauty Fragile Soothing Toning Mist, Skincare for Sensitive Skin with Aloe Vera 125ml",
    "image_url": "https://cdn1.woolworths.media/content/wowproductimages/large/1073900979.jpg",
    "source_id": "Woolworths - 1073900979",
    "barcode": null,
    "shop": "Woolworths",
    "weight": "100ML",
    "prices": [
      {
        "state": "NSW",
        "price": "3290",
        "price_per_unit": "2632",
        "price_unit": "ML"
      },
      {
        "state": "VIC",
        "price": "3290",
        "price_per_unit": "2632",
        "price_unit": "ML"
      },
      {
        "state": "QLD",
        "price": "3290",
        "price_per_unit": "2632",
        "price_unit": "ML"
      },
      {
        "state": "WA",
        "price": "3290",
        "price_per_unit": "2632",
        "price_unit": "ML"
      },
      {
        "state": "SA",
        "price": "3290",
        "price_per_unit": "2632",
        "price_unit": "ML"
      },
      {
        "state": "TAS",
        "price": "3290",
        "price_per_unit": "2632",
        "price_unit": "ML"
      },
      {
        "state": "ACT",
        "price": "3290",
        "price_per_unit": "2632",
        "price_unit": "ML"
      },
      {
        "state": "NT",
        "price": "3290",
        "price_per_unit": "2632",
        "price_unit": "ML"
      }
    ]
  },
  {
    "source_url": "https://www.woolworths.com.au/shop/productdetails/1073900988/antibeauty-potent-ageless-bundle-100-vegan-skincare-for-ageing-and-sensitive-skin-4-pack",
    "name": "AntiBeauty Potent Ageless Bundle, 100% Vegan Skincare for Ageing and Sensitive Skin 4 Pack",
    "image_url": "https://cdn1.woolworths.media/content/wowproductimages/large/1073900988.jpg",
    "source_id": "Woolworths - 1073900988",
    "barcode": null,
    "shop": "Woolworths",
    "weight": "100ML",
    "prices": [
      {
        "state": "NSW",
        "price": "22900",
        "price_per_unit": "5518",
        "price_unit": "ML"
      },
      {
        "state": "VIC",
        "price": "22900",
        "price_per_unit": "5518",
        "price_unit": "ML"
      },
      {
        "state": "QLD",
        "price": "22900",
        "price_per_unit": "5518",
        "price_unit": "ML"
      },
      {
        "state": "WA",
        "price": "22900",
        "price_per_unit": "5518",
        "price_unit": "ML"
      },
      {
        "state": "SA",
        "price": "22900",
        "price_per_unit": "5518",
        "price_unit": "ML"
      },
      {
        "state": "TAS",
        "price": "22900",
        "price_per_unit": "5518",
        "price_unit": "ML"
      },
      {
        "state": "ACT",
        "price": "22900",
        "price_per_unit": "5518",
        "price_unit": "ML"
      },
      {
        "state": "NT",
        "price": "22900",
        "price_per_unit": "5518",
        "price_unit": "ML"
      }
    ]
  },
  {
    "source_url": "https://www.woolworths.com.au/shop/productdetails/1073901011/antibeauty-potent-ageless-bundle-skincare-with-co-ezyme-q10-for-ageing-and-mature-skin-2-pack",
    "name": "AntiBeauty Potent Ageless Bundle, Skincare with Co-Ezyme Q10 for Ageing and Mature Skin 2 Pack",
    "image_url": "https://cdn1.woolworths.media/content/wowproductimages/large/1073901011.jpg",
    "source_id": "Woolworths - 1073901011",
    "barcode": null,
    "shop": "Woolworths",
    "weight": "100ML",
    "prices": [
      {
        "state": "NSW",
        "price": "11800",
        "price_per_unit": "4538",
        "price_unit": "ML"
      },
      {
        "state": "VIC",
        "price": "11800",
        "price_per_unit": "4538",
        "price_unit": "ML"
      },
      {
        "state": "QLD",
        "price": "11800",
        "price_per_unit": "4538",
        "price_unit": "ML"
      },
      {
        "state": "WA",
        "price": "11800",
        "price_per_unit": "4538",
        "price_unit": "ML"
      },
      {
        "state": "SA",
        "price": "11800",
        "price_per_unit": "4538",
        "price_unit": "ML"
      },
      {
        "state": "TAS",
        "price": "11800",
        "price_per_unit": "4538",
        "price_unit": "ML"
      },
      {
        "state": "ACT",
        "price": "11800",
        "price_per_unit": "4538",
        "price_unit": "ML"
      },
      {
        "state": "NT",
        "price": "11800",
        "price_per_unit": "4538",
        "price_unit": "ML"
      }
    ]
  },
  {
    "source_url": "https://www.woolworths.com.au/shop/productdetails/1073900991/antibeauty-potent-spot-perfector-100-vegan-skincare-with-aloe-vera-for-all-skin-types-30ml",
    "name": "AntiBeauty Potent Spot Perfector, 100% Vegan Skincare with Aloe Vera for All Skin Types 30ml",
    "image_url": "https://cdn1.woolworths.media/content/wowproductimages/large/1073900991.jpg",
    "source_id": "Woolworths - 1073900991",
    "barcode": null,
    "shop": "Woolworths",
    "weight": "100ML",
    "prices": [
      {
        "state": "NSW",
        "price": "7700",
        "price_per_unit": "25667",
        "price_unit": "ML"
      },
      {
        "state": "VIC",
        "price": "7700",
        "price_per_unit": "25667",
        "price_unit": "ML"
      },
      {
        "state": "QLD",
        "price": "7700",
        "price_per_unit": "25667",
        "price_unit": "ML"
      },
      {
        "state": "WA",
        "price": "7700",
        "price_per_unit": "25667",
        "price_unit": "ML"
      },
      {
        "state": "SA",
        "price": "7700",
        "price_per_unit": "25667",
        "price_unit": "ML"
      },
      {
        "state": "TAS",
        "price": "7700",
        "price_per_unit": "25667",
        "price_unit": "ML"
      },
      {
        "state": "ACT",
        "price": "7700",
        "price_per_unit": "25667",
        "price_unit": "ML"
      },
      {
        "state": "NT",
        "price": "7700",
        "price_per_unit": "25667",
        "price_unit": "ML"
      }
    ]
  },
  {
    "source_url": "https://www.woolworths.com.au/shop/productdetails/1073900976/antibeauty-reveal-clarifying-exfoliating-toning-mist-skincare-for-oily-and-problematic-skin-125ml",
    "name": "AntiBeauty Reveal Clarifying Exfoliating Toning Mist, Skincare for Oily and Problematic Skin 125ml",
    "image_url": "https://cdn1.woolworths.media/content/wowproductimages/large/1073900976.jpg",
    "source_id": "Woolworths - 1073900976",
    "barcode": null,
    "shop": "Woolworths",
    "weight": "100ML",
    "prices": [
      {
        "state": "NSW",
        "price": "3290",
        "price_per_unit": "2632",
        "price_unit": "ML"
      },
      {
        "state": "VIC",
        "price": "3290",
        "price_per_unit": "2632",
        "price_unit": "ML"
      },
      {
        "state": "QLD",
        "price": "3290",
        "price_per_unit": "2632",
        "price_unit": "ML"
      },
      {
        "state": "WA",
        "price": "3290",
        "price_per_unit": "2632",
        "price_unit": "ML"
      },
      {
        "state": "SA",
        "price": "3290",
        "price_per_unit": "2632",
        "price_unit": "ML"
      },
      {
        "state": "TAS",
        "price": "3290",
        "price_per_unit": "2632",
        "price_unit": "ML"
      },
      {
        "state": "ACT",
        "price": "3290",
        "price_per_unit": "2632",
        "price_unit": "ML"
      },
      {
        "state": "NT",
        "price": "3290",
        "price_per_unit": "2632",
        "price_unit": "ML"
      }
    ]
  },
  {
    "source_url": "https://www.woolworths.com.au/shop/productdetails/1073900975/antibeauty-reveal-purifying-and-exfoliating-cleanser-skincare-for-oily-and-problematic-skin-200ml",
    "name": "AntiBeauty Reveal Purifying and Exfoliating Cleanser, Skincare for Oily and Problematic Skin 200ml",
    "image_url": "https://cdn1.woolworths.media/content/wowproductimages/large/1073900975.jpg",
    "source_id": "Woolworths - 1073900975",
    "barcode": null,
    "shop": "Woolworths",
    "weight": "100ML",
    "prices": [
      {
        "state": "NSW",
        "price": "4690",
        "price_per_unit": "2345",
        "price_unit": "ML"
      },
      {
        "state": "VIC",
        "price": "4690",
        "price_per_unit": "2345",
        "price_unit": "ML"
      },
      {
        "state": "QLD",
        "price": "4690",
        "price_per_unit": "2345",
        "price_unit": "ML"
      },
      {
        "state": "WA",
        "price": "4690",
        "price_per_unit": "2345",
        "price_unit": "ML"
      },
      {
        "state": "SA",
        "price": "4690",
        "price_per_unit": "2345",
        "price_unit": "ML"
      },
      {
        "state": "TAS",
        "price": "4690",
        "price_per_unit": "2345",
        "price_unit": "ML"
      },
      {
        "state": "ACT",
        "price": "4690",
        "price_per_unit": "2345",
        "price_unit": "ML"
      },
      {
        "state": "NT",
        "price": "4690",
        "price_per_unit": "2345",
        "price_unit": "ML"
      }
    ]
  },
  {
    "source_url": "https://www.woolworths.com.au/shop/productdetails/1073900986/antibeauty-reveal-purifying-bundle-100-vegan-skincare-for-oily-and-problematic-skin-4-pack",
    "name": "AntiBeauty Reveal Purifying Bundle, 100% Vegan Skincare for Oily and Problematic Skin 4 Pack",
    "image_url": "https://cdn1.woolworths.media/content/wowproductimages/large/1073900986.jpg",
    "source_id": "Woolworths - 1073900986",
    "barcode": null,
    "shop": "Woolworths",
    "weight": "100ML",
    "prices": [
      {
        "state": "NSW",
        "price": "22900",
        "price_per_unit": "5518",
        "price_unit": "ML"
      },
      {
        "state": "VIC",
        "price": "22900",
        "price_per_unit": "5518",
        "price_unit": "ML"
      },
      {
        "state": "QLD",
        "price": "22900",
        "price_per_unit": "5518",
        "price_unit": "ML"
      },
      {
        "state": "WA",
        "price": "22900",
        "price_per_unit": "5518",
        "price_unit": "ML"
      },
      {
        "state": "SA",
        "price": "22900",
        "price_per_unit": "5518",
        "price_unit": "ML"
      },
      {
        "state": "TAS",
        "price": "22900",
        "price_per_unit": "5518",
        "price_unit": "ML"
      },
      {
        "state": "ACT",
        "price": "22900",
        "price_per_unit": "5518",
        "price_unit": "ML"
      },
      {
        "state": "NT",
        "price": "22900",
        "price_per_unit": "5518",
        "price_unit": "ML"
      }
    ]
  },
  {
    "source_url": "https://www.woolworths.com.au/shop/productdetails/1073901009/antibeauty-reveal-purifying-bundle-moisturising-skincare-for-oily-and-problematic-skin-2-pack",
    "name": "AntiBeauty Reveal Purifying Bundle, Moisturising Skincare for Oily and Problematic Skin 2 Pack",
    "image_url": "https://cdn1.woolworths.media/content/wowproductimages/large/1073901009.jpg",
    "source_id": "Woolworths - 1073901009",
    "barcode": null,
    "shop": "Woolworths",
    "weight": "100ML",
    "prices": [
      {
        "state": "NSW",
        "price": "11800",
        "price_per_unit": "4538",
        "price_unit": "ML"
      },
      {
        "state": "VIC",
        "price": "11800",
        "price_per_unit": "4538",
        "price_unit": "ML"
      },
      {
        "state": "QLD",
        "price": "11800",
        "price_per_unit": "4538",
        "price_unit": "ML"
      },
      {
        "state": "WA",
        "price": "11800",
        "price_per_unit": "4538",
        "price_unit": "ML"
      },
      {
        "state": "SA",
        "price": "11800",
        "price_per_unit": "4538",
        "price_unit": "ML"
      },
      {
        "state": "TAS",
        "price": "11800",
        "price_per_unit": "4538",
        "price_unit": "ML"
      },
      {
        "state": "ACT",
        "price": "11800",
        "price_per_unit": "4538",
        "price_unit": "ML"
      },
      {
        "state": "NT",
        "price": "11800",
        "price_per_unit": "4538",
        "price_unit": "ML"
      }
    ]
  },
  {
    "source_url": "https://www.woolworths.com.au/shop/productdetails/1073900971/antibeauty-saturate-refreshing-toning-mist-skincare-for-normal-and-dry-skin-125ml",
    "name": "AntiBeauty Saturate Refreshing Toning Mist, Skincare For Normal And Dry Skin 125ml",
    "image_url": "https://cdn1.woolworths.media/content/wowproductimages/large/1073900971.jpg",
    "source_id": "Woolworths - 1073900971",
    "barcode": null,
    "shop": "Woolworths",
    "weight": "100ML",
    "prices": [
      {
        "state": "NSW",
        "price": "3290",
        "price_per_unit": "2632",
        "price_unit": "ML"
      },
      {
        "state": "VIC",
        "price": "3290",
        "price_per_unit": "2632",
        "price_unit": "ML"
      },
      {
        "state": "QLD",
        "price": "3290",
        "price_per_unit": "2632",
        "price_unit": "ML"
      },
      {
        "state": "WA",
        "price": "3290",
        "price_per_unit": "2632",
        "price_unit": "ML"
      },
      {
        "state": "SA",
        "price": "3290",
        "price_per_unit": "2632",
        "price_unit": "ML"
      },
      {
        "state": "TAS",
        "price": "3290",
        "price_per_unit": "2632",
        "price_unit": "ML"
      },
      {
        "state": "ACT",
        "price": "3290",
        "price_per_unit": "2632",
        "price_unit": "ML"
      },
      {
        "state": "NT",
        "price": "3290",
        "price_per_unit": "2632",
        "price_unit": "ML"
      }
    ]
  },
  {
    "source_url": "https://www.woolworths.com.au/shop/productdetails/1075344893/antipodes-ananda-antioxidant-rich-gentle-toner-100ml",
    "name": "Antipodes Ananda Antioxidant-Rich Gentle Toner 100ml",
    "image_url": "https://cdn1.woolworths.media/content/wowproductimages/large/1075344893.jpg",
    "source_id": "Woolworths - 1075344893",
    "barcode": null,
    "shop": "Woolworths",
    "weight": "100ML",
    "prices": [
      {
        "state": "NSW",
        "price": "2850",
        "price_per_unit": "2850",
        "price_unit": "ML"
      },
      {
        "state": "VIC",
        "price": "2850",
        "price_per_unit": "2850",
        "price_unit": "ML"
      },
      {
        "state": "QLD",
        "price": "2850",
        "price_per_unit": "2850",
        "price_unit": "ML"
      },
      {
        "state": "WA",
        "price": "2850",
        "price_per_unit": "2850",
        "price_unit": "ML"
      },
      {
        "state": "SA",
        "price": "2850",
        "price_per_unit": "2850",
        "price_unit": "ML"
      },
      {
        "state": "TAS",
        "price": "2850",
        "price_per_unit": "2850",
        "price_unit": "ML"
      },
      {
        "state": "ACT",
        "price": "2850",
        "price_per_unit": "2850",
        "price_unit": "ML"
      },
      {
        "state": "NT",
        "price": "2850",
        "price_per_unit": "2850",
        "price_unit": "ML"
      }
    ]
  },
  {
    "source_url": "https://www.woolworths.com.au/shop/productdetails/1075346845/antipodes-avocado-pear-nourishing-night-cream-mini-15ml",
    "name": "Antipodes Avocado Pear Nourishing Night Cream Mini 15ml",
    "image_url": "https://cdn1.woolworths.media/content/wowproductimages/large/1075346845.jpg",
    "source_id": "Woolworths - 1075346845",
    "barcode": null,
    "shop": "Woolworths",
    "weight": "100ML",
    "prices": [
      {
        "state": "NSW",
        "price": "1445",
        "price_per_unit": "9633",
        "price_unit": "ML"
      },
      {
        "state": "VIC",
        "price": "1445",
        "price_per_unit": "9633",
        "price_unit": "ML"
      },
      {
        "state": "QLD",
        "price": "1445",
        "price_per_unit": "9633",
        "price_unit": "ML"
      },
      {
        "state": "WA",
        "price": "1445",
        "price_per_unit": "9633",
        "price_unit": "ML"
      },
      {
        "state": "SA",
        "price": "1445",
        "price_per_unit": "9633",
        "price_unit": "ML"
      },
      {
        "state": "TAS",
        "price": "1445",
        "price_per_unit": "9633",
        "price_unit": "ML"
      },
      {
        "state": "ACT",
        "price": "1445",
        "price_per_unit": "9633",
        "price_unit": "ML"
      },
      {
        "state": "NT",
        "price": "1445",
        "price_per_unit": "9633",
        "price_unit": "ML"
      }
    ]
  },
  {
    "source_url": "https://www.woolworths.com.au/shop/productdetails/1075347669/antipodes-culture-probiotic-night-recovery-water-cream-15ml",
    "name": "Antipodes Culture Probiotic Night Recovery Water Cream 15ml",
    "image_url": "https://cdn1.woolworths.media/content/wowproductimages/large/1075347669.jpg",
    "source_id": "Woolworths - 1075347669",
    "barcode": null,
    "shop": "Woolworths",
    "weight": "100ML",
    "prices": [
      {
        "state": "NSW",
        "price": "1445",
        "price_per_unit": "9633",
        "price_unit": "ML"
      },
      {
        "state": "VIC",
        "price": "1445",
        "price_per_unit": "9633",
        "price_unit": "ML"
      },
      {
        "state": "QLD",
        "price": "1445",
        "price_per_unit": "9633",
        "price_unit": "ML"
      },
      {
        "state": "WA",
        "price": "1445",
        "price_per_unit": "9633",
        "price_unit": "ML"
      },
      {
        "state": "SA",
        "price": "1445",
        "price_per_unit": "9633",
        "price_unit": "ML"
      },
      {
        "state": "TAS",
        "price": "1445",
        "price_per_unit": "9633",
        "price_unit": "ML"
      },
      {
        "state": "ACT",
        "price": "1445",
        "price_per_unit": "9633",
        "price_unit": "ML"
      },
      {
        "state": "NT",
        "price": "1445",
        "price_per_unit": "9633",
        "price_unit": "ML"
      }
    ]
  },
  {
    "source_url": "https://www.woolworths.com.au/shop/productdetails/1075346030/antipodes-diem-vitamin-c-pigment-correcting-water-cream-60ml",
    "name": "Antipodes Diem Vitamin C Pigment-Correcting Water Cream 60ml",
    "image_url": "https://cdn1.woolworths.media/content/wowproductimages/large/1075346030.jpg",
    "source_id": "Woolworths - 1075346030",
    "barcode": null,
    "shop": "Woolworths",
    "weight": "100ML",
    "prices": [
      {
        "state": "NSW",
        "price": "4650",
        "price_per_unit": "7750",
        "price_unit": "ML"
      },
      {
        "state": "VIC",
        "price": "4650",
        "price_per_unit": "7750",
        "price_unit": "ML"
      },
      {
        "state": "QLD",
        "price": "4650",
        "price_per_unit": "7750",
        "price_unit": "ML"
      },
      {
        "state": "WA",
        "price": "4650",
        "price_per_unit": "7750",
        "price_unit": "ML"
      },
      {
        "state": "SA",
        "price": "4650",
        "price_per_unit": "7750",
        "price_unit": "ML"
      },
      {
        "state": "TAS",
        "price": "4650",
        "price_per_unit": "7750",
        "price_unit": "ML"
      },
      {
        "state": "ACT",
        "price": "4650",
        "price_per_unit": "7750",
        "price_unit": "ML"
      },
      {
        "state": "NT",
        "price": "4650",
        "price_per_unit": "7750",
        "price_unit": "ML"
      }
    ]
  },
  {
    "source_url": "https://www.woolworths.com.au/shop/productdetails/1075592517/antipodes-glory-vitamin-c-triple-action-glow-toner-100ml",
    "name": "Antipodes Glory Vitamin C Triple-Action Glow Toner 100ml",
    "image_url": "https://cdn1.woolworths.media/content/wowproductimages/large/1075592517.jpg",
    "source_id": "Woolworths - 1075592517",
    "barcode": null,
    "shop": "Woolworths",
    "weight": "100ML",
    "prices": [
      {
        "state": "NSW",
        "price": "8690",
        "price_per_unit": "8690",
        "price_unit": "ML"
      },
      {
        "state": "VIC",
        "price": "8690",
        "price_per_unit": "8690",
        "price_unit": "ML"
      },
      {
        "state": "QLD",
        "price": "8690",
        "price_per_unit": "8690",
        "price_unit": "ML"
      },
      {
        "state": "WA",
        "price": "8690",
        "price_per_unit": "8690",
        "price_unit": "ML"
      },
      {
        "state": "SA",
        "price": "8690",
        "price_per_unit": "8690",
        "price_unit": "ML"
      },
      {
        "state": "TAS",
        "price": "8690",
        "price_per_unit": "8690",
        "price_unit": "ML"
      },
      {
        "state": "ACT",
        "price": "8690",
        "price_per_unit": "8690",
        "price_unit": "ML"
      },
      {
        "state": "NT",
        "price": "8690",
        "price_per_unit": "8690",
        "price_unit": "ML"
      }
    ]
  },
  {
    "source_url": "https://www.woolworths.com.au/shop/productdetails/1075797921/antipodes-glory-vitamin-c-triple-action-glow-toner-100ml",
    "name": "Antipodes Glory Vitamin C Triple-Action Glow Toner 100ml",
    "image_url": "https://cdn1.woolworths.media/content/wowproductimages/large/1075797921.jpg",
    "source_id": "Woolworths - 1075797921",
    "barcode": null,
    "shop": "Woolworths",
    "weight": "100ML",
    "prices": [
      {
        "state": "NSW",
        "price": "2850",
        "price_per_unit": "3800",
        "price_unit": "ML"
      },
      {
        "state": "VIC",
        "price": "2850",
        "price_per_unit": "3800",
        "price_unit": "ML"
      },
      {
        "state": "QLD",
        "price": "2850",
        "price_per_unit": "3800",
        "price_unit": "ML"
      },
      {
        "state": "WA",
        "price": "2850",
        "price_per_unit": "3800",
        "price_unit": "ML"
      },
      {
        "state": "SA",
        "price": "2850",
        "price_per_unit": "3800",
        "price_unit": "ML"
      },
      {
        "state": "TAS",
        "price": "2850",
        "price_per_unit": "3800",
        "price_unit": "ML"
      },
      {
        "state": "ACT",
        "price": "2850",
        "price_per_unit": "3800",
        "price_unit": "ML"
      },
      {
        "state": "NT",
        "price": "2850",
        "price_per_unit": "3800",
        "price_unit": "ML"
      }
    ]
  },
  {
    "source_url": "https://www.woolworths.com.au/shop/productdetails/1075533847/antipodes-gospel-vitamin-c-skin-glow-gel-cleanser-200ml",
    "name": "Antipodes Gospel Vitamin C Skin-Glow Gel Cleanser 200mL",
    "image_url": "https://cdn1.woolworths.media/content/wowproductimages/large/1075533847.jpg",
    "source_id": "Woolworths - 1075533847",
    "barcode": null,
    "shop": "Woolworths",
    "weight": "100ML",
    "prices": [
      {
        "state": "NSW",
        "price": "4200",
        "price_per_unit": "2100",
        "price_unit": "ML"
      },
      {
        "state": "VIC",
        "price": "4200",
        "price_per_unit": "2100",
        "price_unit": "ML"
      },
      {
        "state": "QLD",
        "price": "4200",
        "price_per_unit": "2100",
        "price_unit": "ML"
      },
      {
        "state": "WA",
        "price": "4200",
        "price_per_unit": "2100",
        "price_unit": "ML"
      },
      {
        "state": "SA",
        "price": "4200",
        "price_per_unit": "2100",
        "price_unit": "ML"
      },
      {
        "state": "TAS",
        "price": "4200",
        "price_per_unit": "2100",
        "price_unit": "ML"
      },
      {
        "state": "ACT",
        "price": "4200",
        "price_per_unit": "2100",
        "price_unit": "ML"
      },
      {
        "state": "NT",
        "price": "4200",
        "price_per_unit": "2100",
        "price_unit": "ML"
      }
    ]
  },
  {
    "source_url": "https://www.woolworths.com.au/shop/productdetails/1075345962/antipodes-gospel-vitamin-c-skin-glow-gel-cleanser-200ml",
    "name": "Antipodes Gospel Vitamin C Skin-Glow Gel Cleanser 200ml",
    "image_url": "https://cdn1.woolworths.media/content/wowproductimages/large/1075345962.jpg",
    "source_id": "Woolworths - 1075345962",
    "barcode": null,
    "shop": "Woolworths",
    "weight": "100ML",
    "prices": [
      {
        "state": "NSW",
        "price": "3450",
        "price_per_unit": "1725",
        "price_unit": "ML"
      },
      {
        "state": "VIC",
        "price": "3450",
        "price_per_unit": "1725",
        "price_unit": "ML"
      },
      {
        "state": "QLD",
        "price": "3450",
        "price_per_unit": "1725",
        "price_unit": "ML"
      },
      {
        "state": "WA",
        "price": "3450",
        "price_per_unit": "1725",
        "price_unit": "ML"
      },
      {
        "state": "SA",
        "price": "3450",
        "price_per_unit": "1725",
        "price_unit": "ML"
      },
      {
        "state": "TAS",
        "price": "3450",
        "price_per_unit": "1725",
        "price_unit": "ML"
      },
      {
        "state": "ACT",
        "price": "3450",
        "price_per_unit": "1725",
        "price_unit": "ML"
      },
      {
        "state": "NT",
        "price": "3450",
        "price_per_unit": "1725",
        "price_unit": "ML"
      }
    ]
  },
  {
    "source_url": "https://www.woolworths.com.au/shop/productdetails/1074131583/antipodes-gospel-vitamin-c-skin-glow-gel-cleanser-200ml",
    "name": "Antipodes Gospel Vitamin C Skin-Glow Gel Cleanser 200ml",
    "image_url": "https://cdn1.woolworths.media/content/wowproductimages/large/1074131583.jpg",
    "source_id": "Woolworths - 1074131583",
    "barcode": null,
    "shop": "Woolworths",
    "weight": "100ML",
    "prices": [
      {
        "state": "NSW",
        "price": "9570",
        "price_per_unit": "4785",
        "price_unit": "ML"
      },
      {
        "state": "VIC",
        "price": "9570",
        "price_per_unit": "4785",
        "price_unit": "ML"
      },
      {
        "state": "QLD",
        "price": "9570",
        "price_per_unit": "4785",
        "price_unit": "ML"
      },
      {
        "state": "WA",
        "price": "9570",
        "price_per_unit": "4785",
        "price_unit": "ML"
      },
      {
        "state": "SA",
        "price": "9570",
        "price_per_unit": "4785",
        "price_unit": "ML"
      },
      {
        "state": "TAS",
        "price": "9570",
        "price_per_unit": "4785",
        "price_unit": "ML"
      },
      {
        "state": "ACT",
        "price": "9570",
        "price_per_unit": "4785",
        "price_unit": "ML"
      },
      {
        "state": "NT",
        "price": "9570",
        "price_per_unit": "4785",
        "price_unit": "ML"
      }
    ]
  },
  {
    "source_url": "https://www.woolworths.com.au/shop/productdetails/1075797826/antipodes-grace-gentle-cream-cleanser-makeup-remover-120ml",
    "name": "Antipodes Grace Gentle Cream Cleanser & Makeup Remover 120ml",
    "image_url": "https://cdn1.woolworths.media/content/wowproductimages/large/1075797826.jpg",
    "source_id": "Woolworths - 1075797826",
    "barcode": null,
    "shop": "Woolworths",
    "weight": "100G",
    "prices": [
      {
        "state": "NSW",
        "price": "3675",
        "price_per_unit": "91875",
        "price_unit": "G"
      },
      {
        "state": "VIC",
        "price": "3675",
        "price_per_unit": "91875",
        "price_unit": "G"
      },
      {
        "state": "QLD",
        "price": "3675",
        "price_per_unit": "91875",
        "price_unit": "G"
      },
      {
        "state": "WA",
        "price": "3675",
        "price_per_unit": "91875",
        "price_unit": "G"
      },
      {
        "state": "SA",
        "price": "3675",
        "price_per_unit": "91875",
        "price_unit": "G"
      },
      {
        "state": "TAS",
        "price": "3675",
        "price_per_unit": "91875",
        "price_unit": "G"
      },
      {
        "state": "ACT",
        "price": "3675",
        "price_per_unit": "91875",
        "price_unit": "G"
      },
      {
        "state": "NT",
        "price": "3675",
        "price_per_unit": "91875",
        "price_unit": "G"
      }
    ]
  },
  {
    "source_url": "https://www.woolworths.com.au/shop/productdetails/1075345036/antipodes-grapeseed-butter-cleanser-75g",
    "name": "Antipodes Grapeseed Butter Cleanser 75g",
    "image_url": "https://cdn1.woolworths.media/content/wowproductimages/large/1075345036.jpg",
    "source_id": "Woolworths - 1075345036",
    "barcode": null,
    "shop": "Woolworths",
    "weight": "100G",
    "prices": [
      {
        "state": "NSW",
        "price": "3975",
        "price_per_unit": "5300",
        "price_unit": "G"
      },
      {
        "state": "VIC",
        "price": "3975",
        "price_per_unit": "5300",
        "price_unit": "G"
      },
      {
        "state": "QLD",
        "price": "3975",
        "price_per_unit": "5300",
        "price_unit": "G"
      },
      {
        "state": "WA",
        "price": "3975",
        "price_per_unit": "5300",
        "price_unit": "G"
      },
      {
        "state": "SA",
        "price": "3975",
        "price_per_unit": "5300",
        "price_unit": "G"
      },
      {
        "state": "TAS",
        "price": "3975",
        "price_per_unit": "5300",
        "price_unit": "G"
      },
      {
        "state": "ACT",
        "price": "3975",
        "price_per_unit": "5300",
        "price_unit": "G"
      },
      {
        "state": "NT",
        "price": "3975",
        "price_per_unit": "5300",
        "price_unit": "G"
      }
    ]
  },
  {
    "source_url": "https://www.woolworths.com.au/shop/productdetails/1074137578/antipodes-hallelujah-lime-patchouli-facial-cleanser-makeup-remover-200ml",
    "name": "Antipodes Hallelujah Lime & Patchouli Facial Cleanser & Makeup Remover 200ml",
    "image_url": "https://cdn1.woolworths.media/content/wowproductimages/large/1074137578.jpg",
    "source_id": "Woolworths - 1074137578",
    "barcode": null,
    "shop": "Woolworths",
    "weight": "100ML",
    "prices": [
      {
        "state": "NSW",
        "price": "9570",
        "price_per_unit": "4785",
        "price_unit": "ML"
      },
      {
        "state": "VIC",
        "price": "9570",
        "price_per_unit": "4785",
        "price_unit": "ML"
      },
      {
        "state": "QLD",
        "price": "9570",
        "price_per_unit": "4785",
        "price_unit": "ML"
      },
      {
        "state": "WA",
        "price": "9570",
        "price_per_unit": "4785",
        "price_unit": "ML"
      },
      {
        "state": "SA",
        "price": "9570",
        "price_per_unit": "4785",
        "price_unit": "ML"
      },
      {
        "state": "TAS",
        "price": "9570",
        "price_per_unit": "4785",
        "price_unit": "ML"
      },
      {
        "state": "ACT",
        "price": "9570",
        "price_per_unit": "4785",
        "price_unit": "ML"
      },
      {
        "state": "NT",
        "price": "9570",
        "price_per_unit": "4785",
        "price_unit": "ML"
      }
    ]
  },
  {
    "source_url": "https://www.woolworths.com.au/shop/productdetails/1075345537/antipodes-hallelujah-lime-patchouli-facial-cleanser-200ml",
    "name": "Antipodes Hallelujah Lime & Patchouli Facial Cleanser 200ml",
    "image_url": "https://cdn1.woolworths.media/content/wowproductimages/large/1075345537.jpg",
    "source_id": "Woolworths - 1075345537",
    "barcode": null,
    "shop": "Woolworths",
    "weight": "100ML",
    "prices": [
      {
        "state": "NSW",
        "price": "3450",
        "price_per_unit": "1725",
        "price_unit": "ML"
      },
      {
        "state": "VIC",
        "price": "3450",
        "price_per_unit": "1725",
        "price_unit": "ML"
      },
      {
        "state": "QLD",
        "price": "3450",
        "price_per_unit": "1725",
        "price_unit": "ML"
      },
      {
        "state": "WA",
        "price": "3450",
        "price_per_unit": "1725",
        "price_unit": "ML"
      },
      {
        "state": "SA",
        "price": "3450",
        "price_per_unit": "1725",
        "price_unit": "ML"
      },
      {
        "state": "TAS",
        "price": "3450",
        "price_per_unit": "1725",
        "price_unit": "ML"
      },
      {
        "state": "ACT",
        "price": "3450",
        "price_per_unit": "1725",
        "price_unit": "ML"
      },
      {
        "state": "NT",
        "price": "3450",
        "price_per_unit": "1725",
        "price_unit": "ML"
      }
    ]
  },
  {
    "source_url": "https://www.woolworths.com.au/shop/productdetails/1075533848/antipodes-hallelujah-lime-patchouli-nourishing-cleanser-200ml",
    "name": "Antipodes Hallelujah Lime & Patchouli Nourishing Cleanser 200mL",
    "image_url": "https://cdn1.woolworths.media/content/wowproductimages/large/1075533848.jpg",
    "source_id": "Woolworths - 1075533848",
    "barcode": null,
    "shop": "Woolworths",
    "weight": "100ML",
    "prices": [
      {
        "state": "NSW",
        "price": "4400",
        "price_per_unit": "2200",
        "price_unit": "ML"
      },
      {
        "state": "VIC",
        "price": "4400",
        "price_per_unit": "2200",
        "price_unit": "ML"
      },
      {
        "state": "QLD",
        "price": "4400",
        "price_per_unit": "2200",
        "price_unit": "ML"
      },
      {
        "state": "WA",
        "price": "4400",
        "price_per_unit": "2200",
        "price_unit": "ML"
      },
      {
        "state": "SA",
        "price": "4400",
        "price_per_unit": "2200",
        "price_unit": "ML"
      },
      {
        "state": "TAS",
        "price": "4400",
        "price_per_unit": "2200",
        "price_unit": "ML"
      },
      {
        "state": "ACT",
        "price": "4400",
        "price_per_unit": "2200",
        "price_unit": "ML"
      },
      {
        "state": "NT",
        "price": "4400",
        "price_per_unit": "2200",
        "price_unit": "ML"
      }
    ]
  },
  {
    "source_url": "https://www.woolworths.com.au/shop/productdetails/1075533850/antipodes-juliet-anti-blemish-gel-cleanser-200ml",
    "name": "Antipodes Juliet Anti-Blemish Gel Cleanser 200mL",
    "image_url": "https://cdn1.woolworths.media/content/wowproductimages/large/1075533850.jpg",
    "source_id": "Woolworths - 1075533850",
    "barcode": null,
    "shop": "Woolworths",
    "weight": "100ML",
    "prices": [
      {
        "state": "NSW",
        "price": "4400",
        "price_per_unit": "2200",
        "price_unit": "ML"
      },
      {
        "state": "VIC",
        "price": "4400",
        "price_per_unit": "2200",
        "price_unit": "ML"
      },
      {
        "state": "QLD",
        "price": "4400",
        "price_per_unit": "2200",
        "price_unit": "ML"
      },
      {
        "state": "WA",
        "price": "4400",
        "price_per_unit": "2200",
        "price_unit": "ML"
      },
      {
        "state": "SA",
        "price": "4400",
        "price_per_unit": "2200",
        "price_unit": "ML"
      },
      {
        "state": "TAS",
        "price": "4400",
        "price_per_unit": "2200",
        "price_unit": "ML"
      },
      {
        "state": "ACT",
        "price": "4400",
        "price_per_unit": "2200",
        "price_unit": "ML"
      },
      {
        "state": "NT",
        "price": "4400",
        "price_per_unit": "2200",
        "price_unit": "ML"
      }
    ]
  },
  {
    "source_url": "https://www.woolworths.com.au/shop/productdetails/1075345642/antipodes-juliet-daily-balancing-gel-cleanser-200ml",
    "name": "Antipodes Juliet Daily Balancing Gel Cleanser 200ml",
    "image_url": "https://cdn1.woolworths.media/content/wowproductimages/large/1075345642.jpg",
    "source_id": "Woolworths - 1075345642",
    "barcode": null,
    "shop": "Woolworths",
    "weight": "100ML",
    "prices": [
      {
        "state": "NSW",
        "price": "3450",
        "price_per_unit": "1725",
        "price_unit": "ML"
      },
      {
        "state": "VIC",
        "price": "3450",
        "price_per_unit": "1725",
        "price_unit": "ML"
      },
      {
        "state": "QLD",
        "price": "3450",
        "price_per_unit": "1725",
        "price_unit": "ML"
      },
      {
        "state": "WA",
        "price": "3450",
        "price_per_unit": "1725",
        "price_unit": "ML"
      },
      {
        "state": "SA",
        "price": "3450",
        "price_per_unit": "1725",
        "price_unit": "ML"
      },
      {
        "state": "TAS",
        "price": "3450",
        "price_per_unit": "1725",
        "price_unit": "ML"
      },
      {
        "state": "ACT",
        "price": "3450",
        "price_per_unit": "1725",
        "price_unit": "ML"
      },
      {
        "state": "NT",
        "price": "3450",
        "price_per_unit": "1725",
        "price_unit": "ML"
      }
    ]
  },
  {
    "source_url": "https://www.woolworths.com.au/shop/productdetails/1074131587/antipodes-juliet-daily-balancing-gel-cleanser-200ml",
    "name": "Antipodes Juliet Daily Balancing Gel Cleanser 200ml",
    "image_url": "https://cdn1.woolworths.media/content/wowproductimages/large/1074131587.jpg",
    "source_id": "Woolworths - 1074131587",
    "barcode": null,
    "shop": "Woolworths",
    "weight": "100ML",
    "prices": [
      {
        "state": "NSW",
        "price": "9570",
        "price_per_unit": "4785",
        "price_unit": "ML"
      },
      {
        "state": "VIC",
        "price": "9570",
        "price_per_unit": "4785",
        "price_unit": "ML"
      },
      {
        "state": "QLD",
        "price": "9570",
        "price_per_unit": "4785",
        "price_unit": "ML"
      },
      {
        "state": "WA",
        "price": "9570",
        "price_per_unit": "4785",
        "price_unit": "ML"
      },
      {
        "state": "SA",
        "price": "9570",
        "price_per_unit": "4785",
        "price_unit": "ML"
      },
      {
        "state": "TAS",
        "price": "9570",
        "price_per_unit": "4785",
        "price_unit": "ML"
      },
      {
        "state": "ACT",
        "price": "9570",
        "price_per_unit": "4785",
        "price_unit": "ML"
      },
      {
        "state": "NT",
        "price": "9570",
        "price_per_unit": "4785",
        "price_unit": "ML"
      }
    ]
  },
  {
    "source_url": "https://www.woolworths.com.au/shop/productdetails/1074137583/antipodes-organic-divine-face-oil-organic-avocado-oil-rosehip-10ml",
    "name": "Antipodes Organic Divine Face Oil Organic Avocado Oil & Rosehip 10ml",
    "image_url": "https://cdn1.woolworths.media/content/wowproductimages/large/1074137583.jpg",
    "source_id": "Woolworths - 1074137583",
    "barcode": null,
    "shop": "Woolworths",
    "weight": "100ML",
    "prices": [
      {
        "state": "NSW",
        "price": "6050",
        "price_per_unit": "60500",
        "price_unit": "ML"
      },
      {
        "state": "VIC",
        "price": "6050",
        "price_per_unit": "60500",
        "price_unit": "ML"
      },
      {
        "state": "QLD",
        "price": "6050",
        "price_per_unit": "60500",
        "price_unit": "ML"
      },
      {
        "state": "WA",
        "price": "6050",
        "price_per_unit": "60500",
        "price_unit": "ML"
      },
      {
        "state": "SA",
        "price": "6050",
        "price_per_unit": "60500",
        "price_unit": "ML"
      },
      {
        "state": "TAS",
        "price": "6050",
        "price_per_unit": "60500",
        "price_unit": "ML"
      },
      {
        "state": "ACT",
        "price": "6050",
        "price_per_unit": "60500",
        "price_unit": "ML"
      },
      {
        "state": "NT",
        "price": "6050",
        "price_per_unit": "60500",
        "price_unit": "ML"
      }
    ]
  },
  {
    "source_url": "https://www.woolworths.com.au/shop/productdetails/1074137584/antipodes-organic-divine-face-oil-organic-avocado-oil-rosehip-30ml",
    "name": "Antipodes Organic Divine Face Oil Organic Avocado Oil & Rosehip 30ml",
    "image_url": "https://cdn1.woolworths.media/content/wowproductimages/large/1074137584.jpg",
    "source_id": "Woolworths - 1074137584",
    "barcode": null,
    "shop": "Woolworths",
    "weight": "100ML",
    "prices": [
      {
        "state": "NSW",
        "price": "9570",
        "price_per_unit": "31900",
        "price_unit": "ML"
      },
      {
        "state": "VIC",
        "price": "9570",
        "price_per_unit": "31900",
        "price_unit": "ML"
      },
      {
        "state": "QLD",
        "price": "9570",
        "price_per_unit": "31900",
        "price_unit": "ML"
      },
      {
        "state": "WA",
        "price": "9570",
        "price_per_unit": "31900",
        "price_unit": "ML"
      },
      {
        "state": "SA",
        "price": "9570",
        "price_per_unit": "31900",
        "price_unit": "ML"
      },
      {
        "state": "TAS",
        "price": "9570",
        "price_per_unit": "31900",
        "price_unit": "ML"
      },
      {
        "state": "ACT",
        "price": "9570",
        "price_per_unit": "31900",
        "price_unit": "ML"
      },
      {
        "state": "NT",
        "price": "9570",
        "price_per_unit": "31900",
        "price_unit": "ML"
      }
    ]
  },
  {
    "source_url": "https://www.woolworths.com.au/shop/productdetails/1074137586/antipodes-organic-grapeseed-butter-cleanser-75g",
    "name": "Antipodes Organic Grapeseed Butter Cleanser 75g",
    "image_url": "https://cdn1.woolworths.media/content/wowproductimages/large/1074137586.jpg",
    "source_id": "Woolworths - 1074137586",
    "barcode": null,
    "shop": "Woolworths",
    "weight": "100G",
    "prices": [
      {
        "state": "NSW",
        "price": "10450",
        "price_per_unit": "13933",
        "price_unit": "G"
      },
      {
        "state": "VIC",
        "price": "10450",
        "price_per_unit": "13933",
        "price_unit": "G"
      },
      {
        "state": "QLD",
        "price": "10450",
        "price_per_unit": "13933",
        "price_unit": "G"
      },
      {
        "state": "WA",
        "price": "10450",
        "price_per_unit": "13933",
        "price_unit": "G"
      },
      {
        "state": "SA",
        "price": "10450",
        "price_per_unit": "13933",
        "price_unit": "G"
      },
      {
        "state": "TAS",
        "price": "10450",
        "price_per_unit": "13933",
        "price_unit": "G"
      },
      {
        "state": "ACT",
        "price": "10450",
        "price_per_unit": "13933",
        "price_unit": "G"
      },
      {
        "state": "NT",
        "price": "10450",
        "price_per_unit": "13933",
        "price_unit": "G"
      }
    ]
  },
  {
    "source_url": "https://www.woolworths.com.au/shop/productdetails/1075347324/antipodes-reincarnation-pure-facial-polish-exfoliator-75ml",
    "name": "Antipodes Reincarnation Pure Facial Polish & Exfoliator 75ml",
    "image_url": "https://cdn1.woolworths.media/content/wowproductimages/large/1075347324.jpg",
    "source_id": "Woolworths - 1075347324",
    "barcode": null,
    "shop": "Woolworths",
    "weight": "100ML",
    "prices": [
      {
        "state": "NSW",
        "price": "3450",
        "price_per_unit": "4600",
        "price_unit": "ML"
      },
      {
        "state": "VIC",
        "price": "3450",
        "price_per_unit": "4600",
        "price_unit": "ML"
      },
      {
        "state": "QLD",
        "price": "3450",
        "price_per_unit": "4600",
        "price_unit": "ML"
      },
      {
        "state": "WA",
        "price": "3450",
        "price_per_unit": "4600",
        "price_unit": "ML"
      },
      {
        "state": "SA",
        "price": "3450",
        "price_per_unit": "4600",
        "price_unit": "ML"
      },
      {
        "state": "TAS",
        "price": "3450",
        "price_per_unit": "4600",
        "price_unit": "ML"
      },
      {
        "state": "ACT",
        "price": "3450",
        "price_per_unit": "4600",
        "price_unit": "ML"
      },
      {
        "state": "NT",
        "price": "3450",
        "price_per_unit": "4600",
        "price_unit": "ML"
      }
    ]
  },
  {
    "source_url": "https://www.woolworths.com.au/shop/productdetails/1075533855/antipodes-reincarnation-pure-facial-polish-exfoliator-75ml",
    "name": "Antipodes Reincarnation Pure Facial Polish & Exfoliator 75mL",
    "image_url": "https://cdn1.woolworths.media/content/wowproductimages/large/1075533855.jpg",
    "source_id": "Woolworths - 1075533855",
    "barcode": null,
    "shop": "Woolworths",
    "weight": "100ML",
    "prices": [
      {
        "state": "NSW",
        "price": "4400",
        "price_per_unit": "5867",
        "price_unit": "ML"
      },
      {
        "state": "VIC",
        "price": "4400",
        "price_per_unit": "5867",
        "price_unit": "ML"
      },
      {
        "state": "QLD",
        "price": "4400",
        "price_per_unit": "5867",
        "price_unit": "ML"
      },
      {
        "state": "WA",
        "price": "4400",
        "price_per_unit": "5867",
        "price_unit": "ML"
      },
      {
        "state": "SA",
        "price": "4400",
        "price_per_unit": "5867",
        "price_unit": "ML"
      },
      {
        "state": "TAS",
        "price": "4400",
        "price_per_unit": "5867",
        "price_unit": "ML"
      },
      {
        "state": "ACT",
        "price": "4400",
        "price_per_unit": "5867",
        "price_unit": "ML"
      },
      {
        "state": "NT",
        "price": "4400",
        "price_per_unit": "5867",
        "price_unit": "ML"
      }
    ]
  },
  {
    "source_url": "https://www.woolworths.com.au/shop/productdetails/1074131608/antipodes-reincarnation-pure-facial-polish-exfoliator-75ml",
    "name": "Antipodes Reincarnation Pure Facial Polish & Exfoliator 75ml",
    "image_url": "https://cdn1.woolworths.media/content/wowproductimages/large/1074131608.jpg",
    "source_id": "Woolworths - 1074131608",
    "barcode": null,
    "shop": "Woolworths",
    "weight": "100ML",
    "prices": [
      {
        "state": "NSW",
        "price": "9570",
        "price_per_unit": "12760",
        "price_unit": "ML"
      },
      {
        "state": "VIC",
        "price": "9570",
        "price_per_unit": "12760",
        "price_unit": "ML"
      },
      {
        "state": "QLD",
        "price": "9570",
        "price_per_unit": "12760",
        "price_unit": "ML"
      },
      {
        "state": "WA",
        "price": "9570",
        "price_per_unit": "12760",
        "price_unit": "ML"
      },
      {
        "state": "SA",
        "price": "9570",
        "price_per_unit": "12760",
        "price_unit": "ML"
      },
      {
        "state": "TAS",
        "price": "9570",
        "price_per_unit": "12760",
        "price_unit": "ML"
      },
      {
        "state": "ACT",
        "price": "9570",
        "price_per_unit": "12760",
        "price_unit": "ML"
      },
      {
        "state": "NT",
        "price": "9570",
        "price_per_unit": "12760",
        "price_unit": "ML"
      }
    ]
  },
  {
    "source_url": "https://www.woolworths.com.au/shop/productdetails/1074649581/apot-care-anti-pollution-jelly-cleanser-125ml-4-22oz",
    "name": "Apot.Care ANTI-POLLUTION Jelly Cleanser 125ml/4.22oz",
    "image_url": "https://cdn1.woolworths.media/content/wowproductimages/large/1074649581.jpg",
    "source_id": "Woolworths - 1074649581",
    "barcode": null,
    "shop": "Woolworths",
    "weight": "100ML",
    "prices": [
      {
        "state": "NSW",
        "price": "6000",
        "price_per_unit": "4800",
        "price_unit": "ML"
      },
      {
        "state": "VIC",
        "price": "6000",
        "price_per_unit": "4800",
        "price_unit": "ML"
      },
      {
        "state": "QLD",
        "price": "6000",
        "price_per_unit": "4800",
        "price_unit": "ML"
      },
      {
        "state": "WA",
        "price": "6000",
        "price_per_unit": "4800",
        "price_unit": "ML"
      },
      {
        "state": "SA",
        "price": "6000",
        "price_per_unit": "4800",
        "price_unit": "ML"
      },
      {
        "state": "TAS",
        "price": "6000",
        "price_per_unit": "4800",
        "price_unit": "ML"
      },
      {
        "state": "ACT",
        "price": "6000",
        "price_per_unit": "4800",
        "price_unit": "ML"
      },
      {
        "state": "NT",
        "price": "6000",
        "price_per_unit": "4800",
        "price_unit": "ML"
      }
    ]
  },
  {
    "source_url": "https://www.woolworths.com.au/shop/productdetails/1074649621/aromatherapy-associates-revive-energising-exfoliator-200ml-6-76oz",
    "name": "Aromatherapy Associates Revive - Energising Exfoliator 200ml/6.76oz",
    "image_url": "https://cdn1.woolworths.media/content/wowproductimages/large/1074649621.jpg",
    "source_id": "Woolworths - 1074649621",
    "barcode": null,
    "shop": "Woolworths",
    "weight": "100ML",
    "prices": [
      {
        "state": "NSW",
        "price": "10700",
        "price_per_unit": "5350",
        "price_unit": "ML"
      },
      {
        "state": "VIC",
        "price": "10700",
        "price_per_unit": "5350",
        "price_unit": "ML"
      },
      {
        "state": "QLD",
        "price": "10700",
        "price_per_unit": "5350",
        "price_unit": "ML"
      },
      {
        "state": "WA",
        "price": "10700",
        "price_per_unit": "5350",
        "price_unit": "ML"
      },
      {
        "state": "SA",
        "price": "10700",
        "price_per_unit": "5350",
        "price_unit": "ML"
      },
      {
        "state": "TAS",
        "price": "10700",
        "price_per_unit": "5350",
        "price_unit": "ML"
      },
      {
        "state": "ACT",
        "price": "10700",
        "price_per_unit": "5350",
        "price_unit": "ML"
      },
      {
        "state": "NT",
        "price": "10700",
        "price_per_unit": "5350",
        "price_unit": "ML"
      }
    ]
  },
  {
    "source_url": "https://www.woolworths.com.au/shop/productdetails/1074131647/ausganica-organic-rose-geranium-nourishing-hand-body-lotion-30ml",
    "name": "Ausganica Organic Rose Geranium Nourishing Hand/Body Lotion 30ml",
    "image_url": "https://cdn1.woolworths.media/content/wowproductimages/large/1074131647.jpg",
    "source_id": "Woolworths - 1074131647",
    "barcode": null,
    "shop": "Woolworths",
    "weight": "100ML",
    "prices": [
      {
        "state": "NSW",
        "price": "4510",
        "price_per_unit": "15033",
        "price_unit": "ML"
      },
      {
        "state": "VIC",
        "price": "4510",
        "price_per_unit": "15033",
        "price_unit": "ML"
      },
      {
        "state": "QLD",
        "price": "4510",
        "price_per_unit": "15033",
        "price_unit": "ML"
      },
      {
        "state": "WA",
        "price": "4510",
        "price_per_unit": "15033",
        "price_unit": "ML"
      },
      {
        "state": "SA",
        "price": "4510",
        "price_per_unit": "15033",
        "price_unit": "ML"
      },
      {
        "state": "TAS",
        "price": "4510",
        "price_per_unit": "15033",
        "price_unit": "ML"
      },
      {
        "state": "ACT",
        "price": "4510",
        "price_per_unit": "15033",
        "price_unit": "ML"
      },
      {
        "state": "NT",
        "price": "4510",
        "price_per_unit": "15033",
        "price_unit": "ML"
      }
    ]
  },
  {
    "source_url": "https://www.woolworths.com.au/shop/productdetails/1074133424/australian-creams-kakadu-plum-face-neck-firming-cream-100ml",
    "name": "Australian Creams Kakadu Plum Face & Neck Firming Cream 100ml",
    "image_url": "https://cdn1.woolworths.media/content/wowproductimages/large/1074133424.jpg",
    "source_id": "Woolworths - 1074133424",
    "barcode": null,
    "shop": "Woolworths",
    "weight": "100ML",
    "prices": [
      {
        "state": "NSW",
        "price": "6380",
        "price_per_unit": "6380",
        "price_unit": "ML"
      },
      {
        "state": "VIC",
        "price": "6380",
        "price_per_unit": "6380",
        "price_unit": "ML"
      },
      {
        "state": "QLD",
        "price": "6380",
        "price_per_unit": "6380",
        "price_unit": "ML"
      },
      {
        "state": "WA",
        "price": "6380",
        "price_per_unit": "6380",
        "price_unit": "ML"
      },
      {
        "state": "SA",
        "price": "6380",
        "price_per_unit": "6380",
        "price_unit": "ML"
      },
      {
        "state": "TAS",
        "price": "6380",
        "price_per_unit": "6380",
        "price_unit": "ML"
      },
      {
        "state": "ACT",
        "price": "6380",
        "price_per_unit": "6380",
        "price_unit": "ML"
      },
      {
        "state": "NT",
        "price": "6380",
        "price_per_unit": "6380",
        "price_unit": "ML"
      }
    ]
  },
  {
    "source_url": "https://www.woolworths.com.au/shop/productdetails/1075478056/australian-creams-kakadu-plum-gentle-hydrating-facial-cleanser-150ml",
    "name": "Australian Creams Kakadu Plum Gentle Hydrating Facial Cleanser 150ml",
    "image_url": "https://cdn1.woolworths.media/content/wowproductimages/large/1075478056.jpg",
    "source_id": "Woolworths - 1075478056",
    "barcode": null,
    "shop": "Woolworths",
    "weight": "100ML",
    "prices": [
      {
        "state": "NSW",
        "price": "2076",
        "price_per_unit": "1384",
        "price_unit": "ML"
      },
      {
        "state": "VIC",
        "price": "2076",
        "price_per_unit": "1384",
        "price_unit": "ML"
      },
      {
        "state": "QLD",
        "price": "2076",
        "price_per_unit": "1384",
        "price_unit": "ML"
      },
      {
        "state": "WA",
        "price": "2076",
        "price_per_unit": "1384",
        "price_unit": "ML"
      },
      {
        "state": "SA",
        "price": "2076",
        "price_per_unit": "1384",
        "price_unit": "ML"
      },
      {
        "state": "TAS",
        "price": "2076",
        "price_per_unit": "1384",
        "price_unit": "ML"
      },
      {
        "state": "ACT",
        "price": "2076",
        "price_per_unit": "1384",
        "price_unit": "ML"
      },
      {
        "state": "NT",
        "price": "2076",
        "price_per_unit": "1384",
        "price_unit": "ML"
      }
    ]
  },
  {
    "source_url": "https://www.woolworths.com.au/shop/productdetails/1074131651/australian-creams-kakadu-plum-gentle-hydrating-facial-cleanser-150ml",
    "name": "Australian Creams Kakadu Plum Gentle Hydrating Facial Cleanser 150ml",
    "image_url": "https://cdn1.woolworths.media/content/wowproductimages/large/1074131651.jpg",
    "source_id": "Woolworths - 1074131651",
    "barcode": null,
    "shop": "Woolworths",
    "weight": "100ML",
    "prices": [
      {
        "state": "NSW",
        "price": "6380",
        "price_per_unit": "4253",
        "price_unit": "ML"
      },
      {
        "state": "VIC",
        "price": "6380",
        "price_per_unit": "4253",
        "price_unit": "ML"
      },
      {
        "state": "QLD",
        "price": "6380",
        "price_per_unit": "4253",
        "price_unit": "ML"
      },
      {
        "state": "WA",
        "price": "6380",
        "price_per_unit": "4253",
        "price_unit": "ML"
      },
      {
        "state": "SA",
        "price": "6380",
        "price_per_unit": "4253",
        "price_unit": "ML"
      },
      {
        "state": "TAS",
        "price": "6380",
        "price_per_unit": "4253",
        "price_unit": "ML"
      },
      {
        "state": "ACT",
        "price": "6380",
        "price_per_unit": "4253",
        "price_unit": "ML"
      },
      {
        "state": "NT",
        "price": "6380",
        "price_per_unit": "4253",
        "price_unit": "ML"
      }
    ]
  },
  {
    "source_url": "https://www.woolworths.com.au/shop/productdetails/1075479449/australian-creams-kakadu-plum-refreshing-face-mist-80ml",
    "name": "Australian Creams Kakadu Plum Refreshing Face Mist 80ml",
    "image_url": "https://cdn1.woolworths.media/content/wowproductimages/large/1075479449.jpg",
    "source_id": "Woolworths - 1075479449",
    "barcode": null,
    "shop": "Woolworths",
    "weight": "100ML",
    "prices": [
      {
        "state": "NSW",
        "price": "1239",
        "price_per_unit": "1549",
        "price_unit": "ML"
      },
      {
        "state": "VIC",
        "price": "1239",
        "price_per_unit": "1549",
        "price_unit": "ML"
      },
      {
        "state": "QLD",
        "price": "1239",
        "price_per_unit": "1549",
        "price_unit": "ML"
      },
      {
        "state": "WA",
        "price": "1239",
        "price_per_unit": "1549",
        "price_unit": "ML"
      },
      {
        "state": "SA",
        "price": "1239",
        "price_per_unit": "1549",
        "price_unit": "ML"
      },
      {
        "state": "TAS",
        "price": "1239",
        "price_per_unit": "1549",
        "price_unit": "ML"
      },
      {
        "state": "ACT",
        "price": "1239",
        "price_per_unit": "1549",
        "price_unit": "ML"
      },
      {
        "state": "NT",
        "price": "1239",
        "price_per_unit": "1549",
        "price_unit": "ML"
      }
    ]
  },
  {
    "source_url": "https://www.woolworths.com.au/shop/productdetails/1075479986/australian-creams-kakadu-plum-revitalising-facial-toner-250ml",
    "name": "Australian Creams Kakadu Plum Revitalising Facial Toner 250ml",
    "image_url": "https://cdn1.woolworths.media/content/wowproductimages/large/1075479986.jpg",
    "source_id": "Woolworths - 1075479986",
    "barcode": null,
    "shop": "Woolworths",
    "weight": "100ML",
    "prices": [
      {
        "state": "NSW",
        "price": "1995",
        "price_per_unit": "798",
        "price_unit": "ML"
      },
      {
        "state": "VIC",
        "price": "1995",
        "price_per_unit": "798",
        "price_unit": "ML"
      },
      {
        "state": "QLD",
        "price": "1995",
        "price_per_unit": "798",
        "price_unit": "ML"
      },
      {
        "state": "WA",
        "price": "1995",
        "price_per_unit": "798",
        "price_unit": "ML"
      },
      {
        "state": "SA",
        "price": "1995",
        "price_per_unit": "798",
        "price_unit": "ML"
      },
      {
        "state": "TAS",
        "price": "1995",
        "price_per_unit": "798",
        "price_unit": "ML"
      },
      {
        "state": "ACT",
        "price": "1995",
        "price_per_unit": "798",
        "price_unit": "ML"
      },
      {
        "state": "NT",
        "price": "1995",
        "price_per_unit": "798",
        "price_unit": "ML"
      }
    ]
  },
  {
    "source_url": "https://www.woolworths.com.au/shop/productdetails/1074137632/australian-creams-kakadu-plum-revitalising-facial-toner-250ml",
    "name": "Australian Creams Kakadu Plum Revitalising Facial Toner 250ml",
    "image_url": "https://cdn1.woolworths.media/content/wowproductimages/large/1074137632.jpg",
    "source_id": "Woolworths - 1074137632",
    "barcode": null,
    "shop": "Woolworths",
    "weight": "100ML",
    "prices": [
      {
        "state": "NSW",
        "price": "6380",
        "price_per_unit": "2552",
        "price_unit": "ML"
      },
      {
        "state": "VIC",
        "price": "6380",
        "price_per_unit": "2552",
        "price_unit": "ML"
      },
      {
        "state": "QLD",
        "price": "6380",
        "price_per_unit": "2552",
        "price_unit": "ML"
      },
      {
        "state": "WA",
        "price": "6380",
        "price_per_unit": "2552",
        "price_unit": "ML"
      },
      {
        "state": "SA",
        "price": "6380",
        "price_per_unit": "2552",
        "price_unit": "ML"
      },
      {
        "state": "TAS",
        "price": "6380",
        "price_per_unit": "2552",
        "price_unit": "ML"
      },
      {
        "state": "ACT",
        "price": "6380",
        "price_per_unit": "2552",
        "price_unit": "ML"
      },
      {
        "state": "NT",
        "price": "6380",
        "price_per_unit": "2552",
        "price_unit": "ML"
      }
    ]
  },
  {
    "source_url": "https://www.woolworths.com.au/shop/productdetails/1074649673/aveda-botanical-kinetics-purifying-creme-cleanser-150ml-5oz",
    "name": "Aveda Botanical Kinetics Purifying Creme Cleanser 150ml/5oz",
    "image_url": "https://cdn1.woolworths.media/content/wowproductimages/large/1074649673.jpg",
    "source_id": "Woolworths - 1074649673",
    "barcode": null,
    "shop": "Woolworths",
    "weight": "100ML",
    "prices": [
      {
        "state": "NSW",
        "price": "6500",
        "price_per_unit": "4333",
        "price_unit": "ML"
      },
      {
        "state": "VIC",
        "price": "6500",
        "price_per_unit": "4333",
        "price_unit": "ML"
      },
      {
        "state": "QLD",
        "price": "6500",
        "price_per_unit": "4333",
        "price_unit": "ML"
      },
      {
        "state": "WA",
        "price": "6500",
        "price_per_unit": "4333",
        "price_unit": "ML"
      },
      {
        "state": "SA",
        "price": "6500",
        "price_per_unit": "4333",
        "price_unit": "ML"
      },
      {
        "state": "TAS",
        "price": "6500",
        "price_per_unit": "4333",
        "price_unit": "ML"
      },
      {
        "state": "ACT",
        "price": "6500",
        "price_per_unit": "4333",
        "price_unit": "ML"
      },
      {
        "state": "NT",
        "price": "6500",
        "price_per_unit": "4333",
        "price_unit": "ML"
      }
    ]
  },
  {
    "source_url": "https://www.woolworths.com.au/shop/productdetails/1074649687/aveda-outer-peace-foaming-cleanser-125ml-4-2oz",
    "name": "Aveda Outer Peace Foaming Cleanser 125ml/4.2oz",
    "image_url": "https://cdn1.woolworths.media/content/wowproductimages/large/1074649687.jpg",
    "source_id": "Woolworths - 1074649687",
    "barcode": null,
    "shop": "Woolworths",
    "weight": "100ML",
    "prices": [
      {
        "state": "NSW",
        "price": "6000",
        "price_per_unit": "4800",
        "price_unit": "ML"
      },
      {
        "state": "VIC",
        "price": "6000",
        "price_per_unit": "4800",
        "price_unit": "ML"
      },
      {
        "state": "QLD",
        "price": "6000",
        "price_per_unit": "4800",
        "price_unit": "ML"
      },
      {
        "state": "WA",
        "price": "6000",
        "price_per_unit": "4800",
        "price_unit": "ML"
      },
      {
        "state": "SA",
        "price": "6000",
        "price_per_unit": "4800",
        "price_unit": "ML"
      },
      {
        "state": "TAS",
        "price": "6000",
        "price_per_unit": "4800",
        "price_unit": "ML"
      },
      {
        "state": "ACT",
        "price": "6000",
        "price_per_unit": "4800",
        "price_unit": "ML"
      },
      {
        "state": "NT",
        "price": "6000",
        "price_per_unit": "4800",
        "price_unit": "ML"
      }
    ]
  },
  {
    "source_url": "https://www.woolworths.com.au/shop/productdetails/1075704292/avene-antirougeurs-clean-redness-relief-refreshing-cleansing-lotion-for-sensitive-skin-prone-to-redness-400ml-13-5oz",
    "name": "Avene Antirougeurs Clean Redness-Relief Refreshing Cleansing Lotion - For Sensitive Skin Prone to Redness 400ml/13.5oz",
    "image_url": "https://cdn1.woolworths.media/content/wowproductimages/large/1075704292.jpg",
    "source_id": "Woolworths - 1075704292",
    "barcode": null,
    "shop": "Woolworths",
    "weight": "100ML",
    "prices": [
      {
        "state": "NSW",
        "price": "5400",
        "price_per_unit": "1350",
        "price_unit": "ML"
      },
      {
        "state": "VIC",
        "price": "5400",
        "price_per_unit": "1350",
        "price_unit": "ML"
      },
      {
        "state": "QLD",
        "price": "5400",
        "price_per_unit": "1350",
        "price_unit": "ML"
      },
      {
        "state": "WA",
        "price": "5400",
        "price_per_unit": "1350",
        "price_unit": "ML"
      },
      {
        "state": "SA",
        "price": "5400",
        "price_per_unit": "1350",
        "price_unit": "ML"
      },
      {
        "state": "TAS",
        "price": "5400",
        "price_per_unit": "1350",
        "price_unit": "ML"
      },
      {
        "state": "ACT",
        "price": "5400",
        "price_per_unit": "1350",
        "price_unit": "ML"
      },
      {
        "state": "NT",
        "price": "5400",
        "price_per_unit": "1350",
        "price_unit": "ML"
      }
    ]
  },
  {
    "source_url": "https://www.woolworths.com.au/shop/productdetails/1074649753/avene-cleanance-cleansing-gel-for-oily-blemish-prone-skin-200ml-6-7oz",
    "name": "Avene Cleanance Cleansing Gel - For Oily, Blemish-Prone Skin 200ml/6.7oz",
    "image_url": "https://cdn1.woolworths.media/content/wowproductimages/large/1074649753.jpg",
    "source_id": "Woolworths - 1074649753",
    "barcode": null,
    "shop": "Woolworths",
    "weight": "100ML",
    "prices": [
      {
        "state": "NSW",
        "price": "3000",
        "price_per_unit": "1500",
        "price_unit": "ML"
      },
      {
        "state": "VIC",
        "price": "3000",
        "price_per_unit": "1500",
        "price_unit": "ML"
      },
      {
        "state": "QLD",
        "price": "3000",
        "price_per_unit": "1500",
        "price_unit": "ML"
      },
      {
        "state": "WA",
        "price": "3000",
        "price_per_unit": "1500",
        "price_unit": "ML"
      },
      {
        "state": "SA",
        "price": "3000",
        "price_per_unit": "1500",
        "price_unit": "ML"
      },
      {
        "state": "TAS",
        "price": "3000",
        "price_per_unit": "1500",
        "price_unit": "ML"
      },
      {
        "state": "ACT",
        "price": "3000",
        "price_per_unit": "1500",
        "price_unit": "ML"
      },
      {
        "state": "NT",
        "price": "3000",
        "price_per_unit": "1500",
        "price_unit": "ML"
      }
    ]
  },
  {
    "source_url": "https://www.woolworths.com.au/shop/productdetails/1074822233/avene-cleanance-cleansing-gel-for-oily-blemish-prone-skin-400ml-13-5oz",
    "name": "Avene Cleanance Cleansing Gel - For Oily, Blemish-Prone Skin 400ml/13.5oz",
    "image_url": "https://cdn1.woolworths.media/content/wowproductimages/large/1074822233.jpg",
    "source_id": "Woolworths - 1074822233",
    "barcode": null,
    "shop": "Woolworths",
    "weight": "100ML",
    "prices": [
      {
        "state": "NSW",
        "price": "5100",
        "price_per_unit": "1275",
        "price_unit": "ML"
      },
      {
        "state": "VIC",
        "price": "5100",
        "price_per_unit": "1275",
        "price_unit": "ML"
      },
      {
        "state": "QLD",
        "price": "5100",
        "price_per_unit": "1275",
        "price_unit": "ML"
      },
      {
        "state": "WA",
        "price": "5100",
        "price_per_unit": "1275",
        "price_unit": "ML"
      },
      {
        "state": "SA",
        "price": "5100",
        "price_per_unit": "1275",
        "price_unit": "ML"
      },
      {
        "state": "TAS",
        "price": "5100",
        "price_per_unit": "1275",
        "price_unit": "ML"
      },
      {
        "state": "ACT",
        "price": "5100",
        "price_per_unit": "1275",
        "price_unit": "ML"
      },
      {
        "state": "NT",
        "price": "5100",
        "price_per_unit": "1275",
        "price_unit": "ML"
      }
    ]
  },
  {
    "source_url": "https://www.woolworths.com.au/shop/productdetails/1074649762/avene-cleansing-foam-for-normal-to-combination-sensitive-skin-150ml-5oz",
    "name": "Avene Cleansing Foam - For Normal to Combination Sensitive Skin 150ml/5oz",
    "image_url": "https://cdn1.woolworths.media/content/wowproductimages/large/1074649762.jpg",
    "source_id": "Woolworths - 1074649762",
    "barcode": null,
    "shop": "Woolworths",
    "weight": "100ML",
    "prices": [
      {
        "state": "NSW",
        "price": "4300",
        "price_per_unit": "2867",
        "price_unit": "ML"
      },
      {
        "state": "VIC",
        "price": "4300",
        "price_per_unit": "2867",
        "price_unit": "ML"
      },
      {
        "state": "QLD",
        "price": "4300",
        "price_per_unit": "2867",
        "price_unit": "ML"
      },
      {
        "state": "WA",
        "price": "4300",
        "price_per_unit": "2867",
        "price_unit": "ML"
      },
      {
        "state": "SA",
        "price": "4300",
        "price_per_unit": "2867",
        "price_unit": "ML"
      },
      {
        "state": "TAS",
        "price": "4300",
        "price_per_unit": "2867",
        "price_unit": "ML"
      },
      {
        "state": "ACT",
        "price": "4300",
        "price_per_unit": "2867",
        "price_unit": "ML"
      },
      {
        "state": "NT",
        "price": "4300",
        "price_per_unit": "2867",
        "price_unit": "ML"
      }
    ]
  },
  {
    "source_url": "https://www.woolworths.com.au/shop/productdetails/1074723825/avene-mousse-detergente-cleansing-foam-150ml",
    "name": "Avene Mousse Detergente Cleansing Foam 150ml",
    "image_url": "https://cdn1.woolworths.media/content/wowproductimages/large/1074723825.jpg",
    "source_id": "Woolworths - 1074723825",
    "barcode": null,
    "shop": "Woolworths",
    "weight": "100ML",
    "prices": [
      {
        "state": "NSW",
        "price": "4300",
        "price_per_unit": "2867",
        "price_unit": "ML"
      },
      {
        "state": "VIC",
        "price": "4300",
        "price_per_unit": "2867",
        "price_unit": "ML"
      },
      {
        "state": "QLD",
        "price": "4300",
        "price_per_unit": "2867",
        "price_unit": "ML"
      },
      {
        "state": "WA",
        "price": "4300",
        "price_per_unit": "2867",
        "price_unit": "ML"
      },
      {
        "state": "SA",
        "price": "4300",
        "price_per_unit": "2867",
        "price_unit": "ML"
      },
      {
        "state": "TAS",
        "price": "4300",
        "price_per_unit": "2867",
        "price_unit": "ML"
      },
      {
        "state": "ACT",
        "price": "4300",
        "price_per_unit": "2867",
        "price_unit": "ML"
      },
      {
        "state": "NT",
        "price": "4300",
        "price_per_unit": "2867",
        "price_unit": "ML"
      }
    ]
  },
  {
    "source_url": "https://www.woolworths.com.au/shop/productdetails/1074649812/avene-trixera-nutrition-cold-cream-ultra-rich-face-body-cleansing-bar-for-dry-to-very-dry-sensitive-skin-100g-3-5oz",
    "name": "Avene TriXera Nutrition Cold Cream Ultra-Rich Face & Body Cleansing Bar - For Dry to Very Dry Sensitive Skin 100g/3.5oz",
    "image_url": "https://cdn1.woolworths.media/content/wowproductimages/large/1074649812.jpg",
    "source_id": "Woolworths - 1074649812",
    "barcode": null,
    "shop": "Woolworths",
    "weight": "100G",
    "prices": [
      {
        "state": "NSW",
        "price": "2700",
        "price_per_unit": "2700",
        "price_unit": "G"
      },
      {
        "state": "VIC",
        "price": "2700",
        "price_per_unit": "2700",
        "price_unit": "G"
      },
      {
        "state": "QLD",
        "price": "2700",
        "price_per_unit": "2700",
        "price_unit": "G"
      },
      {
        "state": "WA",
        "price": "2700",
        "price_per_unit": "2700",
        "price_unit": "G"
      },
      {
        "state": "SA",
        "price": "2700",
        "price_per_unit": "2700",
        "price_unit": "G"
      },
      {
        "state": "TAS",
        "price": "2700",
        "price_per_unit": "2700",
        "price_unit": "G"
      },
      {
        "state": "ACT",
        "price": "2700",
        "price_per_unit": "2700",
        "price_unit": "G"
      },
      {
        "state": "NT",
        "price": "2700",
        "price_per_unit": "2700",
        "price_unit": "G"
      }
    ]
  },
  {
    "source_url": "https://www.woolworths.com.au/shop/productdetails/1074723828/avene-xeracalm-a-d-lipid-replenishing-cleansing-oil-400ml",
    "name": "Avene XeraCalm A.D Lipid-Replenishing Cleansing Oil 400ml",
    "image_url": "https://cdn1.woolworths.media/content/wowproductimages/large/1074723828.jpg",
    "source_id": "Woolworths - 1074723828",
    "barcode": null,
    "shop": "Woolworths",
    "weight": "100ML",
    "prices": [
      {
        "state": "NSW",
        "price": "5400",
        "price_per_unit": "1350",
        "price_unit": "ML"
      },
      {
        "state": "VIC",
        "price": "5400",
        "price_per_unit": "1350",
        "price_unit": "ML"
      },
      {
        "state": "QLD",
        "price": "5400",
        "price_per_unit": "1350",
        "price_unit": "ML"
      },
      {
        "state": "WA",
        "price": "5400",
        "price_per_unit": "1350",
        "price_unit": "ML"
      },
      {
        "state": "SA",
        "price": "5400",
        "price_per_unit": "1350",
        "price_unit": "ML"
      },
      {
        "state": "TAS",
        "price": "5400",
        "price_per_unit": "1350",
        "price_unit": "ML"
      },
      {
        "state": "ACT",
        "price": "5400",
        "price_per_unit": "1350",
        "price_unit": "ML"
      },
      {
        "state": "NT",
        "price": "5400",
        "price_per_unit": "1350",
        "price_unit": "ML"
      }
    ]
  },
  {
    "source_url": "https://www.woolworths.com.au/shop/productdetails/1074723829/avene-xeracalm-nutrition-cleansing-gel-500ml-16-9oz",
    "name": "Avene XeraCalm Nutrition Cleansing Gel 500ml/16.9oz",
    "image_url": "https://cdn1.woolworths.media/content/wowproductimages/large/1074723829.jpg",
    "source_id": "Woolworths - 1074723829",
    "barcode": null,
    "shop": "Woolworths",
    "weight": "100ML",
    "prices": [
      {
        "state": "NSW",
        "price": "4000",
        "price_per_unit": "800",
        "price_unit": "ML"
      },
      {
        "state": "VIC",
        "price": "4000",
        "price_per_unit": "800",
        "price_unit": "ML"
      },
      {
        "state": "QLD",
        "price": "4000",
        "price_per_unit": "800",
        "price_unit": "ML"
      },
      {
        "state": "WA",
        "price": "4000",
        "price_per_unit": "800",
        "price_unit": "ML"
      },
      {
        "state": "SA",
        "price": "4000",
        "price_per_unit": "800",
        "price_unit": "ML"
      },
      {
        "state": "TAS",
        "price": "4000",
        "price_per_unit": "800",
        "price_unit": "ML"
      },
      {
        "state": "ACT",
        "price": "4000",
        "price_per_unit": "800",
        "price_unit": "ML"
      },
      {
        "state": "NT",
        "price": "4000",
        "price_per_unit": "800",
        "price_unit": "ML"
      }
    ]
  },
  {
    "source_url": "https://www.woolworths.com.au/shop/productdetails/1074736234/axis-y-biome-comforting-infused-toner-200ml-6-76oz",
    "name": "AXIS-Y Biome Comforting Infused Toner 200ml /6.76oz",
    "image_url": "https://cdn1.woolworths.media/content/wowproductimages/large/1074736234.jpg",
    "source_id": "Woolworths - 1074736234",
    "barcode": null,
    "shop": "Woolworths",
    "weight": "100ML",
    "prices": [
      {
        "state": "NSW",
        "price": "2300",
        "price_per_unit": "1150",
        "price_unit": "ML"
      },
      {
        "state": "VIC",
        "price": "2300",
        "price_per_unit": "1150",
        "price_unit": "ML"
      },
      {
        "state": "QLD",
        "price": "2300",
        "price_per_unit": "1150",
        "price_unit": "ML"
      },
      {
        "state": "WA",
        "price": "2300",
        "price_per_unit": "1150",
        "price_unit": "ML"
      },
      {
        "state": "SA",
        "price": "2300",
        "price_per_unit": "1150",
        "price_unit": "ML"
      },
      {
        "state": "TAS",
        "price": "2300",
        "price_per_unit": "1150",
        "price_unit": "ML"
      },
      {
        "state": "ACT",
        "price": "2300",
        "price_per_unit": "1150",
        "price_unit": "ML"
      },
      {
        "state": "NT",
        "price": "2300",
        "price_per_unit": "1150",
        "price_unit": "ML"
      }
    ]
  },
  {
    "source_url": "https://www.woolworths.com.au/shop/productdetails/1075497284/axis-y-daily-purifying-treatment-toner",
    "name": "Axis-Y Daily Purifying Treatment Toner",
    "image_url": "https://cdn1.woolworths.media/content/wowproductimages/large/1075497284.jpg",
    "source_id": "Woolworths - 1075497284",
    "barcode": null,
    "shop": "Woolworths",
    "weight": "100ML",
    "prices": [
      {
        "state": "NSW",
        "price": "4300",
        "price_per_unit": "2150",
        "price_unit": "ML"
      },
      {
        "state": "VIC",
        "price": "4300",
        "price_per_unit": "2150",
        "price_unit": "ML"
      },
      {
        "state": "QLD",
        "price": "4300",
        "price_per_unit": "2150",
        "price_unit": "ML"
      },
      {
        "state": "WA",
        "price": "4300",
        "price_per_unit": "2150",
        "price_unit": "ML"
      },
      {
        "state": "SA",
        "price": "4300",
        "price_per_unit": "2150",
        "price_unit": "ML"
      },
      {
        "state": "TAS",
        "price": "4300",
        "price_per_unit": "2150",
        "price_unit": "ML"
      },
      {
        "state": "ACT",
        "price": "4300",
        "price_per_unit": "2150",
        "price_unit": "ML"
      },
      {
        "state": "NT",
        "price": "4300",
        "price_per_unit": "2150",
        "price_unit": "ML"
      }
    ]
  },
  {
    "source_url": "https://www.woolworths.com.au/shop/productdetails/1074736240/axis-y-daily-purifying-treatment-toner-200ml-6-76oz",
    "name": "AXIS-Y Daily Purifying Treatment Toner 200ml /6.76oz",
    "image_url": "https://cdn1.woolworths.media/content/wowproductimages/large/1074736240.jpg",
    "source_id": "Woolworths - 1074736240",
    "barcode": null,
    "shop": "Woolworths",
    "weight": "100ML",
    "prices": [
      {
        "state": "NSW",
        "price": "4200",
        "price_per_unit": "2100",
        "price_unit": "ML"
      },
      {
        "state": "VIC",
        "price": "4200",
        "price_per_unit": "2100",
        "price_unit": "ML"
      },
      {
        "state": "QLD",
        "price": "4200",
        "price_per_unit": "2100",
        "price_unit": "ML"
      },
      {
        "state": "WA",
        "price": "4200",
        "price_per_unit": "2100",
        "price_unit": "ML"
      },
      {
        "state": "SA",
        "price": "4200",
        "price_per_unit": "2100",
        "price_unit": "ML"
      },
      {
        "state": "TAS",
        "price": "4200",
        "price_per_unit": "2100",
        "price_unit": "ML"
      },
      {
        "state": "ACT",
        "price": "4200",
        "price_per_unit": "2100",
        "price_unit": "ML"
      },
      {
        "state": "NT",
        "price": "4200",
        "price_per_unit": "2100",
        "price_unit": "ML"
      }
    ]
  },
  {
    "source_url": "https://www.woolworths.com.au/shop/productdetails/1074736244/axis-y-quinoa-one-step-balanced-gel-cleanser-180ml-6-08oz",
    "name": "AXIS-Y Quinoa One-Step Balanced Gel Cleanser 180ml/6.08oz",
    "image_url": "https://cdn1.woolworths.media/content/wowproductimages/large/1074736244.jpg",
    "source_id": "Woolworths - 1074736244",
    "barcode": null,
    "shop": "Woolworths",
    "weight": "100ML",
    "prices": [
      {
        "state": "NSW",
        "price": "3800",
        "price_per_unit": "2111",
        "price_unit": "ML"
      },
      {
        "state": "VIC",
        "price": "3800",
        "price_per_unit": "2111",
        "price_unit": "ML"
      },
      {
        "state": "QLD",
        "price": "3800",
        "price_per_unit": "2111",
        "price_unit": "ML"
      },
      {
        "state": "WA",
        "price": "3800",
        "price_per_unit": "2111",
        "price_unit": "ML"
      },
      {
        "state": "SA",
        "price": "3800",
        "price_per_unit": "2111",
        "price_unit": "ML"
      },
      {
        "state": "TAS",
        "price": "3800",
        "price_per_unit": "2111",
        "price_unit": "ML"
      },
      {
        "state": "ACT",
        "price": "3800",
        "price_per_unit": "2111",
        "price_unit": "ML"
      },
      {
        "state": "NT",
        "price": "3800",
        "price_per_unit": "2111",
        "price_unit": "ML"
      }
    ]
  },
  {
    "source_url": "https://www.woolworths.com.au/shop/productdetails/1075346523/aztec-secret-natural-indian-healing-clay-454g",
    "name": "Aztec Secret Natural Indian Healing Clay 454g",
    "image_url": "https://cdn1.woolworths.media/content/wowproductimages/large/1075346523.jpg",
    "source_id": "Woolworths - 1075346523",
    "barcode": null,
    "shop": "Woolworths",
    "weight": "100G",
    "prices": [
      {
        "state": "NSW",
        "price": "2295",
        "price_per_unit": "506",
        "price_unit": "G"
      },
      {
        "state": "VIC",
        "price": "2295",
        "price_per_unit": "506",
        "price_unit": "G"
      },
      {
        "state": "QLD",
        "price": "2295",
        "price_per_unit": "506",
        "price_unit": "G"
      },
      {
        "state": "WA",
        "price": "2295",
        "price_per_unit": "506",
        "price_unit": "G"
      },
      {
        "state": "SA",
        "price": "2295",
        "price_per_unit": "506",
        "price_unit": "G"
      },
      {
        "state": "TAS",
        "price": "2295",
        "price_per_unit": "506",
        "price_unit": "G"
      },
      {
        "state": "ACT",
        "price": "2295",
        "price_per_unit": "506",
        "price_unit": "G"
      },
      {
        "state": "NT",
        "price": "2295",
        "price_per_unit": "506",
        "price_unit": "G"
      }
    ]
  },
  {
    "source_url": "https://www.woolworths.com.au/shop/productdetails/1074649864/babor-doctor-babor-calming-rx-soothing-cleanser-150ml-5-07oz",
    "name": "Babor Doctor Babor Calming Rx Soothing Cleanser 150ml/5.07oz",
    "image_url": "https://cdn1.woolworths.media/content/wowproductimages/large/1074649864.jpg",
    "source_id": "Woolworths - 1074649864",
    "barcode": null,
    "shop": "Woolworths",
    "weight": "100ML",
    "prices": [
      {
        "state": "NSW",
        "price": "7500",
        "price_per_unit": "5000",
        "price_unit": "ML"
      },
      {
        "state": "VIC",
        "price": "7500",
        "price_per_unit": "5000",
        "price_unit": "ML"
      },
      {
        "state": "QLD",
        "price": "7500",
        "price_per_unit": "5000",
        "price_unit": "ML"
      },
      {
        "state": "WA",
        "price": "7500",
        "price_per_unit": "5000",
        "price_unit": "ML"
      },
      {
        "state": "SA",
        "price": "7500",
        "price_per_unit": "5000",
        "price_unit": "ML"
      },
      {
        "state": "TAS",
        "price": "7500",
        "price_per_unit": "5000",
        "price_unit": "ML"
      },
      {
        "state": "ACT",
        "price": "7500",
        "price_per_unit": "5000",
        "price_unit": "ML"
      },
      {
        "state": "NT",
        "price": "7500",
        "price_per_unit": "5000",
        "price_unit": "ML"
      }
    ]
  },
  {
    "source_url": "https://www.woolworths.com.au/shop/productdetails/1074649870/babor-doctor-babor-clean-formance-clay-multi-cleanser-salon-size-100ml-3-38oz",
    "name": "Babor Doctor Babor Clean Formance Clay Multi-Cleanser (Salon Size) 100ml/3.38oz",
    "image_url": "https://cdn1.woolworths.media/content/wowproductimages/large/1074649870.jpg",
    "source_id": "Woolworths - 1074649870",
    "barcode": null,
    "shop": "Woolworths",
    "weight": "100ML",
    "prices": [
      {
        "state": "NSW",
        "price": "4400",
        "price_per_unit": "4400",
        "price_unit": "ML"
      },
      {
        "state": "VIC",
        "price": "4400",
        "price_per_unit": "4400",
        "price_unit": "ML"
      },
      {
        "state": "QLD",
        "price": "4400",
        "price_per_unit": "4400",
        "price_unit": "ML"
      },
      {
        "state": "WA",
        "price": "4400",
        "price_per_unit": "4400",
        "price_unit": "ML"
      },
      {
        "state": "SA",
        "price": "4400",
        "price_per_unit": "4400",
        "price_unit": "ML"
      },
      {
        "state": "TAS",
        "price": "4400",
        "price_per_unit": "4400",
        "price_unit": "ML"
      },
      {
        "state": "ACT",
        "price": "4400",
        "price_per_unit": "4400",
        "price_unit": "ML"
      },
      {
        "state": "NT",
        "price": "4400",
        "price_per_unit": "4400",
        "price_unit": "ML"
      }
    ]
  },
  {
    "source_url": "https://www.woolworths.com.au/shop/productdetails/1074649872/babor-doctor-babor-clean-formance-deep-cleansing-pads-20pcs",
    "name": "Babor Doctor Babor Clean Formance Deep Cleansing Pads 20pcs",
    "image_url": "https://cdn1.woolworths.media/content/wowproductimages/large/1074649872.jpg",
    "source_id": "Woolworths - 1074649872",
    "barcode": null,
    "shop": "Woolworths",
    "weight": "1EA",
    "prices": [
      {
        "state": "NSW",
        "price": "5900",
        "price_per_unit": "295",
        "price_unit": "EA"
      },
      {
        "state": "VIC",
        "price": "5900",
        "price_per_unit": "295",
        "price_unit": "EA"
      },
      {
        "state": "QLD",
        "price": "5900",
        "price_per_unit": "295",
        "price_unit": "EA"
      },
      {
        "state": "WA",
        "price": "5900",
        "price_per_unit": "295",
        "price_unit": "EA"
      },
      {
        "state": "SA",
        "price": "5900",
        "price_per_unit": "295",
        "price_unit": "EA"
      },
      {
        "state": "TAS",
        "price": "5900",
        "price_per_unit": "295",
        "price_unit": "EA"
      },
      {
        "state": "ACT",
        "price": "5900",
        "price_per_unit": "295",
        "price_unit": "EA"
      },
      {
        "state": "NT",
        "price": "5900",
        "price_per_unit": "295",
        "price_unit": "EA"
      }
    ]
  },
  {
    "source_url": "https://www.woolworths.com.au/shop/productdetails/1074649921/babor-doctor-babor-refine-rx-detox-lipo-cleanser-100ml-3-38oz",
    "name": "Babor Doctor Babor Refine Rx Detox Lipo Cleanser 100ml/3.38oz",
    "image_url": "https://cdn1.woolworths.media/content/wowproductimages/large/1074649921.jpg",
    "source_id": "Woolworths - 1074649921",
    "barcode": null,
    "shop": "Woolworths",
    "weight": "100ML",
    "prices": [
      {
        "state": "NSW",
        "price": "7200",
        "price_per_unit": "7200",
        "price_unit": "ML"
      },
      {
        "state": "VIC",
        "price": "7200",
        "price_per_unit": "7200",
        "price_unit": "ML"
      },
      {
        "state": "QLD",
        "price": "7200",
        "price_per_unit": "7200",
        "price_unit": "ML"
      },
      {
        "state": "WA",
        "price": "7200",
        "price_per_unit": "7200",
        "price_unit": "ML"
      },
      {
        "state": "SA",
        "price": "7200",
        "price_per_unit": "7200",
        "price_unit": "ML"
      },
      {
        "state": "TAS",
        "price": "7200",
        "price_per_unit": "7200",
        "price_unit": "ML"
      },
      {
        "state": "ACT",
        "price": "7200",
        "price_per_unit": "7200",
        "price_unit": "ML"
      },
      {
        "state": "NT",
        "price": "7200",
        "price_per_unit": "7200",
        "price_unit": "ML"
      }
    ]
  },
  {
    "source_url": "https://www.woolworths.com.au/shop/productdetails/1074784616/babor-refine-rx-detox-lipo-cleanser-salon-size-100ml-3-38oz",
    "name": "Babor Refine RX Detox Lipo Cleanser (Salon Size) 100ml/3.38oz",
    "image_url": "https://cdn1.woolworths.media/content/wowproductimages/large/1074784616.jpg",
    "source_id": "Woolworths - 1074784616",
    "barcode": null,
    "shop": "Woolworths",
    "weight": "100ML",
    "prices": [
      {
        "state": "NSW",
        "price": "6000",
        "price_per_unit": "6000",
        "price_unit": "ML"
      },
      {
        "state": "VIC",
        "price": "6000",
        "price_per_unit": "6000",
        "price_unit": "ML"
      },
      {
        "state": "QLD",
        "price": "6000",
        "price_per_unit": "6000",
        "price_unit": "ML"
      },
      {
        "state": "WA",
        "price": "6000",
        "price_per_unit": "6000",
        "price_unit": "ML"
      },
      {
        "state": "SA",
        "price": "6000",
        "price_per_unit": "6000",
        "price_unit": "ML"
      },
      {
        "state": "TAS",
        "price": "6000",
        "price_per_unit": "6000",
        "price_unit": "ML"
      },
      {
        "state": "ACT",
        "price": "6000",
        "price_per_unit": "6000",
        "price_unit": "ML"
      },
      {
        "state": "NT",
        "price": "6000",
        "price_per_unit": "6000",
        "price_unit": "ML"
      }
    ]
  },
  {
    "source_url": "https://www.woolworths.com.au/shop/productdetails/1074452402/banila-co-b-by-banila-lip-eye-remover-100ml",
    "name": "Banila Co B. by BANILA Lip & Eye Remover 100ml",
    "image_url": "https://cdn1.woolworths.media/content/wowproductimages/large/1074452402.jpg",
    "source_id": "Woolworths - 1074452402",
    "barcode": null,
    "shop": "Woolworths",
    "weight": "100ML",
    "prices": [
      {
        "state": "NSW",
        "price": "1700",
        "price_per_unit": "1700",
        "price_unit": "ML"
      },
      {
        "state": "VIC",
        "price": "1700",
        "price_per_unit": "1700",
        "price_unit": "ML"
      },
      {
        "state": "QLD",
        "price": "1700",
        "price_per_unit": "1700",
        "price_unit": "ML"
      },
      {
        "state": "WA",
        "price": "1700",
        "price_per_unit": "1700",
        "price_unit": "ML"
      },
      {
        "state": "SA",
        "price": "1700",
        "price_per_unit": "1700",
        "price_unit": "ML"
      },
      {
        "state": "TAS",
        "price": "1700",
        "price_per_unit": "1700",
        "price_unit": "ML"
      },
      {
        "state": "ACT",
        "price": "1700",
        "price_per_unit": "1700",
        "price_unit": "ML"
      },
      {
        "state": "NT",
        "price": "1700",
        "price_per_unit": "1700",
        "price_unit": "ML"
      }
    ]
  },
  {
    "source_url": "https://www.woolworths.com.au/shop/productdetails/1074452369/banila-co-clean-it-zero-brightening-peeling-gel-120ml",
    "name": "Banila Co Clean It Zero Brightening Peeling Gel 120ml",
    "image_url": "https://cdn1.woolworths.media/content/wowproductimages/large/1074452369.jpg",
    "source_id": "Woolworths - 1074452369",
    "barcode": null,
    "shop": "Woolworths",
    "weight": "100ML",
    "prices": [
      {
        "state": "NSW",
        "price": "3740",
        "price_per_unit": "3117",
        "price_unit": "ML"
      },
      {
        "state": "VIC",
        "price": "3740",
        "price_per_unit": "3117",
        "price_unit": "ML"
      },
      {
        "state": "QLD",
        "price": "3740",
        "price_per_unit": "3117",
        "price_unit": "ML"
      },
      {
        "state": "WA",
        "price": "3740",
        "price_per_unit": "3117",
        "price_unit": "ML"
      },
      {
        "state": "SA",
        "price": "3740",
        "price_per_unit": "3117",
        "price_unit": "ML"
      },
      {
        "state": "TAS",
        "price": "3740",
        "price_per_unit": "3117",
        "price_unit": "ML"
      },
      {
        "state": "ACT",
        "price": "3740",
        "price_per_unit": "3117",
        "price_unit": "ML"
      },
      {
        "state": "NT",
        "price": "3740",
        "price_per_unit": "3117",
        "price_unit": "ML"
      }
    ]
  },
  {
    "source_url": "https://www.woolworths.com.au/shop/productdetails/1074452152/banila-co-clean-it-zero-foam-cleanser-150ml",
    "name": "Banila Co Clean It Zero Foam Cleanser 150ml",
    "image_url": "https://cdn1.woolworths.media/content/wowproductimages/large/1074452152.jpg",
    "source_id": "Woolworths - 1074452152",
    "barcode": null,
    "shop": "Woolworths",
    "weight": "100ML",
    "prices": [
      {
        "state": "NSW",
        "price": "2890",
        "price_per_unit": "1927",
        "price_unit": "ML"
      },
      {
        "state": "VIC",
        "price": "2890",
        "price_per_unit": "1927",
        "price_unit": "ML"
      },
      {
        "state": "QLD",
        "price": "2890",
        "price_per_unit": "1927",
        "price_unit": "ML"
      },
      {
        "state": "WA",
        "price": "2890",
        "price_per_unit": "1927",
        "price_unit": "ML"
      },
      {
        "state": "SA",
        "price": "2890",
        "price_per_unit": "1927",
        "price_unit": "ML"
      },
      {
        "state": "TAS",
        "price": "2890",
        "price_per_unit": "1927",
        "price_unit": "ML"
      },
      {
        "state": "ACT",
        "price": "2890",
        "price_per_unit": "1927",
        "price_unit": "ML"
      },
      {
        "state": "NT",
        "price": "2890",
        "price_per_unit": "1927",
        "price_unit": "ML"
      }
    ]
  },
  {
    "source_url": "https://www.woolworths.com.au/shop/productdetails/1074452403/banila-co-clean-it-zero-lychee-vita-cleansing-tissue-30ea",
    "name": "Banila Co Clean It Zero Lychee Vita Cleansing Tissue 30ea",
    "image_url": "https://cdn1.woolworths.media/content/wowproductimages/large/1074452403.jpg",
    "source_id": "Woolworths - 1074452403",
    "barcode": null,
    "shop": "Woolworths",
    "weight": "1EA",
    "prices": []
  },
  {
    "source_url": "https://www.woolworths.com.au/shop/productdetails/1074452153/banila-co-clean-it-zero-pore-clarifying-foam-cleanser-150ml",
    "name": "Banila Co Clean It Zero Pore Clarifying Foam Cleanser 150ml",
    "image_url": "https://cdn1.woolworths.media/content/wowproductimages/large/1074452153.jpg",
    "source_id": "Woolworths - 1074452153",
    "barcode": null,
    "shop": "Woolworths",
    "weight": "100ML",
    "prices": [
      {
        "state": "NSW",
        "price": "3400",
        "price_per_unit": "2267",
        "price_unit": "ML"
      },
      {
        "state": "VIC",
        "price": "3400",
        "price_per_unit": "2267",
        "price_unit": "ML"
      },
      {
        "state": "QLD",
        "price": "3400",
        "price_per_unit": "2267",
        "price_unit": "ML"
      },
      {
        "state": "WA",
        "price": "3400",
        "price_per_unit": "2267",
        "price_unit": "ML"
      },
      {
        "state": "SA",
        "price": "3400",
        "price_per_unit": "2267",
        "price_unit": "ML"
      },
      {
        "state": "TAS",
        "price": "3400",
        "price_per_unit": "2267",
        "price_unit": "ML"
      },
      {
        "state": "ACT",
        "price": "3400",
        "price_per_unit": "2267",
        "price_unit": "ML"
      },
      {
        "state": "NT",
        "price": "3400",
        "price_per_unit": "2267",
        "price_unit": "ML"
      }
    ]
  },
  {
    "source_url": "https://www.woolworths.com.au/shop/productdetails/1074452357/banila-co-dear-hydration-cool-down-mist-99ml",
    "name": "Banila Co Dear Hydration Cool Down Mist 99ml",
    "image_url": "https://cdn1.woolworths.media/content/wowproductimages/large/1074452357.jpg",
    "source_id": "Woolworths - 1074452357",
    "barcode": null,
    "shop": "Woolworths",
    "weight": "100ML",
    "prices": [
      {
        "state": "NSW",
        "price": "3570",
        "price_per_unit": "3606",
        "price_unit": "ML"
      },
      {
        "state": "VIC",
        "price": "3570",
        "price_per_unit": "3606",
        "price_unit": "ML"
      },
      {
        "state": "QLD",
        "price": "3570",
        "price_per_unit": "3606",
        "price_unit": "ML"
      },
      {
        "state": "WA",
        "price": "3570",
        "price_per_unit": "3606",
        "price_unit": "ML"
      },
      {
        "state": "SA",
        "price": "3570",
        "price_per_unit": "3606",
        "price_unit": "ML"
      },
      {
        "state": "TAS",
        "price": "3570",
        "price_per_unit": "3606",
        "price_unit": "ML"
      },
      {
        "state": "ACT",
        "price": "3570",
        "price_per_unit": "3606",
        "price_unit": "ML"
      },
      {
        "state": "NT",
        "price": "3570",
        "price_per_unit": "3606",
        "price_unit": "ML"
      }
    ]
  },
  {
    "source_url": "https://www.woolworths.com.au/shop/productdetails/1074452356/banila-co-dear-hydration-softening-toner-200ml",
    "name": "Banila Co Dear Hydration Softening Toner 200ml",
    "image_url": "https://cdn1.woolworths.media/content/wowproductimages/large/1074452356.jpg",
    "source_id": "Woolworths - 1074452356",
    "barcode": null,
    "shop": "Woolworths",
    "weight": "100ML",
    "prices": [
      {
        "state": "NSW",
        "price": "4250",
        "price_per_unit": "2125",
        "price_unit": "ML"
      },
      {
        "state": "VIC",
        "price": "4250",
        "price_per_unit": "2125",
        "price_unit": "ML"
      },
      {
        "state": "QLD",
        "price": "4250",
        "price_per_unit": "2125",
        "price_unit": "ML"
      },
      {
        "state": "WA",
        "price": "4250",
        "price_per_unit": "2125",
        "price_unit": "ML"
      },
      {
        "state": "SA",
        "price": "4250",
        "price_per_unit": "2125",
        "price_unit": "ML"
      },
      {
        "state": "TAS",
        "price": "4250",
        "price_per_unit": "2125",
        "price_unit": "ML"
      },
      {
        "state": "ACT",
        "price": "4250",
        "price_per_unit": "2125",
        "price_unit": "ML"
      },
      {
        "state": "NT",
        "price": "4250",
        "price_per_unit": "2125",
        "price_unit": "ML"
      }
    ]
  },
  {
    "source_url": "https://www.woolworths.com.au/shop/productdetails/1074452368/banila-co-miss-flower-mr-honey-propolis-rejuvenating-ampoule-mist-99ml",
    "name": "Banila Co Miss Flower & Mr.Honey Propolis Rejuvenating Ampoule Mist 99ml",
    "image_url": "https://cdn1.woolworths.media/content/wowproductimages/large/1074452368.jpg",
    "source_id": "Woolworths - 1074452368",
    "barcode": null,
    "shop": "Woolworths",
    "weight": "100ML",
    "prices": [
      {
        "state": "NSW",
        "price": "4760",
        "price_per_unit": "4808",
        "price_unit": "ML"
      },
      {
        "state": "VIC",
        "price": "4760",
        "price_per_unit": "4808",
        "price_unit": "ML"
      },
      {
        "state": "QLD",
        "price": "4760",
        "price_per_unit": "4808",
        "price_unit": "ML"
      },
      {
        "state": "WA",
        "price": "4760",
        "price_per_unit": "4808",
        "price_unit": "ML"
      },
      {
        "state": "SA",
        "price": "4760",
        "price_per_unit": "4808",
        "price_unit": "ML"
      },
      {
        "state": "TAS",
        "price": "4760",
        "price_per_unit": "4808",
        "price_unit": "ML"
      },
      {
        "state": "ACT",
        "price": "4760",
        "price_per_unit": "4808",
        "price_unit": "ML"
      },
      {
        "state": "NT",
        "price": "4760",
        "price_per_unit": "4808",
        "price_unit": "ML"
      }
    ]
  },
  {
    "source_url": "https://www.woolworths.com.au/shop/productdetails/1074452367/banila-co-miss-flower-mr-honey-propolis-rejuvenating-essence-toner-190ml",
    "name": "Banila Co Miss Flower & Mr.Honey Propolis Rejuvenating Essence Toner 190ml",
    "image_url": "https://cdn1.woolworths.media/content/wowproductimages/large/1074452367.jpg",
    "source_id": "Woolworths - 1074452367",
    "barcode": null,
    "shop": "Woolworths",
    "weight": "100ML",
    "prices": [
      {
        "state": "NSW",
        "price": "6800",
        "price_per_unit": "3579",
        "price_unit": "ML"
      },
      {
        "state": "VIC",
        "price": "6800",
        "price_per_unit": "3579",
        "price_unit": "ML"
      },
      {
        "state": "QLD",
        "price": "6800",
        "price_per_unit": "3579",
        "price_unit": "ML"
      },
      {
        "state": "WA",
        "price": "6800",
        "price_per_unit": "3579",
        "price_unit": "ML"
      },
      {
        "state": "SA",
        "price": "6800",
        "price_per_unit": "3579",
        "price_unit": "ML"
      },
      {
        "state": "TAS",
        "price": "6800",
        "price_per_unit": "3579",
        "price_unit": "ML"
      },
      {
        "state": "ACT",
        "price": "6800",
        "price_per_unit": "3579",
        "price_unit": "ML"
      },
      {
        "state": "NT",
        "price": "6800",
        "price_per_unit": "3579",
        "price_unit": "ML"
      }
    ]
  },
  {
    "source_url": "https://www.woolworths.com.au/shop/productdetails/1074649958/bareminerals-ageless-phyto-retinol-face-cream-50g-1-7oz",
    "name": "BareMinerals Ageless Phyto-Retinol Face Cream 50g/1.7oz",
    "image_url": "https://cdn1.woolworths.media/content/wowproductimages/large/1074649958.jpg",
    "source_id": "Woolworths - 1074649958",
    "barcode": null,
    "shop": "Woolworths",
    "weight": "100G",
    "prices": [
      {
        "state": "NSW",
        "price": "10300",
        "price_per_unit": "20600",
        "price_unit": "G"
      },
      {
        "state": "VIC",
        "price": "10300",
        "price_per_unit": "20600",
        "price_unit": "G"
      },
      {
        "state": "QLD",
        "price": "10300",
        "price_per_unit": "20600",
        "price_unit": "G"
      },
      {
        "state": "WA",
        "price": "10300",
        "price_per_unit": "20600",
        "price_unit": "G"
      },
      {
        "state": "SA",
        "price": "10300",
        "price_per_unit": "20600",
        "price_unit": "G"
      },
      {
        "state": "TAS",
        "price": "10300",
        "price_per_unit": "20600",
        "price_unit": "G"
      },
      {
        "state": "ACT",
        "price": "10300",
        "price_per_unit": "20600",
        "price_unit": "G"
      },
      {
        "state": "NT",
        "price": "10300",
        "price_per_unit": "20600",
        "price_unit": "G"
      }
    ]
  },
  {
    "source_url": "https://www.woolworths.com.au/shop/productdetails/1074649963/bareminerals-poreless-exfoliating-essence-150ml-5oz",
    "name": "BareMinerals Poreless Exfoliating Essence 150ml/5oz",
    "image_url": "https://cdn1.woolworths.media/content/wowproductimages/large/1074649963.jpg",
    "source_id": "Woolworths - 1074649963",
    "barcode": null,
    "shop": "Woolworths",
    "weight": "100ML",
    "prices": [
      {
        "state": "NSW",
        "price": "4900",
        "price_per_unit": "3267",
        "price_unit": "ML"
      },
      {
        "state": "VIC",
        "price": "4900",
        "price_per_unit": "3267",
        "price_unit": "ML"
      },
      {
        "state": "QLD",
        "price": "4900",
        "price_per_unit": "3267",
        "price_unit": "ML"
      },
      {
        "state": "WA",
        "price": "4900",
        "price_per_unit": "3267",
        "price_unit": "ML"
      },
      {
        "state": "SA",
        "price": "4900",
        "price_per_unit": "3267",
        "price_unit": "ML"
      },
      {
        "state": "TAS",
        "price": "4900",
        "price_per_unit": "3267",
        "price_unit": "ML"
      },
      {
        "state": "ACT",
        "price": "4900",
        "price_per_unit": "3267",
        "price_unit": "ML"
      },
      {
        "state": "NT",
        "price": "4900",
        "price_per_unit": "3267",
        "price_unit": "ML"
      }
    ]
  },
  {
    "source_url": "https://www.woolworths.com.au/shop/productdetails/1074387121/base-soap-with-impact-bar-detox-facial-cleanser-with-charcoal-boxed-120g",
    "name": "Base (Soap With Impact) Bar Detox Facial Cleanser with Charcoal (Boxed) 120g",
    "image_url": "https://cdn1.woolworths.media/content/wowproductimages/large/1074387121.jpg",
    "source_id": "Woolworths - 1074387121",
    "barcode": null,
    "shop": "Woolworths",
    "weight": "100G",
    "prices": [
      {
        "state": "NSW",
        "price": "5280",
        "price_per_unit": "4400",
        "price_unit": "G"
      },
      {
        "state": "VIC",
        "price": "5280",
        "price_per_unit": "4400",
        "price_unit": "G"
      },
      {
        "state": "QLD",
        "price": "5280",
        "price_per_unit": "4400",
        "price_unit": "G"
      },
      {
        "state": "WA",
        "price": "5280",
        "price_per_unit": "4400",
        "price_unit": "G"
      },
      {
        "state": "SA",
        "price": "5280",
        "price_per_unit": "4400",
        "price_unit": "G"
      },
      {
        "state": "TAS",
        "price": "5280",
        "price_per_unit": "4400",
        "price_unit": "G"
      },
      {
        "state": "ACT",
        "price": "5280",
        "price_per_unit": "4400",
        "price_unit": "G"
      },
      {
        "state": "NT",
        "price": "5280",
        "price_per_unit": "4400",
        "price_unit": "G"
      }
    ]
  },
  {
    "source_url": "https://www.woolworths.com.au/shop/productdetails/1074131736/base-soap-with-impact-soap-bar-exfoliating-cedarwood-rosemary-boxed-120g",
    "name": "Base (Soap With Impact) Soap Bar Exfoliating Cedarwood & Rosemary (Boxed) 120g",
    "image_url": "https://cdn1.woolworths.media/content/wowproductimages/large/1074131736.jpg",
    "source_id": "Woolworths - 1074131736",
    "barcode": null,
    "shop": "Woolworths",
    "weight": "100G",
    "prices": [
      {
        "state": "NSW",
        "price": "4950",
        "price_per_unit": "4125",
        "price_unit": "G"
      },
      {
        "state": "VIC",
        "price": "4950",
        "price_per_unit": "4125",
        "price_unit": "G"
      },
      {
        "state": "QLD",
        "price": "4950",
        "price_per_unit": "4125",
        "price_unit": "G"
      },
      {
        "state": "WA",
        "price": "4950",
        "price_per_unit": "4125",
        "price_unit": "G"
      },
      {
        "state": "SA",
        "price": "4950",
        "price_per_unit": "4125",
        "price_unit": "G"
      },
      {
        "state": "TAS",
        "price": "4950",
        "price_per_unit": "4125",
        "price_unit": "G"
      },
      {
        "state": "ACT",
        "price": "4950",
        "price_per_unit": "4125",
        "price_unit": "G"
      },
      {
        "state": "NT",
        "price": "4950",
        "price_per_unit": "4125",
        "price_unit": "G"
      }
    ]
  },
  {
    "source_url": "https://www.woolworths.com.au/shop/productdetails/1073992025/beauty-by-light-salicylic-daily-exfoliator-40ml",
    "name": "Beauty by light Salicylic Daily Exfoliator 40mL",
    "image_url": "https://cdn1.woolworths.media/content/wowproductimages/large/1073992025.jpg",
    "source_id": "Woolworths - 1073992025",
    "barcode": null,
    "shop": "Woolworths",
    "weight": "100ML",
    "prices": [
      {
        "state": "NSW",
        "price": "3495",
        "price_per_unit": "8738",
        "price_unit": "ML"
      },
      {
        "state": "VIC",
        "price": "3495",
        "price_per_unit": "8738",
        "price_unit": "ML"
      },
      {
        "state": "QLD",
        "price": "3495",
        "price_per_unit": "8738",
        "price_unit": "ML"
      },
      {
        "state": "WA",
        "price": "3495",
        "price_per_unit": "8738",
        "price_unit": "ML"
      },
      {
        "state": "SA",
        "price": "3495",
        "price_per_unit": "8738",
        "price_unit": "ML"
      },
      {
        "state": "TAS",
        "price": "3495",
        "price_per_unit": "8738",
        "price_unit": "ML"
      },
      {
        "state": "ACT",
        "price": "3495",
        "price_per_unit": "8738",
        "price_unit": "ML"
      },
      {
        "state": "NT",
        "price": "3495",
        "price_per_unit": "8738",
        "price_unit": "ML"
      }
    ]
  },
  {
    "source_url": "https://www.woolworths.com.au/shop/productdetails/1075500798/beauty-of-joseon-apricot-blossom-peeling-gel-3pcs-",
    "name": "BEAUTY OF JOSEON Apricot Blossom Peeling Gel (3pcs)",
    "image_url": "https://cdn1.woolworths.media/content/wowproductimages/large/1075500798.jpg",
    "source_id": "Woolworths - 1075500798",
    "barcode": null,
    "shop": "Woolworths",
    "weight": "1EA",
    "prices": [
      {
        "state": "NSW",
        "price": "7140",
        "price_per_unit": "2380",
        "price_unit": "EA"
      },
      {
        "state": "VIC",
        "price": "7140",
        "price_per_unit": "2380",
        "price_unit": "EA"
      },
      {
        "state": "QLD",
        "price": "7140",
        "price_per_unit": "2380",
        "price_unit": "EA"
      },
      {
        "state": "WA",
        "price": "7140",
        "price_per_unit": "2380",
        "price_unit": "EA"
      },
      {
        "state": "SA",
        "price": "7140",
        "price_per_unit": "2380",
        "price_unit": "EA"
      },
      {
        "state": "TAS",
        "price": "7140",
        "price_per_unit": "2380",
        "price_unit": "EA"
      },
      {
        "state": "ACT",
        "price": "7140",
        "price_per_unit": "2380",
        "price_unit": "EA"
      },
      {
        "state": "NT",
        "price": "7140",
        "price_per_unit": "2380",
        "price_unit": "EA"
      }
    ]
  },
  {
    "source_url": "https://www.woolworths.com.au/shop/productdetails/1074445865/beauty-of-joseon-apricot-blossom-peeling-gel-100ml",
    "name": "Beauty Of Joseon Apricot Blossom Peeling Gel 100ml",
    "image_url": "https://cdn1.woolworths.media/content/wowproductimages/large/1074445865.jpg",
    "source_id": "Woolworths - 1074445865",
    "barcode": null,
    "shop": "Woolworths",
    "weight": "100ML",
    "prices": [
      {
        "state": "NSW",
        "price": "2800",
        "price_per_unit": "2800",
        "price_unit": "ML"
      },
      {
        "state": "VIC",
        "price": "2800",
        "price_per_unit": "2800",
        "price_unit": "ML"
      },
      {
        "state": "QLD",
        "price": "2800",
        "price_per_unit": "2800",
        "price_unit": "ML"
      },
      {
        "state": "WA",
        "price": "2800",
        "price_per_unit": "2800",
        "price_unit": "ML"
      },
      {
        "state": "SA",
        "price": "2800",
        "price_per_unit": "2800",
        "price_unit": "ML"
      },
      {
        "state": "TAS",
        "price": "2800",
        "price_per_unit": "2800",
        "price_unit": "ML"
      },
      {
        "state": "ACT",
        "price": "2800",
        "price_per_unit": "2800",
        "price_unit": "ML"
      },
      {
        "state": "NT",
        "price": "2800",
        "price_per_unit": "2800",
        "price_unit": "ML"
      }
    ]
  },
  {
    "source_url": "https://www.woolworths.com.au/shop/productdetails/1075280721/beauty-of-joseon-ginseng-essence-water-150ml",
    "name": "Beauty Of Joseon Ginseng Essence Water 150ml",
    "image_url": "https://cdn1.woolworths.media/content/wowproductimages/large/1075280721.jpg",
    "source_id": "Woolworths - 1075280721",
    "barcode": null,
    "shop": "Woolworths",
    "weight": null,
    "prices": []
  },
  {
    "source_url": "https://www.woolworths.com.au/shop/productdetails/1075500797/beauty-of-joseon-green-plum-refreshing-cleanser-3pcs-",
    "name": "BEAUTY OF JOSEON Green Plum Refreshing Cleanser (3pcs)",
    "image_url": "https://cdn1.woolworths.media/content/wowproductimages/large/1075500797.jpg",
    "source_id": "Woolworths - 1075500797",
    "barcode": null,
    "shop": "Woolworths",
    "weight": "1EA",
    "prices": [
      {
        "state": "NSW",
        "price": "7140",
        "price_per_unit": "2380",
        "price_unit": "EA"
      },
      {
        "state": "VIC",
        "price": "7140",
        "price_per_unit": "2380",
        "price_unit": "EA"
      },
      {
        "state": "QLD",
        "price": "7140",
        "price_per_unit": "2380",
        "price_unit": "EA"
      },
      {
        "state": "WA",
        "price": "7140",
        "price_per_unit": "2380",
        "price_unit": "EA"
      },
      {
        "state": "SA",
        "price": "7140",
        "price_per_unit": "2380",
        "price_unit": "EA"
      },
      {
        "state": "TAS",
        "price": "7140",
        "price_per_unit": "2380",
        "price_unit": "EA"
      },
      {
        "state": "ACT",
        "price": "7140",
        "price_per_unit": "2380",
        "price_unit": "EA"
      },
      {
        "state": "NT",
        "price": "7140",
        "price_per_unit": "2380",
        "price_unit": "EA"
      }
    ]
  },
  {
    "source_url": "https://www.woolworths.com.au/shop/productdetails/1074649995/beauty-world-face-stick-3-ways-beauty-massage-stick-1pc",
    "name": "Beauty World Face Stick (3 Ways Beauty Massage Stick) 1pc",
    "image_url": "https://cdn1.woolworths.media/content/wowproductimages/large/1074649995.jpg",
    "source_id": "Woolworths - 1074649995",
    "barcode": null,
    "shop": "Woolworths",
    "weight": "1EA",
    "prices": [
      {
        "state": "NSW",
        "price": "2900",
        "price_per_unit": "2900",
        "price_unit": "EA"
      },
      {
        "state": "VIC",
        "price": "2900",
        "price_per_unit": "2900",
        "price_unit": "EA"
      },
      {
        "state": "QLD",
        "price": "2900",
        "price_per_unit": "2900",
        "price_unit": "EA"
      },
      {
        "state": "WA",
        "price": "2900",
        "price_per_unit": "2900",
        "price_unit": "EA"
      },
      {
        "state": "SA",
        "price": "2900",
        "price_per_unit": "2900",
        "price_unit": "EA"
      },
      {
        "state": "TAS",
        "price": "2900",
        "price_per_unit": "2900",
        "price_unit": "EA"
      },
      {
        "state": "ACT",
        "price": "2900",
        "price_per_unit": "2900",
        "price_unit": "EA"
      },
      {
        "state": "NT",
        "price": "2900",
        "price_per_unit": "2900",
        "price_unit": "EA"
      }
    ]
  },
  {
    "source_url": "https://www.woolworths.com.au/shop/productdetails/1073955852/belleza-ideal-cristalina-ampolla-toner-100ml-stock-clearance-sale",
    "name": "Belleza Ideal Cristalina Ampolla Toner 100ml - Stock Clearance Sale",
    "image_url": "https://cdn1.woolworths.media/content/wowproductimages/large/1073955852.jpg",
    "source_id": "Woolworths - 1073955852",
    "barcode": null,
    "shop": "Woolworths",
    "weight": "100ML",
    "prices": [
      {
        "state": "NSW",
        "price": "2450",
        "price_per_unit": "4900",
        "price_unit": "ML"
      },
      {
        "state": "VIC",
        "price": "2450",
        "price_per_unit": "4900",
        "price_unit": "ML"
      },
      {
        "state": "QLD",
        "price": "2450",
        "price_per_unit": "4900",
        "price_unit": "ML"
      },
      {
        "state": "WA",
        "price": "2450",
        "price_per_unit": "4900",
        "price_unit": "ML"
      },
      {
        "state": "SA",
        "price": "2450",
        "price_per_unit": "4900",
        "price_unit": "ML"
      },
      {
        "state": "TAS",
        "price": "2450",
        "price_per_unit": "4900",
        "price_unit": "ML"
      },
      {
        "state": "ACT",
        "price": "2450",
        "price_per_unit": "4900",
        "price_unit": "ML"
      },
      {
        "state": "NT",
        "price": "2450",
        "price_per_unit": "4900",
        "price_unit": "ML"
      }
    ]
  },
  {
    "source_url": "https://www.woolworths.com.au/shop/productdetails/1073955853/belleza-ideal-cristalina-ampolla-toner-500ml-stock-clearance-sale",
    "name": "Belleza Ideal Cristalina Ampolla Toner 500ml - Stock Clearance Sale",
    "image_url": "https://cdn1.woolworths.media/content/wowproductimages/large/1073955853.jpg",
    "source_id": "Woolworths - 1073955853",
    "barcode": null,
    "shop": "Woolworths",
    "weight": "100ML",
    "prices": [
      {
        "state": "NSW",
        "price": "4600",
        "price_per_unit": "920",
        "price_unit": "ML"
      },
      {
        "state": "VIC",
        "price": "4600",
        "price_per_unit": "920",
        "price_unit": "ML"
      },
      {
        "state": "QLD",
        "price": "4600",
        "price_per_unit": "920",
        "price_unit": "ML"
      },
      {
        "state": "WA",
        "price": "4600",
        "price_per_unit": "920",
        "price_unit": "ML"
      },
      {
        "state": "SA",
        "price": "4600",
        "price_per_unit": "920",
        "price_unit": "ML"
      },
      {
        "state": "TAS",
        "price": "4600",
        "price_per_unit": "920",
        "price_unit": "ML"
      },
      {
        "state": "ACT",
        "price": "4600",
        "price_per_unit": "920",
        "price_unit": "ML"
      },
      {
        "state": "NT",
        "price": "4600",
        "price_per_unit": "920",
        "price_unit": "ML"
      }
    ]
  },
  {
    "source_url": "https://www.woolworths.com.au/shop/productdetails/1073955851/belleza-ideal-white-cleansing-foam-150-ml",
    "name": "Belleza Ideal White Cleansing Foam 150 ml",
    "image_url": "https://cdn1.woolworths.media/content/wowproductimages/large/1073955851.jpg",
    "source_id": "Woolworths - 1073955851",
    "barcode": null,
    "shop": "Woolworths",
    "weight": "100ML",
    "prices": [
      {
        "state": "NSW",
        "price": "2100",
        "price_per_unit": "1400",
        "price_unit": "ML"
      },
      {
        "state": "VIC",
        "price": "2100",
        "price_per_unit": "1400",
        "price_unit": "ML"
      },
      {
        "state": "QLD",
        "price": "2100",
        "price_per_unit": "1400",
        "price_unit": "ML"
      },
      {
        "state": "WA",
        "price": "2100",
        "price_per_unit": "1400",
        "price_unit": "ML"
      },
      {
        "state": "SA",
        "price": "2100",
        "price_per_unit": "1400",
        "price_unit": "ML"
      },
      {
        "state": "TAS",
        "price": "2100",
        "price_per_unit": "1400",
        "price_unit": "ML"
      },
      {
        "state": "ACT",
        "price": "2100",
        "price_per_unit": "1400",
        "price_unit": "ML"
      },
      {
        "state": "NT",
        "price": "2100",
        "price_per_unit": "1400",
        "price_unit": "ML"
      }
    ]
  },
  {
    "source_url": "https://www.woolworths.com.au/shop/productdetails/1075481111/benzac-3-step-clear-skin-acne-control-kit",
    "name": "Benzac 3 Step Clear Skin Acne Control Kit",
    "image_url": "https://cdn1.woolworths.media/content/wowproductimages/large/1075481111.jpg",
    "source_id": "Woolworths - 1075481111",
    "barcode": null,
    "shop": "Woolworths",
    "weight": "1EA",
    "prices": [
      {
        "state": "NSW",
        "price": "4999",
        "price_per_unit": "4999",
        "price_unit": "EA"
      },
      {
        "state": "VIC",
        "price": "4999",
        "price_per_unit": "4999",
        "price_unit": "EA"
      },
      {
        "state": "QLD",
        "price": "4999",
        "price_per_unit": "4999",
        "price_unit": "EA"
      },
      {
        "state": "WA",
        "price": "4999",
        "price_per_unit": "4999",
        "price_unit": "EA"
      },
      {
        "state": "SA",
        "price": "4999",
        "price_per_unit": "4999",
        "price_unit": "EA"
      },
      {
        "state": "TAS",
        "price": "4999",
        "price_per_unit": "4999",
        "price_unit": "EA"
      },
      {
        "state": "ACT",
        "price": "4999",
        "price_per_unit": "4999",
        "price_unit": "EA"
      },
      {
        "state": "NT",
        "price": "4999",
        "price_per_unit": "4999",
        "price_unit": "EA"
      }
    ]
  },
  {
    "source_url": "https://www.woolworths.com.au/shop/productdetails/1075480328/benzac-ac-mild-strength-2-5-acne-gel-60g",
    "name": "Benzac AC Mild Strength 2.5% Acne Gel 60g",
    "image_url": "https://cdn1.woolworths.media/content/wowproductimages/large/1075480328.jpg",
    "source_id": "Woolworths - 1075480328",
    "barcode": null,
    "shop": "Woolworths",
    "weight": "100G",
    "prices": [
      {
        "state": "NSW",
        "price": "2459",
        "price_per_unit": "4098",
        "price_unit": "G"
      },
      {
        "state": "VIC",
        "price": "2459",
        "price_per_unit": "4098",
        "price_unit": "G"
      },
      {
        "state": "QLD",
        "price": "2459",
        "price_per_unit": "4098",
        "price_unit": "G"
      },
      {
        "state": "WA",
        "price": "2459",
        "price_per_unit": "4098",
        "price_unit": "G"
      },
      {
        "state": "SA",
        "price": "2459",
        "price_per_unit": "4098",
        "price_unit": "G"
      },
      {
        "state": "TAS",
        "price": "2459",
        "price_per_unit": "4098",
        "price_unit": "G"
      },
      {
        "state": "ACT",
        "price": "2459",
        "price_per_unit": "4098",
        "price_unit": "G"
      },
      {
        "state": "NT",
        "price": "2459",
        "price_per_unit": "4098",
        "price_unit": "G"
      }
    ]
  },
  {
    "source_url": "https://www.woolworths.com.au/shop/productdetails/1075480277/benzac-ac-moderate-strength-5-0-acne-gel-60g",
    "name": "Benzac AC Moderate Strength 5.0% Acne Gel 60g",
    "image_url": "https://cdn1.woolworths.media/content/wowproductimages/large/1075480277.jpg",
    "source_id": "Woolworths - 1075480277",
    "barcode": null,
    "shop": "Woolworths",
    "weight": "100G",
    "prices": [
      {
        "state": "NSW",
        "price": "2655",
        "price_per_unit": "4425",
        "price_unit": "G"
      },
      {
        "state": "VIC",
        "price": "2655",
        "price_per_unit": "4425",
        "price_unit": "G"
      },
      {
        "state": "QLD",
        "price": "2655",
        "price_per_unit": "4425",
        "price_unit": "G"
      },
      {
        "state": "WA",
        "price": "2655",
        "price_per_unit": "4425",
        "price_unit": "G"
      },
      {
        "state": "SA",
        "price": "2655",
        "price_per_unit": "4425",
        "price_unit": "G"
      },
      {
        "state": "TAS",
        "price": "2655",
        "price_per_unit": "4425",
        "price_unit": "G"
      },
      {
        "state": "ACT",
        "price": "2655",
        "price_per_unit": "4425",
        "price_unit": "G"
      },
      {
        "state": "NT",
        "price": "2655",
        "price_per_unit": "4425",
        "price_unit": "G"
      }
    ]
  },
  {
    "source_url": "https://www.woolworths.com.au/shop/productdetails/1075478319/benzac-ac-moderate-strength-5-0-acne-wash-200ml",
    "name": "Benzac AC Moderate Strength 5.0% Acne Wash 200ml",
    "image_url": "https://cdn1.woolworths.media/content/wowproductimages/large/1075478319.jpg",
    "source_id": "Woolworths - 1075478319",
    "barcode": null,
    "shop": "Woolworths",
    "weight": "100ML",
    "prices": [
      {
        "state": "NSW",
        "price": "2399",
        "price_per_unit": "1200",
        "price_unit": "ML"
      },
      {
        "state": "VIC",
        "price": "2399",
        "price_per_unit": "1200",
        "price_unit": "ML"
      },
      {
        "state": "QLD",
        "price": "2399",
        "price_per_unit": "1200",
        "price_unit": "ML"
      },
      {
        "state": "WA",
        "price": "2399",
        "price_per_unit": "1200",
        "price_unit": "ML"
      },
      {
        "state": "SA",
        "price": "2399",
        "price_per_unit": "1200",
        "price_unit": "ML"
      },
      {
        "state": "TAS",
        "price": "2399",
        "price_per_unit": "1200",
        "price_unit": "ML"
      },
      {
        "state": "ACT",
        "price": "2399",
        "price_per_unit": "1200",
        "price_unit": "ML"
      },
      {
        "state": "NT",
        "price": "2399",
        "price_per_unit": "1200",
        "price_unit": "ML"
      }
    ]
  },
  {
    "source_url": "https://www.woolworths.com.au/shop/productdetails/1075480859/benzac-blackheads-facial-scrub-60g",
    "name": "Benzac Blackheads Facial Scrub 60g",
    "image_url": "https://cdn1.woolworths.media/content/wowproductimages/large/1075480859.jpg",
    "source_id": "Woolworths - 1075480859",
    "barcode": null,
    "shop": "Woolworths",
    "weight": "100G",
    "prices": [
      {
        "state": "NSW",
        "price": "1495",
        "price_per_unit": "2492",
        "price_unit": "G"
      },
      {
        "state": "VIC",
        "price": "1495",
        "price_per_unit": "2492",
        "price_unit": "G"
      },
      {
        "state": "QLD",
        "price": "1495",
        "price_per_unit": "2492",
        "price_unit": "G"
      },
      {
        "state": "WA",
        "price": "1495",
        "price_per_unit": "2492",
        "price_unit": "G"
      },
      {
        "state": "SA",
        "price": "1495",
        "price_per_unit": "2492",
        "price_unit": "G"
      },
      {
        "state": "TAS",
        "price": "1495",
        "price_per_unit": "2492",
        "price_unit": "G"
      },
      {
        "state": "ACT",
        "price": "1495",
        "price_per_unit": "2492",
        "price_unit": "G"
      },
      {
        "state": "NT",
        "price": "1495",
        "price_per_unit": "2492",
        "price_unit": "G"
      }
    ]
  },
  {
    "source_url": "https://www.woolworths.com.au/shop/productdetails/1075478899/benzac-daily-facial-foam-cleanser-130ml",
    "name": "Benzac Daily Facial Foam Cleanser 130ml",
    "image_url": "https://cdn1.woolworths.media/content/wowproductimages/large/1075478899.jpg",
    "source_id": "Woolworths - 1075478899",
    "barcode": null,
    "shop": "Woolworths",
    "weight": "100ML",
    "prices": [
      {
        "state": "NSW",
        "price": "1699",
        "price_per_unit": "1307",
        "price_unit": "ML"
      },
      {
        "state": "VIC",
        "price": "1699",
        "price_per_unit": "1307",
        "price_unit": "ML"
      },
      {
        "state": "QLD",
        "price": "1699",
        "price_per_unit": "1307",
        "price_unit": "ML"
      },
      {
        "state": "WA",
        "price": "1699",
        "price_per_unit": "1307",
        "price_unit": "ML"
      },
      {
        "state": "SA",
        "price": "1699",
        "price_per_unit": "1307",
        "price_unit": "ML"
      },
      {
        "state": "TAS",
        "price": "1699",
        "price_per_unit": "1307",
        "price_unit": "ML"
      },
      {
        "state": "ACT",
        "price": "1699",
        "price_per_unit": "1307",
        "price_unit": "ML"
      },
      {
        "state": "NT",
        "price": "1699",
        "price_per_unit": "1307",
        "price_unit": "ML"
      }
    ]
  },
  {
    "source_url": "https://www.woolworths.com.au/shop/productdetails/1075478228/benzac-oil-control-moisturiser-50ml",
    "name": "Benzac Oil Control Moisturiser 50ml",
    "image_url": "https://cdn1.woolworths.media/content/wowproductimages/large/1075478228.jpg",
    "source_id": "Woolworths - 1075478228",
    "barcode": null,
    "shop": "Woolworths",
    "weight": "100ML",
    "prices": [
      {
        "state": "NSW",
        "price": "1459",
        "price_per_unit": "2918",
        "price_unit": "ML"
      },
      {
        "state": "VIC",
        "price": "1459",
        "price_per_unit": "2918",
        "price_unit": "ML"
      },
      {
        "state": "QLD",
        "price": "1459",
        "price_per_unit": "2918",
        "price_unit": "ML"
      },
      {
        "state": "WA",
        "price": "1459",
        "price_per_unit": "2918",
        "price_unit": "ML"
      },
      {
        "state": "SA",
        "price": "1459",
        "price_per_unit": "2918",
        "price_unit": "ML"
      },
      {
        "state": "TAS",
        "price": "1459",
        "price_per_unit": "2918",
        "price_unit": "ML"
      },
      {
        "state": "ACT",
        "price": "1459",
        "price_per_unit": "2918",
        "price_unit": "ML"
      },
      {
        "state": "NT",
        "price": "1459",
        "price_per_unit": "2918",
        "price_unit": "ML"
      }
    ]
  },
  {
    "source_url": "https://www.woolworths.com.au/shop/productdetails/1075477167/benzac-ph-control-antibacterial-face-wash-150ml",
    "name": "Benzac pH Control Antibacterial Face Wash 150ml",
    "image_url": "https://cdn1.woolworths.media/content/wowproductimages/large/1075477167.jpg",
    "source_id": "Woolworths - 1075477167",
    "barcode": null,
    "shop": "Woolworths",
    "weight": "100ML",
    "prices": [
      {
        "state": "NSW",
        "price": "1745",
        "price_per_unit": "1163",
        "price_unit": "ML"
      },
      {
        "state": "VIC",
        "price": "1745",
        "price_per_unit": "1163",
        "price_unit": "ML"
      },
      {
        "state": "QLD",
        "price": "1745",
        "price_per_unit": "1163",
        "price_unit": "ML"
      },
      {
        "state": "WA",
        "price": "1745",
        "price_per_unit": "1163",
        "price_unit": "ML"
      },
      {
        "state": "SA",
        "price": "1745",
        "price_per_unit": "1163",
        "price_unit": "ML"
      },
      {
        "state": "TAS",
        "price": "1745",
        "price_per_unit": "1163",
        "price_unit": "ML"
      },
      {
        "state": "ACT",
        "price": "1745",
        "price_per_unit": "1163",
        "price_unit": "ML"
      },
      {
        "state": "NT",
        "price": "1745",
        "price_per_unit": "1163",
        "price_unit": "ML"
      }
    ]
  },
  {
    "source_url": "https://www.woolworths.com.au/shop/productdetails/1074650023/bioelements-flash-foam-cleanser-192ml-6-5oz",
    "name": "Bioelements Flash Foam Cleanser 192ml/6.5oz",
    "image_url": "https://cdn1.woolworths.media/content/wowproductimages/large/1074650023.jpg",
    "source_id": "Woolworths - 1074650023",
    "barcode": null,
    "shop": "Woolworths",
    "weight": "100ML",
    "prices": [
      {
        "state": "NSW",
        "price": "5800",
        "price_per_unit": "3021",
        "price_unit": "ML"
      },
      {
        "state": "VIC",
        "price": "5800",
        "price_per_unit": "3021",
        "price_unit": "ML"
      },
      {
        "state": "QLD",
        "price": "5800",
        "price_per_unit": "3021",
        "price_unit": "ML"
      },
      {
        "state": "WA",
        "price": "5800",
        "price_per_unit": "3021",
        "price_unit": "ML"
      },
      {
        "state": "SA",
        "price": "5800",
        "price_per_unit": "3021",
        "price_unit": "ML"
      },
      {
        "state": "TAS",
        "price": "5800",
        "price_per_unit": "3021",
        "price_unit": "ML"
      },
      {
        "state": "ACT",
        "price": "5800",
        "price_per_unit": "3021",
        "price_unit": "ML"
      },
      {
        "state": "NT",
        "price": "5800",
        "price_per_unit": "3021",
        "price_unit": "ML"
      }
    ]
  },
  {
    "source_url": "https://www.woolworths.com.au/shop/productdetails/1075478404/biologi-bc-refresh-cleanser-150ml",
    "name": "Biologi Bc Refresh Cleanser 150ml",
    "image_url": "https://cdn1.woolworths.media/content/wowproductimages/large/1075478404.jpg",
    "source_id": "Woolworths - 1075478404",
    "barcode": null,
    "shop": "Woolworths",
    "weight": "100ML",
    "prices": [
      {
        "state": "NSW",
        "price": "7100",
        "price_per_unit": "4733",
        "price_unit": "ML"
      },
      {
        "state": "VIC",
        "price": "7100",
        "price_per_unit": "4733",
        "price_unit": "ML"
      },
      {
        "state": "QLD",
        "price": "7100",
        "price_per_unit": "4733",
        "price_unit": "ML"
      },
      {
        "state": "WA",
        "price": "7100",
        "price_per_unit": "4733",
        "price_unit": "ML"
      },
      {
        "state": "SA",
        "price": "7100",
        "price_per_unit": "4733",
        "price_unit": "ML"
      },
      {
        "state": "TAS",
        "price": "7100",
        "price_per_unit": "4733",
        "price_unit": "ML"
      },
      {
        "state": "ACT",
        "price": "7100",
        "price_per_unit": "4733",
        "price_unit": "ML"
      },
      {
        "state": "NT",
        "price": "7100",
        "price_per_unit": "4733",
        "price_unit": "ML"
      }
    ]
  },
  {
    "source_url": "https://www.woolworths.com.au/shop/productdetails/1075480270/biologi-bc-refresh-cleanser-50ml",
    "name": "Biologi Bc Refresh Cleanser 50ml",
    "image_url": "https://cdn1.woolworths.media/content/wowproductimages/large/1075480270.jpg",
    "source_id": "Woolworths - 1075480270",
    "barcode": null,
    "shop": "Woolworths",
    "weight": "100ML",
    "prices": [
      {
        "state": "NSW",
        "price": "2900",
        "price_per_unit": "5800",
        "price_unit": "ML"
      },
      {
        "state": "VIC",
        "price": "2900",
        "price_per_unit": "5800",
        "price_unit": "ML"
      },
      {
        "state": "QLD",
        "price": "2900",
        "price_per_unit": "5800",
        "price_unit": "ML"
      },
      {
        "state": "WA",
        "price": "2900",
        "price_per_unit": "5800",
        "price_unit": "ML"
      },
      {
        "state": "SA",
        "price": "2900",
        "price_per_unit": "5800",
        "price_unit": "ML"
      },
      {
        "state": "TAS",
        "price": "2900",
        "price_per_unit": "5800",
        "price_unit": "ML"
      },
      {
        "state": "ACT",
        "price": "2900",
        "price_per_unit": "5800",
        "price_unit": "ML"
      },
      {
        "state": "NT",
        "price": "2900",
        "price_per_unit": "5800",
        "price_unit": "ML"
      }
    ]
  },
  {
    "source_url": "https://www.woolworths.com.au/shop/productdetails/1075481424/biologi-bx-reveal-exfoliant-15-sachets",
    "name": "Biologi Bx Reveal Exfoliant 15 Sachets",
    "image_url": "https://cdn1.woolworths.media/content/wowproductimages/large/1075481424.jpg",
    "source_id": "Woolworths - 1075481424",
    "barcode": null,
    "shop": "Woolworths",
    "weight": "1EA",
    "prices": [
      {
        "state": "NSW",
        "price": "6800",
        "price_per_unit": "453",
        "price_unit": "EA"
      },
      {
        "state": "VIC",
        "price": "6800",
        "price_per_unit": "453",
        "price_unit": "EA"
      },
      {
        "state": "QLD",
        "price": "6800",
        "price_per_unit": "453",
        "price_unit": "EA"
      },
      {
        "state": "WA",
        "price": "6800",
        "price_per_unit": "453",
        "price_unit": "EA"
      },
      {
        "state": "SA",
        "price": "6800",
        "price_per_unit": "453",
        "price_unit": "EA"
      },
      {
        "state": "TAS",
        "price": "6800",
        "price_per_unit": "453",
        "price_unit": "EA"
      },
      {
        "state": "ACT",
        "price": "6800",
        "price_per_unit": "453",
        "price_unit": "EA"
      },
      {
        "state": "NT",
        "price": "6800",
        "price_per_unit": "453",
        "price_unit": "EA"
      }
    ]
  },
  {
    "source_url": "https://www.woolworths.com.au/shop/productdetails/1074660424/biome-be-unity-organic-aloe-vera-gel-cleanser-100ml",
    "name": "Biome Be.Unity Organic Aloe Vera Gel Cleanser - 100ml",
    "image_url": "https://cdn1.woolworths.media/content/wowproductimages/large/1074660424.jpg",
    "source_id": "Woolworths - 1074660424",
    "barcode": null,
    "shop": "Woolworths",
    "weight": "1EA",
    "prices": [
      {
        "state": "NSW",
        "price": "3895",
        "price_per_unit": "3895",
        "price_unit": "EA"
      },
      {
        "state": "VIC",
        "price": "3895",
        "price_per_unit": "3895",
        "price_unit": "EA"
      },
      {
        "state": "QLD",
        "price": "3895",
        "price_per_unit": "3895",
        "price_unit": "EA"
      },
      {
        "state": "WA",
        "price": "3895",
        "price_per_unit": "3895",
        "price_unit": "EA"
      },
      {
        "state": "SA",
        "price": "3895",
        "price_per_unit": "3895",
        "price_unit": "EA"
      },
      {
        "state": "TAS",
        "price": "3895",
        "price_per_unit": "3895",
        "price_unit": "EA"
      },
      {
        "state": "ACT",
        "price": "3895",
        "price_per_unit": "3895",
        "price_unit": "EA"
      },
      {
        "state": "NT",
        "price": "3895",
        "price_per_unit": "3895",
        "price_unit": "EA"
      }
    ]
  },
  {
    "source_url": "https://www.woolworths.com.au/shop/productdetails/298114/biore-combo-deep-cleansing-pore-strips",
    "name": "Biore Combo Deep Cleansing Pore Strips 14 Pack",
    "image_url": "https://cdn1.woolworths.media/content/wowproductimages/large/298114.jpg",
    "source_id": "Woolworths - 298114",
    "barcode": "9335782000094",
    "shop": "Woolworths",
    "weight": "1EA",
    "prices": [
      {
        "state": "NSW",
        "price": "770",
        "price_per_unit": "55",
        "price_unit": "EA"
      },
      {
        "state": "VIC",
        "price": "770",
        "price_per_unit": "55",
        "price_unit": "EA"
      },
      {
        "state": "QLD",
        "price": "770",
        "price_per_unit": "55",
        "price_unit": "EA"
      },
      {
        "state": "WA",
        "price": "770",
        "price_per_unit": "55",
        "price_unit": "EA"
      },
      {
        "state": "SA",
        "price": "770",
        "price_per_unit": "55",
        "price_unit": "EA"
      },
      {
        "state": "TAS",
        "price": "770",
        "price_per_unit": "55",
        "price_unit": "EA"
      },
      {
        "state": "ACT",
        "price": "770",
        "price_per_unit": "55",
        "price_unit": "EA"
      },
      {
        "state": "NT",
        "price": "770",
        "price_per_unit": "55",
        "price_unit": "EA"
      }
    ]
  },
  {
    "source_url": "https://www.woolworths.com.au/shop/productdetails/482729/biore-deep-cleansing-charcoal-pore-strip",
    "name": "Biore Deep Cleansing Charcoal Pore Strip 6 Pack",
    "image_url": "https://cdn1.woolworths.media/content/wowproductimages/large/482729.jpg",
    "source_id": "Woolworths - 482729",
    "barcode": "9335782004290",
    "shop": "Woolworths",
    "weight": "1EA",
    "prices": [
      {
        "state": "NSW",
        "price": "525",
        "price_per_unit": "88",
        "price_unit": "EA"
      },
      {
        "state": "VIC",
        "price": "525",
        "price_per_unit": "88",
        "price_unit": "EA"
      },
      {
        "state": "QLD",
        "price": "525",
        "price_per_unit": "88",
        "price_unit": "EA"
      },
      {
        "state": "WA",
        "price": "525",
        "price_per_unit": "88",
        "price_unit": "EA"
      },
      {
        "state": "SA",
        "price": "525",
        "price_per_unit": "88",
        "price_unit": "EA"
      },
      {
        "state": "TAS",
        "price": "525",
        "price_per_unit": "88",
        "price_unit": "EA"
      },
      {
        "state": "ACT",
        "price": "525",
        "price_per_unit": "88",
        "price_unit": "EA"
      },
      {
        "state": "NT",
        "price": "550",
        "price_per_unit": "92",
        "price_unit": "EA"
      }
    ]
  },
  {
    "source_url": "https://www.woolworths.com.au/shop/productdetails/1478/biore-deep-cleansing-pore-strips",
    "name": "Biore Deep Cleansing Pore Strips 6 Pack",
    "image_url": "https://cdn1.woolworths.media/content/wowproductimages/large/001478.jpg",
    "source_id": "Woolworths - 1478",
    "barcode": "9335782000018",
    "shop": "Woolworths",
    "weight": "1EA",
    "prices": [
      {
        "state": "NSW",
        "price": "500",
        "price_per_unit": "83",
        "price_unit": "EA"
      },
      {
        "state": "VIC",
        "price": "500",
        "price_per_unit": "83",
        "price_unit": "EA"
      },
      {
        "state": "WA",
        "price": "510",
        "price_per_unit": "85",
        "price_unit": "EA"
      },
      {
        "state": "SA",
        "price": "500",
        "price_per_unit": "83",
        "price_unit": "EA"
      },
      {
        "state": "TAS",
        "price": "500",
        "price_per_unit": "83",
        "price_unit": "EA"
      },
      {
        "state": "ACT",
        "price": "500",
        "price_per_unit": "83",
        "price_unit": "EA"
      }
    ]
  },
  {
    "source_url": "https://www.woolworths.com.au/shop/productdetails/1074650098/biotherm-biosource-24h-hydrating-softening-toner-for-dry-skin-200ml-6-76oz",
    "name": "Biotherm Biosource 24H Hydrating & Softening Toner - For Dry Skin 200ml/6.76oz",
    "image_url": "https://cdn1.woolworths.media/content/wowproductimages/large/1074650098.jpg",
    "source_id": "Woolworths - 1074650098",
    "barcode": null,
    "shop": "Woolworths",
    "weight": "100ML",
    "prices": [
      {
        "state": "NSW",
        "price": "4800",
        "price_per_unit": "2400",
        "price_unit": "ML"
      },
      {
        "state": "VIC",
        "price": "4800",
        "price_per_unit": "2400",
        "price_unit": "ML"
      },
      {
        "state": "QLD",
        "price": "4800",
        "price_per_unit": "2400",
        "price_unit": "ML"
      },
      {
        "state": "WA",
        "price": "4800",
        "price_per_unit": "2400",
        "price_unit": "ML"
      },
      {
        "state": "SA",
        "price": "4800",
        "price_per_unit": "2400",
        "price_unit": "ML"
      },
      {
        "state": "TAS",
        "price": "4800",
        "price_per_unit": "2400",
        "price_unit": "ML"
      },
      {
        "state": "ACT",
        "price": "4800",
        "price_per_unit": "2400",
        "price_unit": "ML"
      },
      {
        "state": "NT",
        "price": "4800",
        "price_per_unit": "2400",
        "price_unit": "ML"
      }
    ]
  },
  {
    "source_url": "https://www.woolworths.com.au/shop/productdetails/1074650099/biotherm-biosource-24h-hydrating-tonifying-toner-for-normal-combination-skin-200ml-6-76oz",
    "name": "Biotherm Biosource 24H Hydrating & Tonifying Toner - For Normal/Combination Skin 200ml/6.76oz",
    "image_url": "https://cdn1.woolworths.media/content/wowproductimages/large/1074650099.jpg",
    "source_id": "Woolworths - 1074650099",
    "barcode": null,
    "shop": "Woolworths",
    "weight": "100ML",
    "prices": [
      {
        "state": "NSW",
        "price": "4700",
        "price_per_unit": "2350",
        "price_unit": "ML"
      },
      {
        "state": "VIC",
        "price": "4700",
        "price_per_unit": "2350",
        "price_unit": "ML"
      },
      {
        "state": "QLD",
        "price": "4700",
        "price_per_unit": "2350",
        "price_unit": "ML"
      },
      {
        "state": "WA",
        "price": "4700",
        "price_per_unit": "2350",
        "price_unit": "ML"
      },
      {
        "state": "SA",
        "price": "4700",
        "price_per_unit": "2350",
        "price_unit": "ML"
      },
      {
        "state": "TAS",
        "price": "4700",
        "price_per_unit": "2350",
        "price_unit": "ML"
      },
      {
        "state": "ACT",
        "price": "4700",
        "price_per_unit": "2350",
        "price_unit": "ML"
      },
      {
        "state": "NT",
        "price": "4700",
        "price_per_unit": "2350",
        "price_unit": "ML"
      }
    ]
  },
  {
    "source_url": "https://www.woolworths.com.au/shop/productdetails/1074650100/biotherm-biosource-daily-exfoliating-cleansing-melting-gel-150ml-5-07oz",
    "name": "Biotherm Biosource Daily Exfoliating Cleansing Melting Gel 150ml/5.07oz",
    "image_url": "https://cdn1.woolworths.media/content/wowproductimages/large/1074650100.jpg",
    "source_id": "Woolworths - 1074650100",
    "barcode": null,
    "shop": "Woolworths",
    "weight": "100ML",
    "prices": [
      {
        "state": "NSW",
        "price": "5600",
        "price_per_unit": "3733",
        "price_unit": "ML"
      },
      {
        "state": "VIC",
        "price": "5600",
        "price_per_unit": "3733",
        "price_unit": "ML"
      },
      {
        "state": "QLD",
        "price": "5600",
        "price_per_unit": "3733",
        "price_unit": "ML"
      },
      {
        "state": "WA",
        "price": "5600",
        "price_per_unit": "3733",
        "price_unit": "ML"
      },
      {
        "state": "SA",
        "price": "5600",
        "price_per_unit": "3733",
        "price_unit": "ML"
      },
      {
        "state": "TAS",
        "price": "5600",
        "price_per_unit": "3733",
        "price_unit": "ML"
      },
      {
        "state": "ACT",
        "price": "5600",
        "price_per_unit": "3733",
        "price_unit": "ML"
      },
      {
        "state": "NT",
        "price": "5600",
        "price_per_unit": "3733",
        "price_unit": "ML"
      }
    ]
  },
  {
    "source_url": "https://www.woolworths.com.au/shop/productdetails/1075947917/biotherm-biosource-hydrating-softening-toner-for-dry-skin-400ml-13-52oz",
    "name": "Biotherm Biosource Hydrating & Softening Toner - For Dry Skin 400ml/13.52oz",
    "image_url": "https://cdn1.woolworths.media/content/wowproductimages/large/1075947917.jpg",
    "source_id": "Woolworths - 1075947917",
    "barcode": null,
    "shop": "Woolworths",
    "weight": "100ML",
    "prices": [
      {
        "state": "NSW",
        "price": "7100",
        "price_per_unit": "1775",
        "price_unit": "ML"
      },
      {
        "state": "VIC",
        "price": "7100",
        "price_per_unit": "1775",
        "price_unit": "ML"
      },
      {
        "state": "QLD",
        "price": "7100",
        "price_per_unit": "1775",
        "price_unit": "ML"
      },
      {
        "state": "WA",
        "price": "7100",
        "price_per_unit": "1775",
        "price_unit": "ML"
      },
      {
        "state": "SA",
        "price": "7100",
        "price_per_unit": "1775",
        "price_unit": "ML"
      },
      {
        "state": "TAS",
        "price": "7100",
        "price_per_unit": "1775",
        "price_unit": "ML"
      },
      {
        "state": "ACT",
        "price": "7100",
        "price_per_unit": "1775",
        "price_unit": "ML"
      },
      {
        "state": "NT",
        "price": "7100",
        "price_per_unit": "1775",
        "price_unit": "ML"
      }
    ]
  },
  {
    "source_url": "https://www.woolworths.com.au/shop/productdetails/1074738853/biotherm-biosource-purifying-foaming-cleanser-normal-to-combination-skin-150ml-5-07oz",
    "name": "Biotherm Biosource Purifying Foaming Cleanser - Normal to Combination Skin 150ml/5.07oz",
    "image_url": "https://cdn1.woolworths.media/content/wowproductimages/large/1074738853.jpg",
    "source_id": "Woolworths - 1074738853",
    "barcode": null,
    "shop": "Woolworths",
    "weight": "100ML",
    "prices": [
      {
        "state": "NSW",
        "price": "5600",
        "price_per_unit": "3733",
        "price_unit": "ML"
      },
      {
        "state": "VIC",
        "price": "5600",
        "price_per_unit": "3733",
        "price_unit": "ML"
      },
      {
        "state": "QLD",
        "price": "5600",
        "price_per_unit": "3733",
        "price_unit": "ML"
      },
      {
        "state": "WA",
        "price": "5600",
        "price_per_unit": "3733",
        "price_unit": "ML"
      },
      {
        "state": "SA",
        "price": "5600",
        "price_per_unit": "3733",
        "price_unit": "ML"
      },
      {
        "state": "TAS",
        "price": "5600",
        "price_per_unit": "3733",
        "price_unit": "ML"
      },
      {
        "state": "ACT",
        "price": "5600",
        "price_per_unit": "3733",
        "price_unit": "ML"
      },
      {
        "state": "NT",
        "price": "5600",
        "price_per_unit": "3733",
        "price_unit": "ML"
      }
    ]
  },
  {
    "source_url": "https://www.woolworths.com.au/shop/productdetails/1075947918/biotherm-biosource-softening-foaming-cleanser-for-dry-skin-150ml-5-07oz",
    "name": "Biotherm Biosource Softening Foaming Cleanser - For Dry Skin 150ml/5.07oz",
    "image_url": "https://cdn1.woolworths.media/content/wowproductimages/large/1075947918.jpg",
    "source_id": "Woolworths - 1075947918",
    "barcode": null,
    "shop": "Woolworths",
    "weight": "100ML",
    "prices": [
      {
        "state": "NSW",
        "price": "5900",
        "price_per_unit": "3933",
        "price_unit": "ML"
      },
      {
        "state": "VIC",
        "price": "5900",
        "price_per_unit": "3933",
        "price_unit": "ML"
      },
      {
        "state": "QLD",
        "price": "5900",
        "price_per_unit": "3933",
        "price_unit": "ML"
      },
      {
        "state": "WA",
        "price": "5900",
        "price_per_unit": "3933",
        "price_unit": "ML"
      },
      {
        "state": "SA",
        "price": "5900",
        "price_per_unit": "3933",
        "price_unit": "ML"
      },
      {
        "state": "TAS",
        "price": "5900",
        "price_per_unit": "3933",
        "price_unit": "ML"
      },
      {
        "state": "ACT",
        "price": "5900",
        "price_per_unit": "3933",
        "price_unit": "ML"
      },
      {
        "state": "NT",
        "price": "5900",
        "price_per_unit": "3933",
        "price_unit": "ML"
      }
    ]
  },
  {
    "source_url": "https://www.woolworths.com.au/shop/productdetails/1075947922/biotherm-cleansing-shower-milk-200ml-6-76oz",
    "name": "Biotherm Cleansing Shower Milk 200ml/6.76oz",
    "image_url": "https://cdn1.woolworths.media/content/wowproductimages/large/1075947922.jpg",
    "source_id": "Woolworths - 1075947922",
    "barcode": null,
    "shop": "Woolworths",
    "weight": "100ML",
    "prices": [
      {
        "state": "NSW",
        "price": "5200",
        "price_per_unit": "2600",
        "price_unit": "ML"
      },
      {
        "state": "VIC",
        "price": "5200",
        "price_per_unit": "2600",
        "price_unit": "ML"
      },
      {
        "state": "QLD",
        "price": "5200",
        "price_per_unit": "2600",
        "price_unit": "ML"
      },
      {
        "state": "WA",
        "price": "5200",
        "price_per_unit": "2600",
        "price_unit": "ML"
      },
      {
        "state": "SA",
        "price": "5200",
        "price_per_unit": "2600",
        "price_unit": "ML"
      },
      {
        "state": "TAS",
        "price": "5200",
        "price_per_unit": "2600",
        "price_unit": "ML"
      },
      {
        "state": "ACT",
        "price": "5200",
        "price_per_unit": "2600",
        "price_unit": "ML"
      },
      {
        "state": "NT",
        "price": "5200",
        "price_per_unit": "2600",
        "price_unit": "ML"
      }
    ]
  },
  {
    "source_url": "https://www.woolworths.com.au/shop/productdetails/1074650164/bjork-berries-body-scrub-creamy-exfoliating-treatment-200ml-6-76oz",
    "name": "Bjork & Berries Body Scrub Creamy Exfoliating Treatment 200ml/6.76oz",
    "image_url": "https://cdn1.woolworths.media/content/wowproductimages/large/1074650164.jpg",
    "source_id": "Woolworths - 1074650164",
    "barcode": null,
    "shop": "Woolworths",
    "weight": "100ML",
    "prices": [
      {
        "state": "NSW",
        "price": "6000",
        "price_per_unit": "3000",
        "price_unit": "ML"
      },
      {
        "state": "VIC",
        "price": "6000",
        "price_per_unit": "3000",
        "price_unit": "ML"
      },
      {
        "state": "QLD",
        "price": "6000",
        "price_per_unit": "3000",
        "price_unit": "ML"
      },
      {
        "state": "WA",
        "price": "6000",
        "price_per_unit": "3000",
        "price_unit": "ML"
      },
      {
        "state": "SA",
        "price": "6000",
        "price_per_unit": "3000",
        "price_unit": "ML"
      },
      {
        "state": "TAS",
        "price": "6000",
        "price_per_unit": "3000",
        "price_unit": "ML"
      },
      {
        "state": "ACT",
        "price": "6000",
        "price_per_unit": "3000",
        "price_unit": "ML"
      },
      {
        "state": "NT",
        "price": "6000",
        "price_per_unit": "3000",
        "price_unit": "ML"
      }
    ]
  },
  {
    "source_url": "https://www.woolworths.com.au/shop/productdetails/1074650167/bjork-berries-nourishing-cleanser-100ml-3-4oz",
    "name": "Bjork & Berries Nourishing Cleanser 100ml/3.4oz",
    "image_url": "https://cdn1.woolworths.media/content/wowproductimages/large/1074650167.jpg",
    "source_id": "Woolworths - 1074650167",
    "barcode": null,
    "shop": "Woolworths",
    "weight": "100ML",
    "prices": [
      {
        "state": "NSW",
        "price": "5400",
        "price_per_unit": "5400",
        "price_unit": "ML"
      },
      {
        "state": "VIC",
        "price": "5400",
        "price_per_unit": "5400",
        "price_unit": "ML"
      },
      {
        "state": "QLD",
        "price": "5400",
        "price_per_unit": "5400",
        "price_unit": "ML"
      },
      {
        "state": "WA",
        "price": "5400",
        "price_per_unit": "5400",
        "price_unit": "ML"
      },
      {
        "state": "SA",
        "price": "5400",
        "price_per_unit": "5400",
        "price_unit": "ML"
      },
      {
        "state": "TAS",
        "price": "5400",
        "price_per_unit": "5400",
        "price_unit": "ML"
      },
      {
        "state": "ACT",
        "price": "5400",
        "price_per_unit": "5400",
        "price_unit": "ML"
      },
      {
        "state": "NT",
        "price": "5400",
        "price_per_unit": "5400",
        "price_unit": "ML"
      }
    ]
  },
  {
    "source_url": "https://www.woolworths.com.au/shop/productdetails/1075919215/bobbi-brown-soothing-cleansing-oil-200ml",
    "name": "BOBBI BROWN Soothing Cleansing Oil 200ml",
    "image_url": "https://cdn1.woolworths.media/content/wowproductimages/large/1075919215.jpg",
    "source_id": "Woolworths - 1075919215",
    "barcode": null,
    "shop": "Woolworths",
    "weight": "100ML",
    "prices": [
      {
        "state": "NSW",
        "price": "7800",
        "price_per_unit": "3900",
        "price_unit": "ML"
      },
      {
        "state": "VIC",
        "price": "7800",
        "price_per_unit": "3900",
        "price_unit": "ML"
      },
      {
        "state": "QLD",
        "price": "7800",
        "price_per_unit": "3900",
        "price_unit": "ML"
      },
      {
        "state": "WA",
        "price": "7800",
        "price_per_unit": "3900",
        "price_unit": "ML"
      },
      {
        "state": "SA",
        "price": "7800",
        "price_per_unit": "3900",
        "price_unit": "ML"
      },
      {
        "state": "TAS",
        "price": "7800",
        "price_per_unit": "3900",
        "price_unit": "ML"
      },
      {
        "state": "ACT",
        "price": "7800",
        "price_per_unit": "3900",
        "price_unit": "ML"
      },
      {
        "state": "NT",
        "price": "7800",
        "price_per_unit": "3900",
        "price_unit": "ML"
      }
    ]
  },
  {
    "source_url": "https://www.woolworths.com.au/shop/productdetails/1074650181/bobbi-brown-soothing-cleansing-oil-200ml-6-7oz",
    "name": "Bobbi Brown Soothing Cleansing Oil 200ml/6.7oz",
    "image_url": "https://cdn1.woolworths.media/content/wowproductimages/large/1074650181.jpg",
    "source_id": "Woolworths - 1074650181",
    "barcode": null,
    "shop": "Woolworths",
    "weight": "100ML",
    "prices": [
      {
        "state": "NSW",
        "price": "8200",
        "price_per_unit": "4100",
        "price_unit": "ML"
      },
      {
        "state": "VIC",
        "price": "8200",
        "price_per_unit": "4100",
        "price_unit": "ML"
      },
      {
        "state": "QLD",
        "price": "8200",
        "price_per_unit": "4100",
        "price_unit": "ML"
      },
      {
        "state": "WA",
        "price": "8200",
        "price_per_unit": "4100",
        "price_unit": "ML"
      },
      {
        "state": "SA",
        "price": "8200",
        "price_per_unit": "4100",
        "price_unit": "ML"
      },
      {
        "state": "TAS",
        "price": "8200",
        "price_per_unit": "4100",
        "price_unit": "ML"
      },
      {
        "state": "ACT",
        "price": "8200",
        "price_per_unit": "4100",
        "price_unit": "ML"
      },
      {
        "state": "NT",
        "price": "8200",
        "price_per_unit": "4100",
        "price_unit": "ML"
      }
    ]
  },
  {
    "source_url": "https://www.woolworths.com.au/shop/productdetails/1074650182/bobbi-brown-soothing-cleansing-oil-400ml-13-5oz",
    "name": "Bobbi Brown Soothing Cleansing Oil 400ml/13.5oz",
    "image_url": "https://cdn1.woolworths.media/content/wowproductimages/large/1074650182.jpg",
    "source_id": "Woolworths - 1074650182",
    "barcode": null,
    "shop": "Woolworths",
    "weight": "100ML",
    "prices": [
      {
        "state": "NSW",
        "price": "14100",
        "price_per_unit": "3525",
        "price_unit": "ML"
      },
      {
        "state": "VIC",
        "price": "14100",
        "price_per_unit": "3525",
        "price_unit": "ML"
      },
      {
        "state": "QLD",
        "price": "14100",
        "price_per_unit": "3525",
        "price_unit": "ML"
      },
      {
        "state": "WA",
        "price": "14100",
        "price_per_unit": "3525",
        "price_unit": "ML"
      },
      {
        "state": "SA",
        "price": "14100",
        "price_per_unit": "3525",
        "price_unit": "ML"
      },
      {
        "state": "TAS",
        "price": "14100",
        "price_per_unit": "3525",
        "price_unit": "ML"
      },
      {
        "state": "ACT",
        "price": "14100",
        "price_per_unit": "3525",
        "price_unit": "ML"
      },
      {
        "state": "NT",
        "price": "14100",
        "price_per_unit": "3525",
        "price_unit": "ML"
      }
    ]
  },
  {
    "source_url": "https://www.woolworths.com.au/shop/productdetails/1074650184/bobbi-brown-vitamin-enriched-face-base-100ml-3-4oz",
    "name": "Bobbi Brown Vitamin Enriched Face Base 100ml/3.4oz",
    "image_url": "https://cdn1.woolworths.media/content/wowproductimages/large/1074650184.jpg",
    "source_id": "Woolworths - 1074650184",
    "barcode": null,
    "shop": "Woolworths",
    "weight": "100ML",
    "prices": [
      {
        "state": "NSW",
        "price": "15700",
        "price_per_unit": "15700",
        "price_unit": "ML"
      },
      {
        "state": "VIC",
        "price": "15700",
        "price_per_unit": "15700",
        "price_unit": "ML"
      },
      {
        "state": "QLD",
        "price": "15700",
        "price_per_unit": "15700",
        "price_unit": "ML"
      },
      {
        "state": "WA",
        "price": "15700",
        "price_per_unit": "15700",
        "price_unit": "ML"
      },
      {
        "state": "SA",
        "price": "15700",
        "price_per_unit": "15700",
        "price_unit": "ML"
      },
      {
        "state": "TAS",
        "price": "15700",
        "price_per_unit": "15700",
        "price_unit": "ML"
      },
      {
        "state": "ACT",
        "price": "15700",
        "price_per_unit": "15700",
        "price_unit": "ML"
      },
      {
        "state": "NT",
        "price": "15700",
        "price_per_unit": "15700",
        "price_unit": "ML"
      }
    ]
  },
  {
    "source_url": "https://www.woolworths.com.au/shop/productdetails/1075479420/bondi-sands-dual-action-exfoliating-mitt",
    "name": "Bondi Sands Dual Action Exfoliating Mitt",
    "image_url": "https://cdn1.woolworths.media/content/wowproductimages/large/1075479420.jpg",
    "source_id": "Woolworths - 1075479420",
    "barcode": null,
    "shop": "Woolworths",
    "weight": "1EA",
    "prices": [
      {
        "state": "NSW",
        "price": "1145",
        "price_per_unit": "1145",
        "price_unit": "EA"
      },
      {
        "state": "VIC",
        "price": "1145",
        "price_per_unit": "1145",
        "price_unit": "EA"
      },
      {
        "state": "QLD",
        "price": "1145",
        "price_per_unit": "1145",
        "price_unit": "EA"
      },
      {
        "state": "WA",
        "price": "1145",
        "price_per_unit": "1145",
        "price_unit": "EA"
      },
      {
        "state": "SA",
        "price": "1145",
        "price_per_unit": "1145",
        "price_unit": "EA"
      },
      {
        "state": "TAS",
        "price": "1145",
        "price_per_unit": "1145",
        "price_unit": "EA"
      },
      {
        "state": "ACT",
        "price": "1145",
        "price_per_unit": "1145",
        "price_unit": "EA"
      },
      {
        "state": "NT",
        "price": "1145",
        "price_per_unit": "1145",
        "price_unit": "EA"
      }
    ]
  },
  {
    "source_url": "https://www.woolworths.com.au/shop/productdetails/1074131788/botani-cream-cleanser-olive-soothing-cream-cleanser-100ml",
    "name": "Botani (Cream Cleanser) Olive Soothing Cream Cleanser 100ml",
    "image_url": "https://cdn1.woolworths.media/content/wowproductimages/large/1074131788.jpg",
    "source_id": "Woolworths - 1074131788",
    "barcode": null,
    "shop": "Woolworths",
    "weight": "100ML",
    "prices": [
      {
        "state": "NSW",
        "price": "7920",
        "price_per_unit": "7920",
        "price_unit": "ML"
      },
      {
        "state": "VIC",
        "price": "7920",
        "price_per_unit": "7920",
        "price_unit": "ML"
      },
      {
        "state": "QLD",
        "price": "7920",
        "price_per_unit": "7920",
        "price_unit": "ML"
      },
      {
        "state": "WA",
        "price": "7920",
        "price_per_unit": "7920",
        "price_unit": "ML"
      },
      {
        "state": "SA",
        "price": "7920",
        "price_per_unit": "7920",
        "price_unit": "ML"
      },
      {
        "state": "TAS",
        "price": "7920",
        "price_per_unit": "7920",
        "price_unit": "ML"
      },
      {
        "state": "ACT",
        "price": "7920",
        "price_per_unit": "7920",
        "price_unit": "ML"
      },
      {
        "state": "NT",
        "price": "7920",
        "price_per_unit": "7920",
        "price_unit": "ML"
      }
    ]
  },
  {
    "source_url": "https://www.woolworths.com.au/shop/productdetails/1074137842/botani-gel-cleanser-purify-facial-cleanser-100ml",
    "name": "Botani (Gel Cleanser) Purify Facial Cleanser 100ml",
    "image_url": "https://cdn1.woolworths.media/content/wowproductimages/large/1074137842.jpg",
    "source_id": "Woolworths - 1074137842",
    "barcode": null,
    "shop": "Woolworths",
    "weight": "100ML",
    "prices": [
      {
        "state": "NSW",
        "price": "7370",
        "price_per_unit": "7370",
        "price_unit": "ML"
      },
      {
        "state": "VIC",
        "price": "7370",
        "price_per_unit": "7370",
        "price_unit": "ML"
      },
      {
        "state": "QLD",
        "price": "7370",
        "price_per_unit": "7370",
        "price_unit": "ML"
      },
      {
        "state": "WA",
        "price": "7370",
        "price_per_unit": "7370",
        "price_unit": "ML"
      },
      {
        "state": "SA",
        "price": "7370",
        "price_per_unit": "7370",
        "price_unit": "ML"
      },
      {
        "state": "TAS",
        "price": "7370",
        "price_per_unit": "7370",
        "price_unit": "ML"
      },
      {
        "state": "ACT",
        "price": "7370",
        "price_per_unit": "7370",
        "price_unit": "ML"
      },
      {
        "state": "NT",
        "price": "7370",
        "price_per_unit": "7370",
        "price_unit": "ML"
      }
    ]
  },
  {
    "source_url": "https://www.woolworths.com.au/shop/productdetails/1074131789/botani-gel-cleanser-purify-facial-cleanser-50ml",
    "name": "Botani (Gel Cleanser) Purify Facial Cleanser 50ml",
    "image_url": "https://cdn1.woolworths.media/content/wowproductimages/large/1074131789.jpg",
    "source_id": "Woolworths - 1074131789",
    "barcode": null,
    "shop": "Woolworths",
    "weight": "100ML",
    "prices": [
      {
        "state": "NSW",
        "price": "6490",
        "price_per_unit": "12980",
        "price_unit": "ML"
      },
      {
        "state": "VIC",
        "price": "6490",
        "price_per_unit": "12980",
        "price_unit": "ML"
      },
      {
        "state": "QLD",
        "price": "6490",
        "price_per_unit": "12980",
        "price_unit": "ML"
      },
      {
        "state": "WA",
        "price": "6490",
        "price_per_unit": "12980",
        "price_unit": "ML"
      },
      {
        "state": "SA",
        "price": "6490",
        "price_per_unit": "12980",
        "price_unit": "ML"
      },
      {
        "state": "TAS",
        "price": "6490",
        "price_per_unit": "12980",
        "price_unit": "ML"
      },
      {
        "state": "ACT",
        "price": "6490",
        "price_per_unit": "12980",
        "price_unit": "ML"
      },
      {
        "state": "NT",
        "price": "6490",
        "price_per_unit": "12980",
        "price_unit": "ML"
      }
    ]
  },
  {
    "source_url": "https://www.woolworths.com.au/shop/productdetails/1074826457/botani-olive-cleansing-bar-125g",
    "name": "Botani Olive Cleansing Bar 125g",
    "image_url": "https://cdn1.woolworths.media/content/wowproductimages/large/1074826457.jpg",
    "source_id": "Woolworths - 1074826457",
    "barcode": null,
    "shop": "Woolworths",
    "weight": "100G",
    "prices": [
      {
        "state": "NSW",
        "price": "5060",
        "price_per_unit": "4048",
        "price_unit": "G"
      },
      {
        "state": "VIC",
        "price": "5060",
        "price_per_unit": "4048",
        "price_unit": "G"
      },
      {
        "state": "QLD",
        "price": "5060",
        "price_per_unit": "4048",
        "price_unit": "G"
      },
      {
        "state": "WA",
        "price": "5060",
        "price_per_unit": "4048",
        "price_unit": "G"
      },
      {
        "state": "SA",
        "price": "5060",
        "price_per_unit": "4048",
        "price_unit": "G"
      },
      {
        "state": "TAS",
        "price": "5060",
        "price_per_unit": "4048",
        "price_unit": "G"
      },
      {
        "state": "ACT",
        "price": "5060",
        "price_per_unit": "4048",
        "price_unit": "G"
      },
      {
        "state": "NT",
        "price": "5060",
        "price_per_unit": "4048",
        "price_unit": "G"
      }
    ]
  },
  {
    "source_url": "https://www.woolworths.com.au/shop/productdetails/1074131794/botani-rescue-acne-cream-30g",
    "name": "Botani Rescue Acne Cream 30g",
    "image_url": "https://cdn1.woolworths.media/content/wowproductimages/large/1074131794.jpg",
    "source_id": "Woolworths - 1074131794",
    "barcode": null,
    "shop": "Woolworths",
    "weight": "100G",
    "prices": [
      {
        "state": "NSW",
        "price": "7480",
        "price_per_unit": "24933",
        "price_unit": "G"
      },
      {
        "state": "VIC",
        "price": "7480",
        "price_per_unit": "24933",
        "price_unit": "G"
      },
      {
        "state": "QLD",
        "price": "7480",
        "price_per_unit": "24933",
        "price_unit": "G"
      },
      {
        "state": "WA",
        "price": "7480",
        "price_per_unit": "24933",
        "price_unit": "G"
      },
      {
        "state": "SA",
        "price": "7480",
        "price_per_unit": "24933",
        "price_unit": "G"
      },
      {
        "state": "TAS",
        "price": "7480",
        "price_per_unit": "24933",
        "price_unit": "G"
      },
      {
        "state": "ACT",
        "price": "7480",
        "price_per_unit": "24933",
        "price_unit": "G"
      },
      {
        "state": "NT",
        "price": "7480",
        "price_per_unit": "24933",
        "price_unit": "G"
      }
    ]
  },
  {
    "source_url": "https://www.woolworths.com.au/shop/productdetails/1074131795/botani-rescue-acne-foaming-cleanser-purify-balance-100ml",
    "name": "Botani Rescue Acne Foaming Cleanser (Purify + Balance) 100ml",
    "image_url": "https://cdn1.woolworths.media/content/wowproductimages/large/1074131795.jpg",
    "source_id": "Woolworths - 1074131795",
    "barcode": null,
    "shop": "Woolworths",
    "weight": "100ML",
    "prices": [
      {
        "state": "NSW",
        "price": "6930",
        "price_per_unit": "6930",
        "price_unit": "ML"
      },
      {
        "state": "VIC",
        "price": "6930",
        "price_per_unit": "6930",
        "price_unit": "ML"
      },
      {
        "state": "QLD",
        "price": "6930",
        "price_per_unit": "6930",
        "price_unit": "ML"
      },
      {
        "state": "WA",
        "price": "6930",
        "price_per_unit": "6930",
        "price_unit": "ML"
      },
      {
        "state": "SA",
        "price": "6930",
        "price_per_unit": "6930",
        "price_unit": "ML"
      },
      {
        "state": "TAS",
        "price": "6930",
        "price_per_unit": "6930",
        "price_unit": "ML"
      },
      {
        "state": "ACT",
        "price": "6930",
        "price_per_unit": "6930",
        "price_unit": "ML"
      },
      {
        "state": "NT",
        "price": "6930",
        "price_per_unit": "6930",
        "price_unit": "ML"
      }
    ]
  },
  {
    "source_url": "https://www.woolworths.com.au/shop/productdetails/1074131797/botani-rescue-pore-refiner-essence-exfoliate-mattify-100ml",
    "name": "Botani Rescue Pore Refiner Essence (Exfoliate + Mattify) 100ml",
    "image_url": "https://cdn1.woolworths.media/content/wowproductimages/large/1074131797.jpg",
    "source_id": "Woolworths - 1074131797",
    "barcode": null,
    "shop": "Woolworths",
    "weight": "100ML",
    "prices": [
      {
        "state": "NSW",
        "price": "7920",
        "price_per_unit": "7920",
        "price_unit": "ML"
      },
      {
        "state": "VIC",
        "price": "7920",
        "price_per_unit": "7920",
        "price_unit": "ML"
      },
      {
        "state": "QLD",
        "price": "7920",
        "price_per_unit": "7920",
        "price_unit": "ML"
      },
      {
        "state": "WA",
        "price": "7920",
        "price_per_unit": "7920",
        "price_unit": "ML"
      },
      {
        "state": "SA",
        "price": "7920",
        "price_per_unit": "7920",
        "price_unit": "ML"
      },
      {
        "state": "TAS",
        "price": "7920",
        "price_per_unit": "7920",
        "price_unit": "ML"
      },
      {
        "state": "ACT",
        "price": "7920",
        "price_per_unit": "7920",
        "price_unit": "ML"
      },
      {
        "state": "NT",
        "price": "7920",
        "price_per_unit": "7920",
        "price_unit": "ML"
      }
    ]
  },
  {
    "source_url": "https://www.woolworths.com.au/shop/productdetails/1074131798/botani-soothing-facial-mist-50ml",
    "name": "Botani Soothing Facial Mist 50ml",
    "image_url": "https://cdn1.woolworths.media/content/wowproductimages/large/1074131798.jpg",
    "source_id": "Woolworths - 1074131798",
    "barcode": null,
    "shop": "Woolworths",
    "weight": "100ML",
    "prices": [
      {
        "state": "NSW",
        "price": "6380",
        "price_per_unit": "12760",
        "price_unit": "ML"
      },
      {
        "state": "VIC",
        "price": "6380",
        "price_per_unit": "12760",
        "price_unit": "ML"
      },
      {
        "state": "QLD",
        "price": "6380",
        "price_per_unit": "12760",
        "price_unit": "ML"
      },
      {
        "state": "WA",
        "price": "6380",
        "price_per_unit": "12760",
        "price_unit": "ML"
      },
      {
        "state": "SA",
        "price": "6380",
        "price_per_unit": "12760",
        "price_unit": "ML"
      },
      {
        "state": "TAS",
        "price": "6380",
        "price_per_unit": "12760",
        "price_unit": "ML"
      },
      {
        "state": "ACT",
        "price": "6380",
        "price_per_unit": "12760",
        "price_unit": "ML"
      },
      {
        "state": "NT",
        "price": "6380",
        "price_per_unit": "12760",
        "price_unit": "ML"
      }
    ]
  },
  {
    "source_url": "https://www.woolworths.com.au/shop/productdetails/1074131799/botani-spirulina-salt-scrub-250g",
    "name": "Botani Spirulina Salt Scrub 250g",
    "image_url": "https://cdn1.woolworths.media/content/wowproductimages/large/1074131799.jpg",
    "source_id": "Woolworths - 1074131799",
    "barcode": null,
    "shop": "Woolworths",
    "weight": "100G",
    "prices": [
      {
        "state": "NSW",
        "price": "8360",
        "price_per_unit": "3344",
        "price_unit": "G"
      },
      {
        "state": "VIC",
        "price": "8360",
        "price_per_unit": "3344",
        "price_unit": "G"
      },
      {
        "state": "QLD",
        "price": "8360",
        "price_per_unit": "3344",
        "price_unit": "G"
      },
      {
        "state": "WA",
        "price": "8360",
        "price_per_unit": "3344",
        "price_unit": "G"
      },
      {
        "state": "SA",
        "price": "8360",
        "price_per_unit": "3344",
        "price_unit": "G"
      },
      {
        "state": "TAS",
        "price": "8360",
        "price_per_unit": "3344",
        "price_unit": "G"
      },
      {
        "state": "ACT",
        "price": "8360",
        "price_per_unit": "3344",
        "price_unit": "G"
      },
      {
        "state": "NT",
        "price": "8360",
        "price_per_unit": "3344",
        "price_unit": "G"
      }
    ]
  },
  {
    "source_url": "https://www.woolworths.com.au/shop/productdetails/1074131800/botanika-blends-activated-charcoal-300g",
    "name": "Botanika Blends Activated Charcoal 300g",
    "image_url": "https://cdn1.woolworths.media/content/wowproductimages/large/1074131800.jpg",
    "source_id": "Woolworths - 1074131800",
    "barcode": null,
    "shop": "Woolworths",
    "weight": "100G",
    "prices": [
      {
        "state": "NSW",
        "price": "6600",
        "price_per_unit": "2200",
        "price_unit": "G"
      },
      {
        "state": "VIC",
        "price": "6600",
        "price_per_unit": "2200",
        "price_unit": "G"
      },
      {
        "state": "QLD",
        "price": "6820",
        "price_per_unit": "2273",
        "price_unit": "G"
      },
      {
        "state": "WA",
        "price": "6820",
        "price_per_unit": "2273",
        "price_unit": "G"
      },
      {
        "state": "SA",
        "price": "6820",
        "price_per_unit": "2273",
        "price_unit": "G"
      },
      {
        "state": "TAS",
        "price": "6820",
        "price_per_unit": "2273",
        "price_unit": "G"
      },
      {
        "state": "ACT",
        "price": "6820",
        "price_per_unit": "2273",
        "price_unit": "G"
      },
      {
        "state": "NT",
        "price": "6820",
        "price_per_unit": "2273",
        "price_unit": "G"
      }
    ]
  },
  {
    "source_url": "https://www.woolworths.com.au/shop/productdetails/1074452486/bring-green-artemisia-calming-balance-toner-270ml",
    "name": "Bring Green Artemisia Calming Balance Toner 270ml",
    "image_url": "https://cdn1.woolworths.media/content/wowproductimages/large/1074452486.jpg",
    "source_id": "Woolworths - 1074452486",
    "barcode": null,
    "shop": "Woolworths",
    "weight": "100ML",
    "prices": [
      {
        "state": "NSW",
        "price": "3600",
        "price_per_unit": "1333",
        "price_unit": "ML"
      },
      {
        "state": "VIC",
        "price": "3600",
        "price_per_unit": "1333",
        "price_unit": "ML"
      },
      {
        "state": "QLD",
        "price": "3600",
        "price_per_unit": "1333",
        "price_unit": "ML"
      },
      {
        "state": "WA",
        "price": "3600",
        "price_per_unit": "1333",
        "price_unit": "ML"
      },
      {
        "state": "SA",
        "price": "3600",
        "price_per_unit": "1333",
        "price_unit": "ML"
      },
      {
        "state": "TAS",
        "price": "3600",
        "price_per_unit": "1333",
        "price_unit": "ML"
      },
      {
        "state": "ACT",
        "price": "3600",
        "price_per_unit": "1333",
        "price_unit": "ML"
      },
      {
        "state": "NT",
        "price": "3600",
        "price_per_unit": "1333",
        "price_unit": "ML"
      }
    ]
  },
  {
    "source_url": "https://www.woolworths.com.au/shop/productdetails/1074452475/bring-green-tea-tree-cica-soothing-toner-250ml",
    "name": "Bring Green Tea Tree Cica Soothing Toner 250ml",
    "image_url": "https://cdn1.woolworths.media/content/wowproductimages/large/1074452475.jpg",
    "source_id": "Woolworths - 1074452475",
    "barcode": null,
    "shop": "Woolworths",
    "weight": "100ML",
    "prices": [
      {
        "state": "NSW",
        "price": "4300",
        "price_per_unit": "1720",
        "price_unit": "ML"
      },
      {
        "state": "VIC",
        "price": "4300",
        "price_per_unit": "1720",
        "price_unit": "ML"
      },
      {
        "state": "QLD",
        "price": "4300",
        "price_per_unit": "1720",
        "price_unit": "ML"
      },
      {
        "state": "WA",
        "price": "4300",
        "price_per_unit": "1720",
        "price_unit": "ML"
      },
      {
        "state": "SA",
        "price": "4300",
        "price_per_unit": "1720",
        "price_unit": "ML"
      },
      {
        "state": "TAS",
        "price": "4300",
        "price_per_unit": "1720",
        "price_unit": "ML"
      },
      {
        "state": "ACT",
        "price": "4300",
        "price_per_unit": "1720",
        "price_unit": "ML"
      },
      {
        "state": "NT",
        "price": "4300",
        "price_per_unit": "1720",
        "price_unit": "ML"
      }
    ]
  },
  {
    "source_url": "https://www.woolworths.com.au/shop/productdetails/1074452476/bring-green-tea-tree-cica-soothing-toner-510ml",
    "name": "Bring Green Tea Tree Cica Soothing Toner 510ml",
    "image_url": "https://cdn1.woolworths.media/content/wowproductimages/large/1074452476.jpg",
    "source_id": "Woolworths - 1074452476",
    "barcode": null,
    "shop": "Woolworths",
    "weight": "100ML",
    "prices": [
      {
        "state": "NSW",
        "price": "6300",
        "price_per_unit": "1235",
        "price_unit": "ML"
      },
      {
        "state": "VIC",
        "price": "6300",
        "price_per_unit": "1235",
        "price_unit": "ML"
      },
      {
        "state": "QLD",
        "price": "6300",
        "price_per_unit": "1235",
        "price_unit": "ML"
      },
      {
        "state": "WA",
        "price": "6300",
        "price_per_unit": "1235",
        "price_unit": "ML"
      },
      {
        "state": "SA",
        "price": "6300",
        "price_per_unit": "1235",
        "price_unit": "ML"
      },
      {
        "state": "TAS",
        "price": "6300",
        "price_per_unit": "1235",
        "price_unit": "ML"
      },
      {
        "state": "ACT",
        "price": "6300",
        "price_per_unit": "1235",
        "price_unit": "ML"
      },
      {
        "state": "NT",
        "price": "6300",
        "price_per_unit": "1235",
        "price_unit": "ML"
      }
    ]
  },
  {
    "source_url": "https://www.woolworths.com.au/shop/productdetails/1074166030/burt-s-bees-burt-s-bees-facial-cleansing-towelettes-normal-skin-with-white-tea-extract-x-30-pack",
    "name": "Burt's Bees Burt's Bees Facial Cleansing Towelettes Normal Skin (with White Tea Extract) x 30 Pack",
    "image_url": "https://cdn1.woolworths.media/content/wowproductimages/large/1074166030.jpg",
    "source_id": "Woolworths - 1074166030",
    "barcode": null,
    "shop": "Woolworths",
    "weight": "1EA",
    "prices": [
      {
        "state": "NSW",
        "price": "5280",
        "price_per_unit": "176",
        "price_unit": "EA"
      },
      {
        "state": "VIC",
        "price": "5280",
        "price_per_unit": "176",
        "price_unit": "EA"
      },
      {
        "state": "QLD",
        "price": "5280",
        "price_per_unit": "176",
        "price_unit": "EA"
      },
      {
        "state": "WA",
        "price": "5280",
        "price_per_unit": "176",
        "price_unit": "EA"
      },
      {
        "state": "SA",
        "price": "5280",
        "price_per_unit": "176",
        "price_unit": "EA"
      },
      {
        "state": "TAS",
        "price": "5280",
        "price_per_unit": "176",
        "price_unit": "EA"
      },
      {
        "state": "ACT",
        "price": "5280",
        "price_per_unit": "176",
        "price_unit": "EA"
      },
      {
        "state": "NT",
        "price": "5280",
        "price_per_unit": "176",
        "price_unit": "EA"
      }
    ]
  },
  {
    "source_url": "https://www.woolworths.com.au/shop/productdetails/1076392498/burt-s-bees-conditioning-lip-scrub-7-08g-honey-x-4",
    "name": "Burt's Bees Conditioning Lip Scrub 7.08g - Honey x 4",
    "image_url": "https://cdn1.woolworths.media/content/wowproductimages/large/1076392498.jpg",
    "source_id": "Woolworths - 1076392498",
    "barcode": null,
    "shop": "Woolworths",
    "weight": "1EA",
    "prices": [
      {
        "state": "NSW",
        "price": "4499",
        "price_per_unit": "1125",
        "price_unit": "EA"
      },
      {
        "state": "VIC",
        "price": "4499",
        "price_per_unit": "1125",
        "price_unit": "EA"
      },
      {
        "state": "QLD",
        "price": "4499",
        "price_per_unit": "1125",
        "price_unit": "EA"
      },
      {
        "state": "WA",
        "price": "4499",
        "price_per_unit": "1125",
        "price_unit": "EA"
      },
      {
        "state": "SA",
        "price": "4499",
        "price_per_unit": "1125",
        "price_unit": "EA"
      },
      {
        "state": "TAS",
        "price": "4499",
        "price_per_unit": "1125",
        "price_unit": "EA"
      },
      {
        "state": "ACT",
        "price": "4499",
        "price_per_unit": "1125",
        "price_unit": "EA"
      },
      {
        "state": "NT",
        "price": "4499",
        "price_per_unit": "1125",
        "price_unit": "EA"
      }
    ]
  },
  {
    "source_url": "https://www.woolworths.com.au/shop/productdetails/1076392497/burt-s-bees-conditioning-lip-scrub-7-08g-mocha-x-4",
    "name": "Burt's Bees Conditioning Lip Scrub 7.08g - Mocha x 4",
    "image_url": "https://cdn1.woolworths.media/content/wowproductimages/large/1076392497.jpg",
    "source_id": "Woolworths - 1076392497",
    "barcode": null,
    "shop": "Woolworths",
    "weight": "1EA",
    "prices": [
      {
        "state": "NSW",
        "price": "4499",
        "price_per_unit": "1125",
        "price_unit": "EA"
      },
      {
        "state": "VIC",
        "price": "4499",
        "price_per_unit": "1125",
        "price_unit": "EA"
      },
      {
        "state": "QLD",
        "price": "4499",
        "price_per_unit": "1125",
        "price_unit": "EA"
      },
      {
        "state": "WA",
        "price": "4499",
        "price_per_unit": "1125",
        "price_unit": "EA"
      },
      {
        "state": "SA",
        "price": "4499",
        "price_per_unit": "1125",
        "price_unit": "EA"
      },
      {
        "state": "TAS",
        "price": "4499",
        "price_per_unit": "1125",
        "price_unit": "EA"
      },
      {
        "state": "ACT",
        "price": "4499",
        "price_per_unit": "1125",
        "price_unit": "EA"
      },
      {
        "state": "NT",
        "price": "4499",
        "price_per_unit": "1125",
        "price_unit": "EA"
      }
    ]
  },
  {
    "source_url": "https://www.woolworths.com.au/shop/productdetails/1076392504/burt-s-bees-sensitive-facial-cleanser-170g-x-2",
    "name": "Burt's Bees Sensitive Facial Cleanser 170g x 2",
    "image_url": "https://cdn1.woolworths.media/content/wowproductimages/large/1076392504.jpg",
    "source_id": "Woolworths - 1076392504",
    "barcode": null,
    "shop": "Woolworths",
    "weight": "1EA",
    "prices": [
      {
        "state": "NSW",
        "price": "3900",
        "price_per_unit": "1950",
        "price_unit": "EA"
      },
      {
        "state": "VIC",
        "price": "3900",
        "price_per_unit": "1950",
        "price_unit": "EA"
      },
      {
        "state": "QLD",
        "price": "3900",
        "price_per_unit": "1950",
        "price_unit": "EA"
      },
      {
        "state": "WA",
        "price": "3900",
        "price_per_unit": "1950",
        "price_unit": "EA"
      },
      {
        "state": "SA",
        "price": "3900",
        "price_per_unit": "1950",
        "price_unit": "EA"
      },
      {
        "state": "TAS",
        "price": "3900",
        "price_per_unit": "1950",
        "price_unit": "EA"
      },
      {
        "state": "ACT",
        "price": "3900",
        "price_per_unit": "1950",
        "price_unit": "EA"
      },
      {
        "state": "NT",
        "price": "3900",
        "price_per_unit": "1950",
        "price_unit": "EA"
      }
    ]
  },
  {
    "source_url": "https://www.woolworths.com.au/shop/productdetails/1074650196/by-terry-baume-de-rose-beauty-toner-200ml-6-8oz",
    "name": "By Terry Baume De Rose Beauty Toner 200ml/6.8oz",
    "image_url": "https://cdn1.woolworths.media/content/wowproductimages/large/1074650196.jpg",
    "source_id": "Woolworths - 1074650196",
    "barcode": null,
    "shop": "Woolworths",
    "weight": "100ML",
    "prices": [
      {
        "state": "NSW",
        "price": "7200",
        "price_per_unit": "3600",
        "price_unit": "ML"
      },
      {
        "state": "VIC",
        "price": "7200",
        "price_per_unit": "3600",
        "price_unit": "ML"
      },
      {
        "state": "QLD",
        "price": "7200",
        "price_per_unit": "3600",
        "price_unit": "ML"
      },
      {
        "state": "WA",
        "price": "7200",
        "price_per_unit": "3600",
        "price_unit": "ML"
      },
      {
        "state": "SA",
        "price": "7200",
        "price_per_unit": "3600",
        "price_unit": "ML"
      },
      {
        "state": "TAS",
        "price": "7200",
        "price_per_unit": "3600",
        "price_unit": "ML"
      },
      {
        "state": "ACT",
        "price": "7200",
        "price_per_unit": "3600",
        "price_unit": "ML"
      },
      {
        "state": "NT",
        "price": "7200",
        "price_per_unit": "3600",
        "price_unit": "ML"
      }
    ]
  },
  {
    "source_url": "https://www.woolworths.com.au/shop/productdetails/1074445859/by-wishtrend-green-tea-enzyme-powder-wash-110g",
    "name": "By Wishtrend Green Tea & Enzyme Powder Wash 110g",
    "image_url": "https://cdn1.woolworths.media/content/wowproductimages/large/1074445859.jpg",
    "source_id": "Woolworths - 1074445859",
    "barcode": null,
    "shop": "Woolworths",
    "weight": "100G",
    "prices": [
      {
        "state": "NSW",
        "price": "4500",
        "price_per_unit": "4091",
        "price_unit": "G"
      },
      {
        "state": "VIC",
        "price": "4500",
        "price_per_unit": "4091",
        "price_unit": "G"
      },
      {
        "state": "QLD",
        "price": "4500",
        "price_per_unit": "4091",
        "price_unit": "G"
      },
      {
        "state": "WA",
        "price": "4500",
        "price_per_unit": "4091",
        "price_unit": "G"
      },
      {
        "state": "SA",
        "price": "4500",
        "price_per_unit": "4091",
        "price_unit": "G"
      },
      {
        "state": "TAS",
        "price": "4500",
        "price_per_unit": "4091",
        "price_unit": "G"
      },
      {
        "state": "ACT",
        "price": "4500",
        "price_per_unit": "4091",
        "price_unit": "G"
      },
      {
        "state": "NT",
        "price": "4500",
        "price_per_unit": "4091",
        "price_unit": "G"
      }
    ]
  },
  {
    "source_url": "https://www.woolworths.com.au/shop/productdetails/1074650203/bye-bye-blemish-anti-ance-cleanser-for-face-body-236ml-8oz",
    "name": "Bye Bye Blemish Anti-Ance Cleanser - For Face & Body 236ml/8oz",
    "image_url": "https://cdn1.woolworths.media/content/wowproductimages/large/1074650203.jpg",
    "source_id": "Woolworths - 1074650203",
    "barcode": null,
    "shop": "Woolworths",
    "weight": "100ML",
    "prices": [
      {
        "state": "NSW",
        "price": "3000",
        "price_per_unit": "1271",
        "price_unit": "ML"
      },
      {
        "state": "VIC",
        "price": "3000",
        "price_per_unit": "1271",
        "price_unit": "ML"
      },
      {
        "state": "QLD",
        "price": "3000",
        "price_per_unit": "1271",
        "price_unit": "ML"
      },
      {
        "state": "WA",
        "price": "3000",
        "price_per_unit": "1271",
        "price_unit": "ML"
      },
      {
        "state": "SA",
        "price": "3000",
        "price_per_unit": "1271",
        "price_unit": "ML"
      },
      {
        "state": "TAS",
        "price": "3000",
        "price_per_unit": "1271",
        "price_unit": "ML"
      },
      {
        "state": "ACT",
        "price": "3000",
        "price_per_unit": "1271",
        "price_unit": "ML"
      },
      {
        "state": "NT",
        "price": "3000",
        "price_per_unit": "1271",
        "price_unit": "ML"
      }
    ]
  },
  {
    "source_url": "https://www.woolworths.com.au/shop/productdetails/1074650204/bye-bye-blemish-dissolving-cleanser-50sheets",
    "name": "Bye Bye Blemish Dissolving Cleanser 50sheets",
    "image_url": "https://cdn1.woolworths.media/content/wowproductimages/large/1074650204.jpg",
    "source_id": "Woolworths - 1074650204",
    "barcode": null,
    "shop": "Woolworths",
    "weight": "100EA",
    "prices": [
      {
        "state": "NSW",
        "price": "2400",
        "price_per_unit": "4800",
        "price_unit": "EA"
      },
      {
        "state": "VIC",
        "price": "2400",
        "price_per_unit": "4800",
        "price_unit": "EA"
      },
      {
        "state": "QLD",
        "price": "2400",
        "price_per_unit": "4800",
        "price_unit": "EA"
      },
      {
        "state": "WA",
        "price": "2400",
        "price_per_unit": "4800",
        "price_unit": "EA"
      },
      {
        "state": "SA",
        "price": "2400",
        "price_per_unit": "4800",
        "price_unit": "EA"
      },
      {
        "state": "TAS",
        "price": "2400",
        "price_per_unit": "4800",
        "price_unit": "EA"
      },
      {
        "state": "ACT",
        "price": "2400",
        "price_per_unit": "4800",
        "price_unit": "EA"
      },
      {
        "state": "NT",
        "price": "2400",
        "price_per_unit": "4800",
        "price_unit": "EA"
      }
    ]
  },
  {
    "source_url": "https://www.woolworths.com.au/shop/productdetails/1074650209/bye-bye-blemish-vitamin-c-exfoliating-gel-118ml-4oz",
    "name": "Bye Bye Blemish Vitamin C Exfoliating Gel 118ml/4oz",
    "image_url": "https://cdn1.woolworths.media/content/wowproductimages/large/1074650209.jpg",
    "source_id": "Woolworths - 1074650209",
    "barcode": null,
    "shop": "Woolworths",
    "weight": "100ML",
    "prices": [
      {
        "state": "NSW",
        "price": "2500",
        "price_per_unit": "2119",
        "price_unit": "ML"
      },
      {
        "state": "VIC",
        "price": "2500",
        "price_per_unit": "2119",
        "price_unit": "ML"
      },
      {
        "state": "QLD",
        "price": "2500",
        "price_per_unit": "2119",
        "price_unit": "ML"
      },
      {
        "state": "WA",
        "price": "2500",
        "price_per_unit": "2119",
        "price_unit": "ML"
      },
      {
        "state": "SA",
        "price": "2500",
        "price_per_unit": "2119",
        "price_unit": "ML"
      },
      {
        "state": "TAS",
        "price": "2500",
        "price_per_unit": "2119",
        "price_unit": "ML"
      },
      {
        "state": "ACT",
        "price": "2500",
        "price_per_unit": "2119",
        "price_unit": "ML"
      },
      {
        "state": "NT",
        "price": "2500",
        "price_per_unit": "2119",
        "price_unit": "ML"
      }
    ]
  },
  {
    "source_url": "https://www.woolworths.com.au/shop/productdetails/1074662641/bye-bye-blemish-witch-hazel-tea-tree-skin-toner-130ml-4-4oz",
    "name": "Bye Bye Blemish Witch Hazel + Tea Tree Skin Toner 130ml/4.4oz",
    "image_url": "https://cdn1.woolworths.media/content/wowproductimages/large/1074662641.jpg",
    "source_id": "Woolworths - 1074662641",
    "barcode": null,
    "shop": "Woolworths",
    "weight": "100ML",
    "prices": [
      {
        "state": "NSW",
        "price": "2300",
        "price_per_unit": "1769",
        "price_unit": "ML"
      },
      {
        "state": "VIC",
        "price": "2300",
        "price_per_unit": "1769",
        "price_unit": "ML"
      },
      {
        "state": "QLD",
        "price": "2300",
        "price_per_unit": "1769",
        "price_unit": "ML"
      },
      {
        "state": "WA",
        "price": "2300",
        "price_per_unit": "1769",
        "price_unit": "ML"
      },
      {
        "state": "SA",
        "price": "2300",
        "price_per_unit": "1769",
        "price_unit": "ML"
      },
      {
        "state": "TAS",
        "price": "2300",
        "price_per_unit": "1769",
        "price_unit": "ML"
      },
      {
        "state": "ACT",
        "price": "2300",
        "price_per_unit": "1769",
        "price_unit": "ML"
      },
      {
        "state": "NT",
        "price": "2300",
        "price_per_unit": "1769",
        "price_unit": "ML"
      }
    ]
  },
  {
    "source_url": "https://www.woolworths.com.au/shop/productdetails/1074650216/carenology95-re-blue-facial-cleanser-120ml-4-05oz",
    "name": "Carenology95 RE:BLUE Facial Cleanser 120ml/4.05oz",
    "image_url": "https://cdn1.woolworths.media/content/wowproductimages/large/1074650216.jpg",
    "source_id": "Woolworths - 1074650216",
    "barcode": null,
    "shop": "Woolworths",
    "weight": "100ML",
    "prices": [
      {
        "state": "NSW",
        "price": "3000",
        "price_per_unit": "2500",
        "price_unit": "ML"
      },
      {
        "state": "VIC",
        "price": "3000",
        "price_per_unit": "2500",
        "price_unit": "ML"
      },
      {
        "state": "QLD",
        "price": "3000",
        "price_per_unit": "2500",
        "price_unit": "ML"
      },
      {
        "state": "WA",
        "price": "3000",
        "price_per_unit": "2500",
        "price_unit": "ML"
      },
      {
        "state": "SA",
        "price": "3000",
        "price_per_unit": "2500",
        "price_unit": "ML"
      },
      {
        "state": "TAS",
        "price": "3000",
        "price_per_unit": "2500",
        "price_unit": "ML"
      },
      {
        "state": "ACT",
        "price": "3000",
        "price_per_unit": "2500",
        "price_unit": "ML"
      },
      {
        "state": "NT",
        "price": "3000",
        "price_per_unit": "2500",
        "price_unit": "ML"
      }
    ]
  },
  {
    "source_url": "https://www.woolworths.com.au/shop/productdetails/1074650232/caudalie-gentle-buffing-cream-sensitive-skin-75ml-2-5oz",
    "name": "Caudalie Gentle Buffing Cream - Sensitive skin 75ml/2.5oz",
    "image_url": "https://cdn1.woolworths.media/content/wowproductimages/large/1074650232.jpg",
    "source_id": "Woolworths - 1074650232",
    "barcode": null,
    "shop": "Woolworths",
    "weight": "100ML",
    "prices": [
      {
        "state": "NSW",
        "price": "5500",
        "price_per_unit": "7333",
        "price_unit": "ML"
      },
      {
        "state": "VIC",
        "price": "5500",
        "price_per_unit": "7333",
        "price_unit": "ML"
      },
      {
        "state": "QLD",
        "price": "5500",
        "price_per_unit": "7333",
        "price_unit": "ML"
      },
      {
        "state": "WA",
        "price": "5500",
        "price_per_unit": "7333",
        "price_unit": "ML"
      },
      {
        "state": "SA",
        "price": "5500",
        "price_per_unit": "7333",
        "price_unit": "ML"
      },
      {
        "state": "TAS",
        "price": "5500",
        "price_per_unit": "7333",
        "price_unit": "ML"
      },
      {
        "state": "ACT",
        "price": "5500",
        "price_per_unit": "7333",
        "price_unit": "ML"
      },
      {
        "state": "NT",
        "price": "5500",
        "price_per_unit": "7333",
        "price_unit": "ML"
      }
    ]
  },
  {
    "source_url": "https://www.woolworths.com.au/shop/productdetails/1074650251/caudalie-vinoclean-instant-foaming-cleanser-travel-size-50ml-1-6oz",
    "name": "Caudalie Vinoclean Instant Foaming Cleanser (Travel Size) 50ml/1.6oz",
    "image_url": "https://cdn1.woolworths.media/content/wowproductimages/large/1074650251.jpg",
    "source_id": "Woolworths - 1074650251",
    "barcode": null,
    "shop": "Woolworths",
    "weight": "100ML",
    "prices": [
      {
        "state": "NSW",
        "price": "3300",
        "price_per_unit": "6600",
        "price_unit": "ML"
      },
      {
        "state": "VIC",
        "price": "3300",
        "price_per_unit": "6600",
        "price_unit": "ML"
      },
      {
        "state": "QLD",
        "price": "3300",
        "price_per_unit": "6600",
        "price_unit": "ML"
      },
      {
        "state": "WA",
        "price": "3300",
        "price_per_unit": "6600",
        "price_unit": "ML"
      },
      {
        "state": "SA",
        "price": "3300",
        "price_per_unit": "6600",
        "price_unit": "ML"
      },
      {
        "state": "TAS",
        "price": "3300",
        "price_per_unit": "6600",
        "price_unit": "ML"
      },
      {
        "state": "ACT",
        "price": "3300",
        "price_per_unit": "6600",
        "price_unit": "ML"
      },
      {
        "state": "NT",
        "price": "3300",
        "price_per_unit": "6600",
        "price_unit": "ML"
      }
    ]
  },
  {
    "source_url": "https://www.woolworths.com.au/shop/productdetails/1074650254/caudalie-vinoclean-micellar-cleansing-water-face-eyes-200ml-6-7oz",
    "name": "Caudalie Vinoclean Micellar Cleansing Water (Face & Eyes) 200ml/6.7oz",
    "image_url": "https://cdn1.woolworths.media/content/wowproductimages/large/1074650254.jpg",
    "source_id": "Woolworths - 1074650254",
    "barcode": null,
    "shop": "Woolworths",
    "weight": "100ML",
    "prices": [
      {
        "state": "NSW",
        "price": "4300",
        "price_per_unit": "2150",
        "price_unit": "ML"
      },
      {
        "state": "VIC",
        "price": "4300",
        "price_per_unit": "2150",
        "price_unit": "ML"
      },
      {
        "state": "QLD",
        "price": "4300",
        "price_per_unit": "2150",
        "price_unit": "ML"
      },
      {
        "state": "WA",
        "price": "4300",
        "price_per_unit": "2150",
        "price_unit": "ML"
      },
      {
        "state": "SA",
        "price": "4300",
        "price_per_unit": "2150",
        "price_unit": "ML"
      },
      {
        "state": "TAS",
        "price": "4300",
        "price_per_unit": "2150",
        "price_unit": "ML"
      },
      {
        "state": "ACT",
        "price": "4300",
        "price_per_unit": "2150",
        "price_unit": "ML"
      },
      {
        "state": "NT",
        "price": "4300",
        "price_per_unit": "2150",
        "price_unit": "ML"
      }
    ]
  },
  {
    "source_url": "https://www.woolworths.com.au/shop/productdetails/1074650255/caudalie-vinoclean-moisturizing-toner-200ml-6-7oz",
    "name": "Caudalie Vinoclean Moisturizing Toner 200ml/6.7oz",
    "image_url": "https://cdn1.woolworths.media/content/wowproductimages/large/1074650255.jpg",
    "source_id": "Woolworths - 1074650255",
    "barcode": null,
    "shop": "Woolworths",
    "weight": "100ML",
    "prices": [
      {
        "state": "NSW",
        "price": "4800",
        "price_per_unit": "2400",
        "price_unit": "ML"
      },
      {
        "state": "VIC",
        "price": "4800",
        "price_per_unit": "2400",
        "price_unit": "ML"
      },
      {
        "state": "QLD",
        "price": "4800",
        "price_per_unit": "2400",
        "price_unit": "ML"
      },
      {
        "state": "WA",
        "price": "4800",
        "price_per_unit": "2400",
        "price_unit": "ML"
      },
      {
        "state": "SA",
        "price": "4800",
        "price_per_unit": "2400",
        "price_unit": "ML"
      },
      {
        "state": "TAS",
        "price": "4800",
        "price_per_unit": "2400",
        "price_unit": "ML"
      },
      {
        "state": "ACT",
        "price": "4800",
        "price_per_unit": "2400",
        "price_unit": "ML"
      },
      {
        "state": "NT",
        "price": "4800",
        "price_per_unit": "2400",
        "price_unit": "ML"
      }
    ]
  },
  {
    "source_url": "https://www.woolworths.com.au/shop/productdetails/1074650263/caudalie-vinopure-purifying-toner-for-combination-to-acne-prone-skin-200ml-6-7oz",
    "name": "Caudalie Vinopure Purifying Toner - For Combination to Acne-Prone Skin 200ml/6.7oz",
    "image_url": "https://cdn1.woolworths.media/content/wowproductimages/large/1074650263.jpg",
    "source_id": "Woolworths - 1074650263",
    "barcode": null,
    "shop": "Woolworths",
    "weight": "100ML",
    "prices": [
      {
        "state": "NSW",
        "price": "5100",
        "price_per_unit": "2550",
        "price_unit": "ML"
      },
      {
        "state": "VIC",
        "price": "5100",
        "price_per_unit": "2550",
        "price_unit": "ML"
      },
      {
        "state": "QLD",
        "price": "5100",
        "price_per_unit": "2550",
        "price_unit": "ML"
      },
      {
        "state": "WA",
        "price": "5100",
        "price_per_unit": "2550",
        "price_unit": "ML"
      },
      {
        "state": "SA",
        "price": "5100",
        "price_per_unit": "2550",
        "price_unit": "ML"
      },
      {
        "state": "TAS",
        "price": "5100",
        "price_per_unit": "2550",
        "price_unit": "ML"
      },
      {
        "state": "ACT",
        "price": "5100",
        "price_per_unit": "2550",
        "price_unit": "ML"
      },
      {
        "state": "NT",
        "price": "5100",
        "price_per_unit": "2550",
        "price_unit": "ML"
      }
    ]
  },
  {
    "source_url": "https://www.woolworths.com.au/shop/productdetails/1074452335/cell-fusion-c-daily-trouble-care-foam-cleanser-130ml",
    "name": "Cell Fusion C Daily Trouble Care Foam Cleanser 130ml",
    "image_url": "https://cdn1.woolworths.media/content/wowproductimages/large/1074452335.jpg",
    "source_id": "Woolworths - 1074452335",
    "barcode": null,
    "shop": "Woolworths",
    "weight": "100ML",
    "prices": [
      {
        "state": "NSW",
        "price": "5000",
        "price_per_unit": "3846",
        "price_unit": "ML"
      },
      {
        "state": "VIC",
        "price": "5000",
        "price_per_unit": "3846",
        "price_unit": "ML"
      },
      {
        "state": "QLD",
        "price": "5000",
        "price_per_unit": "3846",
        "price_unit": "ML"
      },
      {
        "state": "SA",
        "price": "5000",
        "price_per_unit": "3846",
        "price_unit": "ML"
      },
      {
        "state": "TAS",
        "price": "5000",
        "price_per_unit": "3846",
        "price_unit": "ML"
      },
      {
        "state": "ACT",
        "price": "5000",
        "price_per_unit": "3846",
        "price_unit": "ML"
      },
      {
        "state": "NT",
        "price": "5000",
        "price_per_unit": "3846",
        "price_unit": "ML"
      }
    ]
  },
  {
    "source_url": "https://www.woolworths.com.au/shop/productdetails/1074452408/cell-fusion-c-low-ph-pharrier-cleansing-foam-165ml",
    "name": "Cell Fusion C Low pH pHarrier Cleansing Foam 165ml",
    "image_url": "https://cdn1.woolworths.media/content/wowproductimages/large/1074452408.jpg",
    "source_id": "Woolworths - 1074452408",
    "barcode": null,
    "shop": "Woolworths",
    "weight": "100ML",
    "prices": [
      {
        "state": "NSW",
        "price": "4700",
        "price_per_unit": "2848",
        "price_unit": "ML"
      },
      {
        "state": "VIC",
        "price": "4700",
        "price_per_unit": "2848",
        "price_unit": "ML"
      },
      {
        "state": "QLD",
        "price": "4700",
        "price_per_unit": "2848",
        "price_unit": "ML"
      },
      {
        "state": "WA",
        "price": "4700",
        "price_per_unit": "2848",
        "price_unit": "ML"
      },
      {
        "state": "SA",
        "price": "4700",
        "price_per_unit": "2848",
        "price_unit": "ML"
      },
      {
        "state": "TAS",
        "price": "4700",
        "price_per_unit": "2848",
        "price_unit": "ML"
      },
      {
        "state": "ACT",
        "price": "4700",
        "price_per_unit": "2848",
        "price_unit": "ML"
      },
      {
        "state": "NT",
        "price": "4700",
        "price_per_unit": "2848",
        "price_unit": "ML"
      }
    ]
  },
  {
    "source_url": "https://www.woolworths.com.au/shop/productdetails/1074452411/cell-fusion-c-low-ph-pharrier-cleansing-water-500ml",
    "name": "Cell Fusion C Low pH pHarrier Cleansing Water 500ml",
    "image_url": "https://cdn1.woolworths.media/content/wowproductimages/large/1074452411.jpg",
    "source_id": "Woolworths - 1074452411",
    "barcode": null,
    "shop": "Woolworths",
    "weight": "100ML",
    "prices": [
      {
        "state": "NSW",
        "price": "5300",
        "price_per_unit": "1060",
        "price_unit": "ML"
      },
      {
        "state": "VIC",
        "price": "5300",
        "price_per_unit": "1060",
        "price_unit": "ML"
      },
      {
        "state": "QLD",
        "price": "5300",
        "price_per_unit": "1060",
        "price_unit": "ML"
      },
      {
        "state": "WA",
        "price": "5300",
        "price_per_unit": "1060",
        "price_unit": "ML"
      },
      {
        "state": "SA",
        "price": "5300",
        "price_per_unit": "1060",
        "price_unit": "ML"
      },
      {
        "state": "TAS",
        "price": "5300",
        "price_per_unit": "1060",
        "price_unit": "ML"
      },
      {
        "state": "ACT",
        "price": "5300",
        "price_per_unit": "1060",
        "price_unit": "ML"
      },
      {
        "state": "NT",
        "price": "5300",
        "price_per_unit": "1060",
        "price_unit": "ML"
      }
    ]
  },
  {
    "source_url": "https://www.woolworths.com.au/shop/productdetails/1074452345/cell-fusion-c-ph-balancing-gel-cleanser-200ml",
    "name": "Cell Fusion C pH Balancing Gel Cleanser 200ml",
    "image_url": "https://cdn1.woolworths.media/content/wowproductimages/large/1074452345.jpg",
    "source_id": "Woolworths - 1074452345",
    "barcode": null,
    "shop": "Woolworths",
    "weight": "100ML",
    "prices": [
      {
        "state": "NSW",
        "price": "5800",
        "price_per_unit": "2900",
        "price_unit": "ML"
      },
      {
        "state": "VIC",
        "price": "5800",
        "price_per_unit": "2900",
        "price_unit": "ML"
      },
      {
        "state": "QLD",
        "price": "5800",
        "price_per_unit": "2900",
        "price_unit": "ML"
      },
      {
        "state": "WA",
        "price": "5800",
        "price_per_unit": "2900",
        "price_unit": "ML"
      },
      {
        "state": "SA",
        "price": "5800",
        "price_per_unit": "2900",
        "price_unit": "ML"
      },
      {
        "state": "TAS",
        "price": "5800",
        "price_per_unit": "2900",
        "price_unit": "ML"
      },
      {
        "state": "ACT",
        "price": "5800",
        "price_per_unit": "2900",
        "price_unit": "ML"
      },
      {
        "state": "NT",
        "price": "5800",
        "price_per_unit": "2900",
        "price_unit": "ML"
      }
    ]
  },
  {
    "source_url": "https://www.woolworths.com.au/shop/productdetails/1074452346/cell-fusion-c-ph-condition-toner-200ml",
    "name": "Cell Fusion C pH Condition Toner 200ml",
    "image_url": "https://cdn1.woolworths.media/content/wowproductimages/large/1074452346.jpg",
    "source_id": "Woolworths - 1074452346",
    "barcode": null,
    "shop": "Woolworths",
    "weight": "100ML",
    "prices": [
      {
        "state": "NSW",
        "price": "4800",
        "price_per_unit": "2400",
        "price_unit": "ML"
      },
      {
        "state": "VIC",
        "price": "4800",
        "price_per_unit": "2400",
        "price_unit": "ML"
      },
      {
        "state": "QLD",
        "price": "4800",
        "price_per_unit": "2400",
        "price_unit": "ML"
      },
      {
        "state": "WA",
        "price": "4800",
        "price_per_unit": "2400",
        "price_unit": "ML"
      },
      {
        "state": "SA",
        "price": "4800",
        "price_per_unit": "2400",
        "price_unit": "ML"
      },
      {
        "state": "TAS",
        "price": "4800",
        "price_per_unit": "2400",
        "price_unit": "ML"
      },
      {
        "state": "ACT",
        "price": "4800",
        "price_per_unit": "2400",
        "price_unit": "ML"
      },
      {
        "state": "NT",
        "price": "4800",
        "price_per_unit": "2400",
        "price_unit": "ML"
      }
    ]
  },
  {
    "source_url": "https://www.woolworths.com.au/shop/productdetails/1074452347/cell-fusion-c-pore-tox-pad-140ml-60pcs",
    "name": "Cell Fusion C Pore Tox Pad 140ml 60pcs",
    "image_url": "https://cdn1.woolworths.media/content/wowproductimages/large/1074452347.jpg",
    "source_id": "Woolworths - 1074452347",
    "barcode": null,
    "shop": "Woolworths",
    "weight": "100SS",
    "prices": [
      {
        "state": "NSW",
        "price": "3600",
        "price_per_unit": "6000",
        "price_unit": "SS"
      },
      {
        "state": "VIC",
        "price": "3600",
        "price_per_unit": "6000",
        "price_unit": "SS"
      },
      {
        "state": "QLD",
        "price": "3600",
        "price_per_unit": "6000",
        "price_unit": "SS"
      },
      {
        "state": "WA",
        "price": "3600",
        "price_per_unit": "6000",
        "price_unit": "SS"
      },
      {
        "state": "SA",
        "price": "3600",
        "price_per_unit": "6000",
        "price_unit": "SS"
      },
      {
        "state": "TAS",
        "price": "3600",
        "price_per_unit": "6000",
        "price_unit": "SS"
      },
      {
        "state": "ACT",
        "price": "3600",
        "price_per_unit": "6000",
        "price_unit": "SS"
      },
      {
        "state": "NT",
        "price": "3600",
        "price_per_unit": "6000",
        "price_unit": "SS"
      }
    ]
  },
  {
    "source_url": "https://www.woolworths.com.au/shop/productdetails/1074452632/cell-fusion-c-post-a-first-cooling-pad-180ml-70-pads-",
    "name": "Cell Fusion C Post a First Cooling Pad 180ml (70 Pads)",
    "image_url": "https://cdn1.woolworths.media/content/wowproductimages/large/1074452632.jpg",
    "source_id": "Woolworths - 1074452632",
    "barcode": null,
    "shop": "Woolworths",
    "weight": "100SS",
    "prices": [
      {
        "state": "NSW",
        "price": "4300",
        "price_per_unit": "6143",
        "price_unit": "SS"
      },
      {
        "state": "VIC",
        "price": "4300",
        "price_per_unit": "6143",
        "price_unit": "SS"
      },
      {
        "state": "QLD",
        "price": "4300",
        "price_per_unit": "6143",
        "price_unit": "SS"
      },
      {
        "state": "WA",
        "price": "4300",
        "price_per_unit": "6143",
        "price_unit": "SS"
      },
      {
        "state": "SA",
        "price": "4300",
        "price_per_unit": "6143",
        "price_unit": "SS"
      },
      {
        "state": "TAS",
        "price": "4300",
        "price_per_unit": "6143",
        "price_unit": "SS"
      },
      {
        "state": "ACT",
        "price": "4300",
        "price_per_unit": "6143",
        "price_unit": "SS"
      },
      {
        "state": "NT",
        "price": "4300",
        "price_per_unit": "6143",
        "price_unit": "SS"
      }
    ]
  },
  {
    "source_url": "https://www.woolworths.com.au/shop/productdetails/1074650285/cellcosmet-cellmen-cellcosmet-exfoliant-dual-action-60ml-2-06oz",
    "name": "Cellcosmet & Cellmen Cellcosmet Exfoliant Dual Action 60ml/2.06oz",
    "image_url": "https://cdn1.woolworths.media/content/wowproductimages/large/1074650285.jpg",
    "source_id": "Woolworths - 1074650285",
    "barcode": null,
    "shop": "Woolworths",
    "weight": "100ML",
    "prices": [
      {
        "state": "NSW",
        "price": "17900",
        "price_per_unit": "29833",
        "price_unit": "ML"
      },
      {
        "state": "VIC",
        "price": "17900",
        "price_per_unit": "29833",
        "price_unit": "ML"
      },
      {
        "state": "QLD",
        "price": "17900",
        "price_per_unit": "29833",
        "price_unit": "ML"
      },
      {
        "state": "WA",
        "price": "17900",
        "price_per_unit": "29833",
        "price_unit": "ML"
      },
      {
        "state": "SA",
        "price": "17900",
        "price_per_unit": "29833",
        "price_unit": "ML"
      },
      {
        "state": "TAS",
        "price": "17900",
        "price_per_unit": "29833",
        "price_unit": "ML"
      },
      {
        "state": "ACT",
        "price": "17900",
        "price_per_unit": "29833",
        "price_unit": "ML"
      },
      {
        "state": "NT",
        "price": "17900",
        "price_per_unit": "29833",
        "price_unit": "ML"
      }
    ]
  },
  {
    "source_url": "https://www.woolworths.com.au/shop/productdetails/1074650286/cellcosmet-cellmen-cellcosmet-gentle-cream-cleanser-rich-soft-make-up-remover-cream-200ml-6-7oz",
    "name": "Cellcosmet & Cellmen Cellcosmet Gentle Cream Cleanser (Rich & Soft Make-Up Remover Cream) 200ml/6.7oz",
    "image_url": "https://cdn1.woolworths.media/content/wowproductimages/large/1074650286.jpg",
    "source_id": "Woolworths - 1074650286",
    "barcode": null,
    "shop": "Woolworths",
    "weight": "100ML",
    "prices": [
      {
        "state": "NSW",
        "price": "16200",
        "price_per_unit": "8100",
        "price_unit": "ML"
      },
      {
        "state": "VIC",
        "price": "16200",
        "price_per_unit": "8100",
        "price_unit": "ML"
      },
      {
        "state": "QLD",
        "price": "16200",
        "price_per_unit": "8100",
        "price_unit": "ML"
      },
      {
        "state": "WA",
        "price": "16200",
        "price_per_unit": "8100",
        "price_unit": "ML"
      },
      {
        "state": "SA",
        "price": "16200",
        "price_per_unit": "8100",
        "price_unit": "ML"
      },
      {
        "state": "TAS",
        "price": "16200",
        "price_per_unit": "8100",
        "price_unit": "ML"
      },
      {
        "state": "ACT",
        "price": "16200",
        "price_per_unit": "8100",
        "price_unit": "ML"
      },
      {
        "state": "NT",
        "price": "16200",
        "price_per_unit": "8100",
        "price_unit": "ML"
      }
    ]
  },
  {
    "source_url": "https://www.woolworths.com.au/shop/productdetails/1075074813/cerave-cerave-blemish-control-cleanser-236ml-8oz",
    "name": "CeraVe Cerave Blemish Control Cleanser 236ml/8oz",
    "image_url": "https://cdn1.woolworths.media/content/wowproductimages/large/1075074813.jpg",
    "source_id": "Woolworths - 1075074813",
    "barcode": null,
    "shop": "Woolworths",
    "weight": "100ML",
    "prices": [
      {
        "state": "NSW",
        "price": "3300",
        "price_per_unit": "1398",
        "price_unit": "ML"
      },
      {
        "state": "VIC",
        "price": "3300",
        "price_per_unit": "1398",
        "price_unit": "ML"
      },
      {
        "state": "QLD",
        "price": "3300",
        "price_per_unit": "1398",
        "price_unit": "ML"
      },
      {
        "state": "WA",
        "price": "3300",
        "price_per_unit": "1398",
        "price_unit": "ML"
      },
      {
        "state": "SA",
        "price": "3300",
        "price_per_unit": "1398",
        "price_unit": "ML"
      },
      {
        "state": "TAS",
        "price": "3300",
        "price_per_unit": "1398",
        "price_unit": "ML"
      },
      {
        "state": "ACT",
        "price": "3300",
        "price_per_unit": "1398",
        "price_unit": "ML"
      },
      {
        "state": "NT",
        "price": "3300",
        "price_per_unit": "1398",
        "price_unit": "ML"
      }
    ]
  },
  {
    "source_url": "https://www.woolworths.com.au/shop/productdetails/1074650316/cerave-cerave-hydrating-cleanser-cream-for-normal-to-dry-skin-88ml-3oz",
    "name": "CeraVe Cerave Hydrating Cleanser Cream For Normal to Dry Skin 88ml/3oz",
    "image_url": "https://cdn1.woolworths.media/content/wowproductimages/large/1074650316.jpg",
    "source_id": "Woolworths - 1074650316",
    "barcode": null,
    "shop": "Woolworths",
    "weight": "100ML",
    "prices": [
      {
        "state": "NSW",
        "price": "2200",
        "price_per_unit": "2500",
        "price_unit": "ML"
      },
      {
        "state": "VIC",
        "price": "2200",
        "price_per_unit": "2500",
        "price_unit": "ML"
      },
      {
        "state": "QLD",
        "price": "2200",
        "price_per_unit": "2500",
        "price_unit": "ML"
      },
      {
        "state": "WA",
        "price": "2200",
        "price_per_unit": "2500",
        "price_unit": "ML"
      },
      {
        "state": "SA",
        "price": "2200",
        "price_per_unit": "2500",
        "price_unit": "ML"
      },
      {
        "state": "TAS",
        "price": "2200",
        "price_per_unit": "2500",
        "price_unit": "ML"
      },
      {
        "state": "ACT",
        "price": "2200",
        "price_per_unit": "2500",
        "price_unit": "ML"
      },
      {
        "state": "NT",
        "price": "2200",
        "price_per_unit": "2500",
        "price_unit": "ML"
      }
    ]
  },
  {
    "source_url": "https://www.woolworths.com.au/shop/productdetails/1075797664/cerave-foaming-cleanser-for-normal-to-oily-skin-236ml-8oz",
    "name": "CeraVe Foaming Cleanser For Normal to Oily Skin 236ml/8oz",
    "image_url": "https://cdn1.woolworths.media/content/wowproductimages/large/1075797664.jpg",
    "source_id": "Woolworths - 1075797664",
    "barcode": null,
    "shop": "Woolworths",
    "weight": "100ML",
    "prices": [
      {
        "state": "NSW",
        "price": "3400",
        "price_per_unit": "1441",
        "price_unit": "ML"
      },
      {
        "state": "VIC",
        "price": "3400",
        "price_per_unit": "1441",
        "price_unit": "ML"
      },
      {
        "state": "QLD",
        "price": "3400",
        "price_per_unit": "1441",
        "price_unit": "ML"
      },
      {
        "state": "WA",
        "price": "3400",
        "price_per_unit": "1441",
        "price_unit": "ML"
      },
      {
        "state": "SA",
        "price": "3400",
        "price_per_unit": "1441",
        "price_unit": "ML"
      },
      {
        "state": "TAS",
        "price": "3400",
        "price_per_unit": "1441",
        "price_unit": "ML"
      },
      {
        "state": "ACT",
        "price": "3400",
        "price_per_unit": "1441",
        "price_unit": "ML"
      },
      {
        "state": "NT",
        "price": "3400",
        "price_per_unit": "1441",
        "price_unit": "ML"
      }
    ]
  },
  {
    "source_url": "https://www.woolworths.com.au/shop/productdetails/1074650325/cerave-foaming-cleanser-for-normal-to-oily-skin-473ml-16oz",
    "name": "CeraVe Foaming Cleanser For Normal To Oily Skin 473ml/16oz",
    "image_url": "https://cdn1.woolworths.media/content/wowproductimages/large/1074650325.jpg",
    "source_id": "Woolworths - 1074650325",
    "barcode": null,
    "shop": "Woolworths",
    "weight": "100ML",
    "prices": [
      {
        "state": "NSW",
        "price": "4600",
        "price_per_unit": "973",
        "price_unit": "ML"
      },
      {
        "state": "VIC",
        "price": "4600",
        "price_per_unit": "973",
        "price_unit": "ML"
      },
      {
        "state": "QLD",
        "price": "4600",
        "price_per_unit": "973",
        "price_unit": "ML"
      },
      {
        "state": "WA",
        "price": "4600",
        "price_per_unit": "973",
        "price_unit": "ML"
      },
      {
        "state": "SA",
        "price": "4600",
        "price_per_unit": "973",
        "price_unit": "ML"
      },
      {
        "state": "TAS",
        "price": "4600",
        "price_per_unit": "973",
        "price_unit": "ML"
      },
      {
        "state": "ACT",
        "price": "4600",
        "price_per_unit": "973",
        "price_unit": "ML"
      },
      {
        "state": "NT",
        "price": "4600",
        "price_per_unit": "973",
        "price_unit": "ML"
      }
    ]
  },
  {
    "source_url": "https://www.woolworths.com.au/shop/productdetails/1074650326/cerave-foaming-cleanser-for-normal-to-oily-skin-88ml-3oz",
    "name": "CeraVe Foaming Cleanser For Normal To Oily Skin 88ml/3oz",
    "image_url": "https://cdn1.woolworths.media/content/wowproductimages/large/1074650326.jpg",
    "source_id": "Woolworths - 1074650326",
    "barcode": null,
    "shop": "Woolworths",
    "weight": "100ML",
    "prices": [
      {
        "state": "NSW",
        "price": "2700",
        "price_per_unit": "3068",
        "price_unit": "ML"
      },
      {
        "state": "VIC",
        "price": "2700",
        "price_per_unit": "3068",
        "price_unit": "ML"
      },
      {
        "state": "QLD",
        "price": "2700",
        "price_per_unit": "3068",
        "price_unit": "ML"
      },
      {
        "state": "WA",
        "price": "2700",
        "price_per_unit": "3068",
        "price_unit": "ML"
      },
      {
        "state": "SA",
        "price": "2700",
        "price_per_unit": "3068",
        "price_unit": "ML"
      },
      {
        "state": "TAS",
        "price": "2700",
        "price_per_unit": "3068",
        "price_unit": "ML"
      },
      {
        "state": "ACT",
        "price": "2700",
        "price_per_unit": "3068",
        "price_unit": "ML"
      },
      {
        "state": "NT",
        "price": "2700",
        "price_per_unit": "3068",
        "price_unit": "ML"
      }
    ]
  },
  {
    "source_url": "https://www.woolworths.com.au/shop/productdetails/1074650328/cerave-hydrating-cleanser-for-normal-to-dry-skin-packaging-random-pick-473ml-16oz",
    "name": "CeraVe Hydrating Cleanser For Normal to Dry Skin (Packaging Random Pick) 473ml/16oz",
    "image_url": "https://cdn1.woolworths.media/content/wowproductimages/large/1074650328.jpg",
    "source_id": "Woolworths - 1074650328",
    "barcode": null,
    "shop": "Woolworths",
    "weight": "100ML",
    "prices": [
      {
        "state": "NSW",
        "price": "4200",
        "price_per_unit": "888",
        "price_unit": "ML"
      },
      {
        "state": "VIC",
        "price": "4200",
        "price_per_unit": "888",
        "price_unit": "ML"
      },
      {
        "state": "QLD",
        "price": "4200",
        "price_per_unit": "888",
        "price_unit": "ML"
      },
      {
        "state": "WA",
        "price": "4200",
        "price_per_unit": "888",
        "price_unit": "ML"
      },
      {
        "state": "SA",
        "price": "4200",
        "price_per_unit": "888",
        "price_unit": "ML"
      },
      {
        "state": "TAS",
        "price": "4200",
        "price_per_unit": "888",
        "price_unit": "ML"
      },
      {
        "state": "ACT",
        "price": "4200",
        "price_per_unit": "888",
        "price_unit": "ML"
      },
      {
        "state": "NT",
        "price": "4200",
        "price_per_unit": "888",
        "price_unit": "ML"
      }
    ]
  },
  {
    "source_url": "https://www.woolworths.com.au/shop/productdetails/1074650327/cerave-hydrating-cleanser-for-normal-to-dry-skin-with-pump-236ml-8oz",
    "name": "CeraVe Hydrating Cleanser For Normal to Dry Skin (With Pump) 236ml/8oz",
    "image_url": "https://cdn1.woolworths.media/content/wowproductimages/large/1074650327.jpg",
    "source_id": "Woolworths - 1074650327",
    "barcode": null,
    "shop": "Woolworths",
    "weight": "100ML",
    "prices": [
      {
        "state": "NSW",
        "price": "3300",
        "price_per_unit": "1398",
        "price_unit": "ML"
      },
      {
        "state": "VIC",
        "price": "3300",
        "price_per_unit": "1398",
        "price_unit": "ML"
      },
      {
        "state": "QLD",
        "price": "3300",
        "price_per_unit": "1398",
        "price_unit": "ML"
      },
      {
        "state": "WA",
        "price": "3300",
        "price_per_unit": "1398",
        "price_unit": "ML"
      },
      {
        "state": "SA",
        "price": "3300",
        "price_per_unit": "1398",
        "price_unit": "ML"
      },
      {
        "state": "TAS",
        "price": "3300",
        "price_per_unit": "1398",
        "price_unit": "ML"
      },
      {
        "state": "ACT",
        "price": "3300",
        "price_per_unit": "1398",
        "price_unit": "ML"
      },
      {
        "state": "NT",
        "price": "3300",
        "price_per_unit": "1398",
        "price_unit": "ML"
      }
    ]
  },
  {
    "source_url": "https://www.woolworths.com.au/shop/productdetails/1074666189/cerave-hydrating-cleanser-for-normal-to-dry-skin-1000ml-33-8oz",
    "name": "CeraVe Hydrating Cleanser For Normal to Dry Skin 1000ml/33.8oz",
    "image_url": "https://cdn1.woolworths.media/content/wowproductimages/large/1074666189.jpg",
    "source_id": "Woolworths - 1074666189",
    "barcode": null,
    "shop": "Woolworths",
    "weight": "100ML",
    "prices": [
      {
        "state": "NSW",
        "price": "7100",
        "price_per_unit": "710",
        "price_unit": "ML"
      },
      {
        "state": "VIC",
        "price": "7100",
        "price_per_unit": "710",
        "price_unit": "ML"
      },
      {
        "state": "QLD",
        "price": "7100",
        "price_per_unit": "710",
        "price_unit": "ML"
      },
      {
        "state": "WA",
        "price": "7100",
        "price_per_unit": "710",
        "price_unit": "ML"
      },
      {
        "state": "SA",
        "price": "7100",
        "price_per_unit": "710",
        "price_unit": "ML"
      },
      {
        "state": "TAS",
        "price": "7100",
        "price_per_unit": "710",
        "price_unit": "ML"
      },
      {
        "state": "ACT",
        "price": "7100",
        "price_per_unit": "710",
        "price_unit": "ML"
      },
      {
        "state": "NT",
        "price": "7100",
        "price_per_unit": "710",
        "price_unit": "ML"
      }
    ]
  },
  {
    "source_url": "https://www.woolworths.com.au/shop/productdetails/1074721138/cerave-hydrating-foaming-oil-cleanser-236ml-8oz",
    "name": "CeraVe Hydrating Foaming Oil Cleanser 236ml/8oz",
    "image_url": "https://cdn1.woolworths.media/content/wowproductimages/large/1074721138.jpg",
    "source_id": "Woolworths - 1074721138",
    "barcode": null,
    "shop": "Woolworths",
    "weight": "100ML",
    "prices": [
      {
        "state": "NSW",
        "price": "3400",
        "price_per_unit": "1441",
        "price_unit": "ML"
      },
      {
        "state": "VIC",
        "price": "3400",
        "price_per_unit": "1441",
        "price_unit": "ML"
      },
      {
        "state": "QLD",
        "price": "3400",
        "price_per_unit": "1441",
        "price_unit": "ML"
      },
      {
        "state": "WA",
        "price": "3400",
        "price_per_unit": "1441",
        "price_unit": "ML"
      },
      {
        "state": "SA",
        "price": "3400",
        "price_per_unit": "1441",
        "price_unit": "ML"
      },
      {
        "state": "TAS",
        "price": "3400",
        "price_per_unit": "1441",
        "price_unit": "ML"
      },
      {
        "state": "ACT",
        "price": "3400",
        "price_per_unit": "1441",
        "price_unit": "ML"
      },
      {
        "state": "NT",
        "price": "3400",
        "price_per_unit": "1441",
        "price_unit": "ML"
      }
    ]
  },
  {
    "source_url": "https://www.woolworths.com.au/shop/productdetails/1074650338/cerave-sa-smoothing-cleanser-236ml-8oz",
    "name": "CeraVe SA Smoothing Cleanser 236ml/8oz",
    "image_url": "https://cdn1.woolworths.media/content/wowproductimages/large/1074650338.jpg",
    "source_id": "Woolworths - 1074650338",
    "barcode": null,
    "shop": "Woolworths",
    "weight": "100ML",
    "prices": [
      {
        "state": "NSW",
        "price": "4000",
        "price_per_unit": "1695",
        "price_unit": "ML"
      },
      {
        "state": "VIC",
        "price": "4000",
        "price_per_unit": "1695",
        "price_unit": "ML"
      },
      {
        "state": "QLD",
        "price": "4000",
        "price_per_unit": "1695",
        "price_unit": "ML"
      },
      {
        "state": "WA",
        "price": "4000",
        "price_per_unit": "1695",
        "price_unit": "ML"
      },
      {
        "state": "SA",
        "price": "4000",
        "price_per_unit": "1695",
        "price_unit": "ML"
      },
      {
        "state": "TAS",
        "price": "4000",
        "price_per_unit": "1695",
        "price_unit": "ML"
      },
      {
        "state": "ACT",
        "price": "4000",
        "price_per_unit": "1695",
        "price_unit": "ML"
      },
      {
        "state": "NT",
        "price": "4000",
        "price_per_unit": "1695",
        "price_unit": "ML"
      }
    ]
  },
  {
    "source_url": "https://www.woolworths.com.au/shop/productdetails/140856/cetaphil-daily-exfoliating-cleanser-all-skin-types",
    "name": "Cetaphil Daily Exfoliating Cleanser All Skin Types 178ml",
    "image_url": "https://cdn1.woolworths.media/content/wowproductimages/large/140856.jpg",
    "source_id": "Woolworths - 140856",
    "barcode": "9318637044030",
    "shop": "Woolworths",
    "weight": "100ML",
    "prices": [
      {
        "state": "NSW",
        "price": "1360",
        "price_per_unit": "764",
        "price_unit": "ML"
      },
      {
        "state": "VIC",
        "price": "1360",
        "price_per_unit": "764",
        "price_unit": "ML"
      },
      {
        "state": "QLD",
        "price": "1360",
        "price_per_unit": "764",
        "price_unit": "ML"
      },
      {
        "state": "WA",
        "price": "1360",
        "price_per_unit": "764",
        "price_unit": "ML"
      },
      {
        "state": "SA",
        "price": "1360",
        "price_per_unit": "764",
        "price_unit": "ML"
      },
      {
        "state": "TAS",
        "price": "1360",
        "price_per_unit": "764",
        "price_unit": "ML"
      },
      {
        "state": "ACT",
        "price": "1360",
        "price_per_unit": "764",
        "price_unit": "ML"
      }
    ]
  },
  {
    "source_url": "https://www.woolworths.com.au/shop/productdetails/546043/cetaphil-daily-facial-cleanser-foaming",
    "name": "Cetaphil Daily Facial Cleanser Foaming 236mL",
    "image_url": "https://cdn1.woolworths.media/content/wowproductimages/large/546043.jpg",
    "source_id": "Woolworths - 546043",
    "barcode": "9318637044313",
    "shop": "Woolworths",
    "weight": "100ML",
    "prices": [
      {
        "state": "NSW",
        "price": "1190",
        "price_per_unit": "504",
        "price_unit": "ML"
      },
      {
        "state": "VIC",
        "price": "1190",
        "price_per_unit": "504",
        "price_unit": "ML"
      },
      {
        "state": "QLD",
        "price": "1190",
        "price_per_unit": "504",
        "price_unit": "ML"
      },
      {
        "state": "WA",
        "price": "1190",
        "price_per_unit": "504",
        "price_unit": "ML"
      },
      {
        "state": "SA",
        "price": "1190",
        "price_per_unit": "504",
        "price_unit": "ML"
      },
      {
        "state": "TAS",
        "price": "1190",
        "price_per_unit": "504",
        "price_unit": "ML"
      },
      {
        "state": "ACT",
        "price": "1190",
        "price_per_unit": "504",
        "price_unit": "ML"
      },
      {
        "state": "NT",
        "price": "1190",
        "price_per_unit": "504",
        "price_unit": "ML"
      }
    ]
  },
  {
    "source_url": "https://www.woolworths.com.au/shop/productdetails/136635/cetaphil-gentle-foaming-cleanser",
    "name": "Cetaphil Gentle Foaming Cleanser 236ml",
    "image_url": "https://cdn1.woolworths.media/content/wowproductimages/large/136635.jpg",
    "source_id": "Woolworths - 136635",
    "barcode": "3499320009881",
    "shop": "Woolworths",
    "weight": "100ML",
    "prices": [
      {
        "state": "VIC",
        "price": "1360",
        "price_per_unit": "576",
        "price_unit": "ML"
      },
      {
        "state": "QLD",
        "price": "1360",
        "price_per_unit": "576",
        "price_unit": "ML"
      },
      {
        "state": "WA",
        "price": "1360",
        "price_per_unit": "576",
        "price_unit": "ML"
      },
      {
        "state": "SA",
        "price": "1360",
        "price_per_unit": "576",
        "price_unit": "ML"
      },
      {
        "state": "TAS",
        "price": "1360",
        "price_per_unit": "576",
        "price_unit": "ML"
      },
      {
        "state": "ACT",
        "price": "1360",
        "price_per_unit": "576",
        "price_unit": "ML"
      },
      {
        "state": "NT",
        "price": "1360",
        "price_per_unit": "576",
        "price_unit": "ML"
      }
    ]
  },
  {
    "source_url": "https://www.woolworths.com.au/shop/productdetails/801238/cetaphil-gentle-skin-cleanser-all-skin-types",
    "name": "Cetaphil Gentle Skin Cleanser All Skin Types 1l",
    "image_url": "https://cdn1.woolworths.media/content/wowproductimages/large/801238.jpg",
    "source_id": "Woolworths - 801238",
    "barcode": "9318637043002",
    "shop": "Woolworths",
    "weight": "100ML",
    "prices": [
      {
        "state": "NSW",
        "price": "2240",
        "price_per_unit": "224",
        "price_unit": "ML"
      },
      {
        "state": "VIC",
        "price": "2240",
        "price_per_unit": "224",
        "price_unit": "ML"
      },
      {
        "state": "QLD",
        "price": "2240",
        "price_per_unit": "224",
        "price_unit": "ML"
      },
      {
        "state": "WA",
        "price": "2240",
        "price_per_unit": "224",
        "price_unit": "ML"
      },
      {
        "state": "TAS",
        "price": "2240",
        "price_per_unit": "224",
        "price_unit": "ML"
      },
      {
        "state": "ACT",
        "price": "2240",
        "price_per_unit": "224",
        "price_unit": "ML"
      },
      {
        "state": "NT",
        "price": "2240",
        "price_per_unit": "224",
        "price_unit": "ML"
      }
    ]
  },
  {
    "source_url": "https://www.woolworths.com.au/shop/productdetails/483653/cetaphil-hydrating-foaming-cream-cleanser",
    "name": "Cetaphil Hydrating Foaming Cream Cleanser 236mL",
    "image_url": "https://cdn1.woolworths.media/content/wowproductimages/large/483653.jpg",
    "source_id": "Woolworths - 483653",
    "barcode": "3499320014830",
    "shop": "Woolworths",
    "weight": "100ML",
    "prices": [
      {
        "state": "VIC",
        "price": "1400",
        "price_per_unit": "593",
        "price_unit": "ML"
      },
      {
        "state": "QLD",
        "price": "1400",
        "price_per_unit": "593",
        "price_unit": "ML"
      },
      {
        "state": "WA",
        "price": "1400",
        "price_per_unit": "593",
        "price_unit": "ML"
      },
      {
        "state": "SA",
        "price": "1400",
        "price_per_unit": "593",
        "price_unit": "ML"
      },
      {
        "state": "TAS",
        "price": "1400",
        "price_per_unit": "593",
        "price_unit": "ML"
      },
      {
        "state": "ACT",
        "price": "1400",
        "price_per_unit": "593",
        "price_unit": "ML"
      },
      {
        "state": "NT",
        "price": "1400",
        "price_per_unit": "593",
        "price_unit": "ML"
      }
    ]
  },
  {
    "source_url": "https://www.woolworths.com.au/shop/productdetails/782593/cetaphil-oily-skin-cleanser-oily-combination-skin",
    "name": "Cetaphil Oily Skin Cleanser, Oily & Combination Skin 500ml",
    "image_url": "https://cdn1.woolworths.media/content/wowproductimages/large/782593.jpg",
    "source_id": "Woolworths - 782593",
    "barcode": "9318637042326",
    "shop": "Woolworths",
    "weight": "100ML",
    "prices": [
      {
        "state": "NSW",
        "price": "1600",
        "price_per_unit": "320",
        "price_unit": "ML"
      },
      {
        "state": "VIC",
        "price": "1600",
        "price_per_unit": "320",
        "price_unit": "ML"
      },
      {
        "state": "QLD",
        "price": "1600",
        "price_per_unit": "320",
        "price_unit": "ML"
      },
      {
        "state": "WA",
        "price": "1600",
        "price_per_unit": "320",
        "price_unit": "ML"
      },
      {
        "state": "SA",
        "price": "1600",
        "price_per_unit": "320",
        "price_unit": "ML"
      },
      {
        "state": "TAS",
        "price": "1600",
        "price_per_unit": "320",
        "price_unit": "ML"
      },
      {
        "state": "ACT",
        "price": "1600",
        "price_per_unit": "320",
        "price_unit": "ML"
      },
      {
        "state": "NT",
        "price": "1600",
        "price_per_unit": "320",
        "price_unit": "ML"
      }
    ]
  },
  {
    "source_url": "https://www.woolworths.com.au/shop/productdetails/1075480287/cetaphil-pro-acne-prone-oil-control-foam-wash-236ml",
    "name": "Cetaphil Pro Acne Prone Oil Control Foam Wash 236ml",
    "image_url": "https://cdn1.woolworths.media/content/wowproductimages/large/1075480287.jpg",
    "source_id": "Woolworths - 1075480287",
    "barcode": null,
    "shop": "Woolworths",
    "weight": "100ML",
    "prices": [
      {
        "state": "NSW",
        "price": "1659",
        "price_per_unit": "703",
        "price_unit": "ML"
      },
      {
        "state": "VIC",
        "price": "1659",
        "price_per_unit": "703",
        "price_unit": "ML"
      },
      {
        "state": "QLD",
        "price": "1659",
        "price_per_unit": "703",
        "price_unit": "ML"
      },
      {
        "state": "WA",
        "price": "1659",
        "price_per_unit": "703",
        "price_unit": "ML"
      },
      {
        "state": "SA",
        "price": "1659",
        "price_per_unit": "703",
        "price_unit": "ML"
      },
      {
        "state": "TAS",
        "price": "1659",
        "price_per_unit": "703",
        "price_unit": "ML"
      },
      {
        "state": "ACT",
        "price": "1659",
        "price_per_unit": "703",
        "price_unit": "ML"
      },
      {
        "state": "NT",
        "price": "1659",
        "price_per_unit": "703",
        "price_unit": "ML"
      }
    ]
  },
  {
    "source_url": "https://www.woolworths.com.au/shop/productdetails/1075479437/cetaphil-pro-acne-prone-oil-free-moisturising-lotion-spf25-118ml",
    "name": "Cetaphil Pro Acne Prone Oil Free Moisturising Lotion SPF25 118ml",
    "image_url": "https://cdn1.woolworths.media/content/wowproductimages/large/1075479437.jpg",
    "source_id": "Woolworths - 1075479437",
    "barcode": null,
    "shop": "Woolworths",
    "weight": "100ML",
    "prices": [
      {
        "state": "NSW",
        "price": "1895",
        "price_per_unit": "1606",
        "price_unit": "ML"
      },
      {
        "state": "VIC",
        "price": "1895",
        "price_per_unit": "1606",
        "price_unit": "ML"
      },
      {
        "state": "QLD",
        "price": "1895",
        "price_per_unit": "1606",
        "price_unit": "ML"
      },
      {
        "state": "WA",
        "price": "1895",
        "price_per_unit": "1606",
        "price_unit": "ML"
      },
      {
        "state": "SA",
        "price": "1895",
        "price_per_unit": "1606",
        "price_unit": "ML"
      },
      {
        "state": "TAS",
        "price": "1895",
        "price_per_unit": "1606",
        "price_unit": "ML"
      },
      {
        "state": "ACT",
        "price": "1895",
        "price_per_unit": "1606",
        "price_unit": "ML"
      },
      {
        "state": "NT",
        "price": "1895",
        "price_per_unit": "1606",
        "price_unit": "ML"
      }
    ]
  },
  {
    "source_url": "https://www.woolworths.com.au/shop/productdetails/1074650378/chanel-l-eau-de-mousse-anti-pollution-water-to-foam-cleanser-150ml-5oz",
    "name": "Chanel L'Eau De Mousse Anti-Pollution Water-To-Foam Cleanser 150ml/5oz",
    "image_url": "https://cdn1.woolworths.media/content/wowproductimages/large/1074650378.jpg",
    "source_id": "Woolworths - 1074650378",
    "barcode": null,
    "shop": "Woolworths",
    "weight": "100ML",
    "prices": [
      {
        "state": "NSW",
        "price": "9500",
        "price_per_unit": "6333",
        "price_unit": "ML"
      },
      {
        "state": "VIC",
        "price": "9500",
        "price_per_unit": "6333",
        "price_unit": "ML"
      },
      {
        "state": "QLD",
        "price": "9500",
        "price_per_unit": "6333",
        "price_unit": "ML"
      },
      {
        "state": "WA",
        "price": "9500",
        "price_per_unit": "6333",
        "price_unit": "ML"
      },
      {
        "state": "SA",
        "price": "9500",
        "price_per_unit": "6333",
        "price_unit": "ML"
      },
      {
        "state": "TAS",
        "price": "9500",
        "price_per_unit": "6333",
        "price_unit": "ML"
      },
      {
        "state": "ACT",
        "price": "9500",
        "price_per_unit": "6333",
        "price_unit": "ML"
      },
      {
        "state": "NT",
        "price": "9500",
        "price_per_unit": "6333",
        "price_unit": "ML"
      }
    ]
  },
  {
    "source_url": "https://www.woolworths.com.au/shop/productdetails/1074650359/chanel-l-eau-micellaire-anti-pollution-micellar-cleansing-water-150ml-5oz",
    "name": "Chanel L’Eau Micellaire Anti-Pollution Micellar Cleansing Water 150ml/5oz",
    "image_url": "https://cdn1.woolworths.media/content/wowproductimages/large/1074650359.jpg",
    "source_id": "Woolworths - 1074650359",
    "barcode": null,
    "shop": "Woolworths",
    "weight": "100ML",
    "prices": [
      {
        "state": "NSW",
        "price": "9200",
        "price_per_unit": "6133",
        "price_unit": "ML"
      },
      {
        "state": "VIC",
        "price": "9200",
        "price_per_unit": "6133",
        "price_unit": "ML"
      },
      {
        "state": "QLD",
        "price": "9200",
        "price_per_unit": "6133",
        "price_unit": "ML"
      },
      {
        "state": "WA",
        "price": "9200",
        "price_per_unit": "6133",
        "price_unit": "ML"
      },
      {
        "state": "SA",
        "price": "9200",
        "price_per_unit": "6133",
        "price_unit": "ML"
      },
      {
        "state": "TAS",
        "price": "9200",
        "price_per_unit": "6133",
        "price_unit": "ML"
      },
      {
        "state": "ACT",
        "price": "9200",
        "price_per_unit": "6133",
        "price_unit": "ML"
      },
      {
        "state": "NT",
        "price": "9200",
        "price_per_unit": "6133",
        "price_unit": "ML"
      }
    ]
  },
  {
    "source_url": "https://www.woolworths.com.au/shop/productdetails/1074650377/chanel-le-tonique-anti-pollution-invigorating-toner-160ml-5-4oz",
    "name": "Chanel Le Tonique Anti-Pollution Invigorating Toner 160ml/5.4oz",
    "image_url": "https://cdn1.woolworths.media/content/wowproductimages/large/1074650377.jpg",
    "source_id": "Woolworths - 1074650377",
    "barcode": null,
    "shop": "Woolworths",
    "weight": "100ML",
    "prices": [
      {
        "state": "NSW",
        "price": "9500",
        "price_per_unit": "5938",
        "price_unit": "ML"
      },
      {
        "state": "VIC",
        "price": "9500",
        "price_per_unit": "5938",
        "price_unit": "ML"
      },
      {
        "state": "QLD",
        "price": "9500",
        "price_per_unit": "5938",
        "price_unit": "ML"
      },
      {
        "state": "WA",
        "price": "9500",
        "price_per_unit": "5938",
        "price_unit": "ML"
      },
      {
        "state": "SA",
        "price": "9500",
        "price_per_unit": "5938",
        "price_unit": "ML"
      },
      {
        "state": "TAS",
        "price": "9500",
        "price_per_unit": "5938",
        "price_unit": "ML"
      },
      {
        "state": "ACT",
        "price": "9500",
        "price_per_unit": "5938",
        "price_unit": "ML"
      },
      {
        "state": "NT",
        "price": "9500",
        "price_per_unit": "5938",
        "price_unit": "ML"
      }
    ]
  },
  {
    "source_url": "https://www.woolworths.com.au/shop/productdetails/1074650379/chanel-n-1-de-chanel-red-camellia-powder-to-foam-cleanser-25g-0-89oz",
    "name": "Chanel N°1 De Chanel Red Camellia Powder-To-Foam Cleanser 25g/0.89oz",
    "image_url": "https://cdn1.woolworths.media/content/wowproductimages/large/1074650379.jpg",
    "source_id": "Woolworths - 1074650379",
    "barcode": null,
    "shop": "Woolworths",
    "weight": "100G",
    "prices": [
      {
        "state": "NSW",
        "price": "10700",
        "price_per_unit": "42800",
        "price_unit": "G"
      },
      {
        "state": "VIC",
        "price": "10700",
        "price_per_unit": "42800",
        "price_unit": "G"
      },
      {
        "state": "QLD",
        "price": "10700",
        "price_per_unit": "42800",
        "price_unit": "G"
      },
      {
        "state": "WA",
        "price": "10700",
        "price_per_unit": "42800",
        "price_unit": "G"
      },
      {
        "state": "SA",
        "price": "10700",
        "price_per_unit": "42800",
        "price_unit": "G"
      },
      {
        "state": "TAS",
        "price": "10700",
        "price_per_unit": "42800",
        "price_unit": "G"
      },
      {
        "state": "ACT",
        "price": "10700",
        "price_per_unit": "42800",
        "price_unit": "G"
      },
      {
        "state": "NT",
        "price": "10700",
        "price_per_unit": "42800",
        "price_unit": "G"
      }
    ]
  },
  {
    "source_url": "https://www.woolworths.com.au/shop/productdetails/1075993485/chantecaille-rose-de-mai-cleansing-balm-75ml-2-5oz",
    "name": "Chantecaille Rose de Mai Cleansing Balm 75ml/2.5oz",
    "image_url": "https://cdn1.woolworths.media/content/wowproductimages/large/default.png",
    "source_id": "Woolworths - 1075993485",
    "barcode": null,
    "shop": "Woolworths",
    "weight": "100ML",
    "prices": [
      {
        "state": "NSW",
        "price": "17600",
        "price_per_unit": "23467",
        "price_unit": "ML"
      },
      {
        "state": "VIC",
        "price": "17600",
        "price_per_unit": "23467",
        "price_unit": "ML"
      },
      {
        "state": "QLD",
        "price": "17600",
        "price_per_unit": "23467",
        "price_unit": "ML"
      },
      {
        "state": "WA",
        "price": "17600",
        "price_per_unit": "23467",
        "price_unit": "ML"
      },
      {
        "state": "SA",
        "price": "17600",
        "price_per_unit": "23467",
        "price_unit": "ML"
      },
      {
        "state": "TAS",
        "price": "17600",
        "price_per_unit": "23467",
        "price_unit": "ML"
      },
      {
        "state": "ACT",
        "price": "17600",
        "price_per_unit": "23467",
        "price_unit": "ML"
      },
      {
        "state": "NT",
        "price": "17600",
        "price_per_unit": "23467",
        "price_unit": "ML"
      }
    ]
  },
  {
    "source_url": "https://www.woolworths.com.au/shop/productdetails/1074650437/christian-dior-capture-totale-super-potent-anti-pollution-purifying-foam-cleanser-110g-3-8oz",
    "name": "Christian Dior Capture Totale Super Potent Anti-Pollution Purifying Foam Cleanser 110g/3.8oz",
    "image_url": "https://cdn1.woolworths.media/content/wowproductimages/large/1074650437.jpg",
    "source_id": "Woolworths - 1074650437",
    "barcode": null,
    "shop": "Woolworths",
    "weight": "100G",
    "prices": [
      {
        "state": "NSW",
        "price": "11200",
        "price_per_unit": "10182",
        "price_unit": "G"
      },
      {
        "state": "VIC",
        "price": "11200",
        "price_per_unit": "10182",
        "price_unit": "G"
      },
      {
        "state": "QLD",
        "price": "11200",
        "price_per_unit": "10182",
        "price_unit": "G"
      },
      {
        "state": "WA",
        "price": "11200",
        "price_per_unit": "10182",
        "price_unit": "G"
      },
      {
        "state": "SA",
        "price": "11200",
        "price_per_unit": "10182",
        "price_unit": "G"
      },
      {
        "state": "TAS",
        "price": "11200",
        "price_per_unit": "10182",
        "price_unit": "G"
      },
      {
        "state": "ACT",
        "price": "11200",
        "price_per_unit": "10182",
        "price_unit": "G"
      },
      {
        "state": "NT",
        "price": "11200",
        "price_per_unit": "10182",
        "price_unit": "G"
      }
    ]
  },
  {
    "source_url": "https://www.woolworths.com.au/shop/productdetails/1074650443/christian-dior-cleansing-milk-with-purifying-french-water-lily-200ml-6-7oz",
    "name": "Christian Dior Cleansing Milk With Purifying French Water Lily 200ml/6.7oz",
    "image_url": "https://cdn1.woolworths.media/content/wowproductimages/large/1074650443.jpg",
    "source_id": "Woolworths - 1074650443",
    "barcode": null,
    "shop": "Woolworths",
    "weight": "100ML",
    "prices": [
      {
        "state": "NSW",
        "price": "8900",
        "price_per_unit": "4450",
        "price_unit": "ML"
      },
      {
        "state": "VIC",
        "price": "8900",
        "price_per_unit": "4450",
        "price_unit": "ML"
      },
      {
        "state": "QLD",
        "price": "8900",
        "price_per_unit": "4450",
        "price_unit": "ML"
      },
      {
        "state": "WA",
        "price": "8900",
        "price_per_unit": "4450",
        "price_unit": "ML"
      },
      {
        "state": "SA",
        "price": "8900",
        "price_per_unit": "4450",
        "price_unit": "ML"
      },
      {
        "state": "TAS",
        "price": "8900",
        "price_per_unit": "4450",
        "price_unit": "ML"
      },
      {
        "state": "ACT",
        "price": "8900",
        "price_per_unit": "4450",
        "price_unit": "ML"
      },
      {
        "state": "NT",
        "price": "8900",
        "price_per_unit": "4450",
        "price_unit": "ML"
      }
    ]
  },
  {
    "source_url": "https://www.woolworths.com.au/shop/productdetails/1075586280/clarins-cleansing-micellar-water-with-alpine-golden-gentian-lemon-balm-extracts-sensitive-skin-200ml-6-7oz",
    "name": "Clarins Cleansing Micellar Water with Alpine Golden Gentian & Lemon Balm Extracts - Sensitive Skin 200ml/6.7oz",
    "image_url": "https://cdn1.woolworths.media/content/wowproductimages/large/1075586280.jpg",
    "source_id": "Woolworths - 1075586280",
    "barcode": null,
    "shop": "Woolworths",
    "weight": "100ML",
    "prices": [
      {
        "state": "NSW",
        "price": "5100",
        "price_per_unit": "2550",
        "price_unit": "ML"
      },
      {
        "state": "VIC",
        "price": "5100",
        "price_per_unit": "2550",
        "price_unit": "ML"
      },
      {
        "state": "QLD",
        "price": "5100",
        "price_per_unit": "2550",
        "price_unit": "ML"
      },
      {
        "state": "WA",
        "price": "5100",
        "price_per_unit": "2550",
        "price_unit": "ML"
      },
      {
        "state": "SA",
        "price": "5100",
        "price_per_unit": "2550",
        "price_unit": "ML"
      },
      {
        "state": "TAS",
        "price": "5100",
        "price_per_unit": "2550",
        "price_unit": "ML"
      },
      {
        "state": "ACT",
        "price": "5100",
        "price_per_unit": "2550",
        "price_unit": "ML"
      },
      {
        "state": "NT",
        "price": "5100",
        "price_per_unit": "2550",
        "price_unit": "ML"
      }
    ]
  },
  {
    "source_url": "https://www.woolworths.com.au/shop/productdetails/1074650519/clarins-gentle-renewing-cleansing-mousse-with-alpine-herbs-tamarind-pulp-extracts-150ml-5-5oz",
    "name": "Clarins Gentle Renewing Cleansing Mousse with Alpine Herbs & Tamarind Pulp Extracts 150ml/5.5oz",
    "image_url": "https://cdn1.woolworths.media/content/wowproductimages/large/1074650519.jpg",
    "source_id": "Woolworths - 1074650519",
    "barcode": null,
    "shop": "Woolworths",
    "weight": "100ML",
    "prices": [
      {
        "state": "NSW",
        "price": "6400",
        "price_per_unit": "4267",
        "price_unit": "ML"
      },
      {
        "state": "VIC",
        "price": "6400",
        "price_per_unit": "4267",
        "price_unit": "ML"
      },
      {
        "state": "QLD",
        "price": "6400",
        "price_per_unit": "4267",
        "price_unit": "ML"
      },
      {
        "state": "WA",
        "price": "6400",
        "price_per_unit": "4267",
        "price_unit": "ML"
      },
      {
        "state": "SA",
        "price": "6400",
        "price_per_unit": "4267",
        "price_unit": "ML"
      },
      {
        "state": "TAS",
        "price": "6400",
        "price_per_unit": "4267",
        "price_unit": "ML"
      },
      {
        "state": "ACT",
        "price": "6400",
        "price_per_unit": "4267",
        "price_unit": "ML"
      },
      {
        "state": "NT",
        "price": "6400",
        "price_per_unit": "4267",
        "price_unit": "ML"
      }
    ]
  },
  {
    "source_url": "https://www.woolworths.com.au/shop/productdetails/1074650535/clarins-hydrating-gentle-foaming-cleanser-with-alpine-herbs-aloe-vera-extracts-normal-to-dry-skin-125ml-4-2oz",
    "name": "Clarins Hydrating Gentle Foaming Cleanser with Alpine Herbs & Aloe Vera Extracts - Normal to Dry Skin 125ml/4.2oz",
    "image_url": "https://cdn1.woolworths.media/content/wowproductimages/large/1074650535.jpg",
    "source_id": "Woolworths - 1074650535",
    "barcode": null,
    "shop": "Woolworths",
    "weight": "100ML",
    "prices": [
      {
        "state": "NSW",
        "price": "5100",
        "price_per_unit": "4080",
        "price_unit": "ML"
      },
      {
        "state": "VIC",
        "price": "5100",
        "price_per_unit": "4080",
        "price_unit": "ML"
      },
      {
        "state": "QLD",
        "price": "5100",
        "price_per_unit": "4080",
        "price_unit": "ML"
      },
      {
        "state": "WA",
        "price": "5100",
        "price_per_unit": "4080",
        "price_unit": "ML"
      },
      {
        "state": "SA",
        "price": "5100",
        "price_per_unit": "4080",
        "price_unit": "ML"
      },
      {
        "state": "TAS",
        "price": "5100",
        "price_per_unit": "4080",
        "price_unit": "ML"
      },
      {
        "state": "ACT",
        "price": "5100",
        "price_per_unit": "4080",
        "price_unit": "ML"
      },
      {
        "state": "NT",
        "price": "5100",
        "price_per_unit": "4080",
        "price_unit": "ML"
      }
    ]
  },
  {
    "source_url": "https://www.woolworths.com.au/shop/productdetails/1074650569/clarins-my-clarins-clear-out-purifying-matifying-toner-200ml-6-9oz",
    "name": "Clarins My Clarins Clear-Out Purifying & Matifying Toner 200ml/6.9oz",
    "image_url": "https://cdn1.woolworths.media/content/wowproductimages/large/1074650569.jpg",
    "source_id": "Woolworths - 1074650569",
    "barcode": null,
    "shop": "Woolworths",
    "weight": "100ML",
    "prices": [
      {
        "state": "NSW",
        "price": "4200",
        "price_per_unit": "2100",
        "price_unit": "ML"
      },
      {
        "state": "VIC",
        "price": "4200",
        "price_per_unit": "2100",
        "price_unit": "ML"
      },
      {
        "state": "QLD",
        "price": "4200",
        "price_per_unit": "2100",
        "price_unit": "ML"
      },
      {
        "state": "WA",
        "price": "4200",
        "price_per_unit": "2100",
        "price_unit": "ML"
      },
      {
        "state": "SA",
        "price": "4200",
        "price_per_unit": "2100",
        "price_unit": "ML"
      },
      {
        "state": "TAS",
        "price": "4200",
        "price_per_unit": "2100",
        "price_unit": "ML"
      },
      {
        "state": "ACT",
        "price": "4200",
        "price_per_unit": "2100",
        "price_unit": "ML"
      },
      {
        "state": "NT",
        "price": "4200",
        "price_per_unit": "2100",
        "price_unit": "ML"
      }
    ]
  },
  {
    "source_url": "https://www.woolworths.com.au/shop/productdetails/1074650577/clarins-my-clarins-re-move-micellar-cleansing-water-200ml-6-7oz",
    "name": "Clarins My Clarins Re-Move Micellar Cleansing Water 200ml/6.7oz",
    "image_url": "https://cdn1.woolworths.media/content/wowproductimages/large/1074650577.jpg",
    "source_id": "Woolworths - 1074650577",
    "barcode": null,
    "shop": "Woolworths",
    "weight": "100ML",
    "prices": [
      {
        "state": "NSW",
        "price": "4800",
        "price_per_unit": "2400",
        "price_unit": "ML"
      },
      {
        "state": "VIC",
        "price": "4800",
        "price_per_unit": "2400",
        "price_unit": "ML"
      },
      {
        "state": "QLD",
        "price": "4800",
        "price_per_unit": "2400",
        "price_unit": "ML"
      },
      {
        "state": "WA",
        "price": "4800",
        "price_per_unit": "2400",
        "price_unit": "ML"
      },
      {
        "state": "SA",
        "price": "4800",
        "price_per_unit": "2400",
        "price_unit": "ML"
      },
      {
        "state": "TAS",
        "price": "4800",
        "price_per_unit": "2400",
        "price_unit": "ML"
      },
      {
        "state": "ACT",
        "price": "4800",
        "price_per_unit": "2400",
        "price_unit": "ML"
      },
      {
        "state": "NT",
        "price": "4800",
        "price_per_unit": "2400",
        "price_unit": "ML"
      }
    ]
  },
  {
    "source_url": "https://www.woolworths.com.au/shop/productdetails/1074650585/clarins-one-step-facial-cleanser-200ml-6-7oz",
    "name": "Clarins One Step Facial Cleanser 200ml/6.7oz",
    "image_url": "https://cdn1.woolworths.media/content/wowproductimages/large/1074650585.jpg",
    "source_id": "Woolworths - 1074650585",
    "barcode": null,
    "shop": "Woolworths",
    "weight": "100ML",
    "prices": [
      {
        "state": "NSW",
        "price": "6300",
        "price_per_unit": "3150",
        "price_unit": "ML"
      },
      {
        "state": "VIC",
        "price": "6300",
        "price_per_unit": "3150",
        "price_unit": "ML"
      },
      {
        "state": "QLD",
        "price": "6300",
        "price_per_unit": "3150",
        "price_unit": "ML"
      },
      {
        "state": "WA",
        "price": "6300",
        "price_per_unit": "3150",
        "price_unit": "ML"
      },
      {
        "state": "SA",
        "price": "6300",
        "price_per_unit": "3150",
        "price_unit": "ML"
      },
      {
        "state": "TAS",
        "price": "6300",
        "price_per_unit": "3150",
        "price_unit": "ML"
      },
      {
        "state": "ACT",
        "price": "6300",
        "price_per_unit": "3150",
        "price_unit": "ML"
      },
      {
        "state": "NT",
        "price": "6300",
        "price_per_unit": "3150",
        "price_unit": "ML"
      }
    ]
  },
  {
    "source_url": "https://www.woolworths.com.au/shop/productdetails/1074546135/clarins-purifying-gentle-foaming-cleanser-125ml-combination-to-oily-skin",
    "name": "Clarins Purifying Gentle Foaming Cleanser 125mL - Combination To Oily Skin",
    "image_url": "https://cdn1.woolworths.media/content/wowproductimages/large/1074546135.jpg",
    "source_id": "Woolworths - 1074546135",
    "barcode": null,
    "shop": "Woolworths",
    "weight": "1EA",
    "prices": [
      {
        "state": "NSW",
        "price": "4600",
        "price_per_unit": "4600",
        "price_unit": "EA"
      },
      {
        "state": "VIC",
        "price": "4600",
        "price_per_unit": "4600",
        "price_unit": "EA"
      },
      {
        "state": "QLD",
        "price": "4600",
        "price_per_unit": "4600",
        "price_unit": "EA"
      },
      {
        "state": "WA",
        "price": "4600",
        "price_per_unit": "4600",
        "price_unit": "EA"
      },
      {
        "state": "SA",
        "price": "4600",
        "price_per_unit": "4600",
        "price_unit": "EA"
      },
      {
        "state": "TAS",
        "price": "4600",
        "price_per_unit": "4600",
        "price_unit": "EA"
      },
      {
        "state": "ACT",
        "price": "4600",
        "price_per_unit": "4600",
        "price_unit": "EA"
      },
      {
        "state": "NT",
        "price": "4600",
        "price_per_unit": "4600",
        "price_unit": "EA"
      }
    ]
  },
  {
    "source_url": "https://www.woolworths.com.au/shop/productdetails/1074650588/clarins-purifying-gentle-foaming-cleanser-with-alpine-herbs-meadowsweet-extracts-combination-to-oily-skin-125ml-4-2oz",
    "name": "Clarins Purifying Gentle Foaming Cleanser with Alpine Herbs & Meadowsweet Extracts - Combination to Oily Skin 125ml/4.2oz",
    "image_url": "https://cdn1.woolworths.media/content/wowproductimages/large/1074650588.jpg",
    "source_id": "Woolworths - 1074650588",
    "barcode": null,
    "shop": "Woolworths",
    "weight": "100ML",
    "prices": [
      {
        "state": "NSW",
        "price": "5100",
        "price_per_unit": "4080",
        "price_unit": "ML"
      },
      {
        "state": "VIC",
        "price": "5100",
        "price_per_unit": "4080",
        "price_unit": "ML"
      },
      {
        "state": "QLD",
        "price": "5100",
        "price_per_unit": "4080",
        "price_unit": "ML"
      },
      {
        "state": "WA",
        "price": "5100",
        "price_per_unit": "4080",
        "price_unit": "ML"
      },
      {
        "state": "SA",
        "price": "5100",
        "price_per_unit": "4080",
        "price_unit": "ML"
      },
      {
        "state": "TAS",
        "price": "5100",
        "price_per_unit": "4080",
        "price_unit": "ML"
      },
      {
        "state": "ACT",
        "price": "5100",
        "price_per_unit": "4080",
        "price_unit": "ML"
      },
      {
        "state": "NT",
        "price": "5100",
        "price_per_unit": "4080",
        "price_unit": "ML"
      }
    ]
  },
  {
    "source_url": "https://www.woolworths.com.au/shop/productdetails/1074650597/clarins-soothing-gentle-foaming-cleanser-with-alpine-herbs-shea-butter-extracts-very-dry-or-sensitive-skin-125ml-4-2oz",
    "name": "Clarins Soothing Gentle Foaming Cleanser with Alpine Herbs & Shea Butter Extracts - Very Dry or Sensitive Skin 125ml/4.2oz",
    "image_url": "https://cdn1.woolworths.media/content/wowproductimages/large/1074650597.jpg",
    "source_id": "Woolworths - 1074650597",
    "barcode": null,
    "shop": "Woolworths",
    "weight": "100ML",
    "prices": [
      {
        "state": "NSW",
        "price": "5100",
        "price_per_unit": "4080",
        "price_unit": "ML"
      },
      {
        "state": "VIC",
        "price": "5100",
        "price_per_unit": "4080",
        "price_unit": "ML"
      },
      {
        "state": "QLD",
        "price": "5100",
        "price_per_unit": "4080",
        "price_unit": "ML"
      },
      {
        "state": "WA",
        "price": "5100",
        "price_per_unit": "4080",
        "price_unit": "ML"
      },
      {
        "state": "SA",
        "price": "5100",
        "price_per_unit": "4080",
        "price_unit": "ML"
      },
      {
        "state": "TAS",
        "price": "5100",
        "price_per_unit": "4080",
        "price_unit": "ML"
      },
      {
        "state": "ACT",
        "price": "5100",
        "price_per_unit": "4080",
        "price_unit": "ML"
      },
      {
        "state": "NT",
        "price": "5100",
        "price_per_unit": "4080",
        "price_unit": "ML"
      }
    ]
  },
  {
    "source_url": "https://www.woolworths.com.au/shop/productdetails/1074650623/clarins-total-cleansing-oil-with-alpine-golden-gentian-lemon-balm-extracts-all-waterproof-make-up-150ml-5oz",
    "name": "Clarins Total Cleansing Oil with Alpine Golden Gentian & Lemon Balm Extracts (All Waterproof Make-up) 150ml/5oz",
    "image_url": "https://cdn1.woolworths.media/content/wowproductimages/large/1074650623.jpg",
    "source_id": "Woolworths - 1074650623",
    "barcode": null,
    "shop": "Woolworths",
    "weight": "100ML",
    "prices": [
      {
        "state": "NSW",
        "price": "5900",
        "price_per_unit": "3933",
        "price_unit": "ML"
      },
      {
        "state": "VIC",
        "price": "5900",
        "price_per_unit": "3933",
        "price_unit": "ML"
      },
      {
        "state": "QLD",
        "price": "5900",
        "price_per_unit": "3933",
        "price_unit": "ML"
      },
      {
        "state": "WA",
        "price": "5900",
        "price_per_unit": "3933",
        "price_unit": "ML"
      },
      {
        "state": "SA",
        "price": "5900",
        "price_per_unit": "3933",
        "price_unit": "ML"
      },
      {
        "state": "TAS",
        "price": "5900",
        "price_per_unit": "3933",
        "price_unit": "ML"
      },
      {
        "state": "ACT",
        "price": "5900",
        "price_per_unit": "3933",
        "price_unit": "ML"
      },
      {
        "state": "NT",
        "price": "5900",
        "price_per_unit": "3933",
        "price_unit": "ML"
      }
    ]
  },
  {
    "source_url": "https://www.woolworths.com.au/shop/productdetails/1074650632/clarins-velvet-cleansing-milk-with-alpine-golden-gentian-lemon-balm-extracts-200ml-6-7oz",
    "name": "Clarins Velvet Cleansing Milk with Alpine Golden Gentian & Lemon Balm Extracts 200ml/6.7oz",
    "image_url": "https://cdn1.woolworths.media/content/wowproductimages/large/1074650632.jpg",
    "source_id": "Woolworths - 1074650632",
    "barcode": null,
    "shop": "Woolworths",
    "weight": "100ML",
    "prices": [
      {
        "state": "NSW",
        "price": "4900",
        "price_per_unit": "2450",
        "price_unit": "ML"
      },
      {
        "state": "VIC",
        "price": "4900",
        "price_per_unit": "2450",
        "price_unit": "ML"
      },
      {
        "state": "QLD",
        "price": "4900",
        "price_per_unit": "2450",
        "price_unit": "ML"
      },
      {
        "state": "WA",
        "price": "4900",
        "price_per_unit": "2450",
        "price_unit": "ML"
      },
      {
        "state": "SA",
        "price": "4900",
        "price_per_unit": "2450",
        "price_unit": "ML"
      },
      {
        "state": "TAS",
        "price": "4900",
        "price_per_unit": "2450",
        "price_unit": "ML"
      },
      {
        "state": "ACT",
        "price": "4900",
        "price_per_unit": "2450",
        "price_unit": "ML"
      },
      {
        "state": "NT",
        "price": "4900",
        "price_per_unit": "2450",
        "price_unit": "ML"
      }
    ]
  },
  {
    "source_url": "https://www.woolworths.com.au/shop/productdetails/1075708109/clarins-velvet-cleansing-milk-with-alpine-golden-gentian-lemon-balm-extracts-400ml-13-4oz",
    "name": "Clarins Velvet Cleansing Milk with Alpine Golden Gentian & Lemon Balm Extracts 400ml/13.4oz",
    "image_url": "https://cdn1.woolworths.media/content/wowproductimages/large/1075708109.jpg",
    "source_id": "Woolworths - 1075708109",
    "barcode": null,
    "shop": "Woolworths",
    "weight": "100ML",
    "prices": [
      {
        "state": "NSW",
        "price": "7200",
        "price_per_unit": "1800",
        "price_unit": "ML"
      },
      {
        "state": "VIC",
        "price": "7200",
        "price_per_unit": "1800",
        "price_unit": "ML"
      },
      {
        "state": "QLD",
        "price": "7200",
        "price_per_unit": "1800",
        "price_unit": "ML"
      },
      {
        "state": "WA",
        "price": "7200",
        "price_per_unit": "1800",
        "price_unit": "ML"
      },
      {
        "state": "SA",
        "price": "7200",
        "price_per_unit": "1800",
        "price_unit": "ML"
      },
      {
        "state": "TAS",
        "price": "7200",
        "price_per_unit": "1800",
        "price_unit": "ML"
      },
      {
        "state": "ACT",
        "price": "7200",
        "price_per_unit": "1800",
        "price_unit": "ML"
      },
      {
        "state": "NT",
        "price": "7200",
        "price_per_unit": "1800",
        "price_unit": "ML"
      }
    ]
  },
  {
    "source_url": "https://www.woolworths.com.au/shop/productdetails/1074608107/clarins-water-purify-one-step-cleanser-200ml-combination-to-oily-skin",
    "name": "Clarins Water Purify One-Step Cleanser 200mL - Combination to Oily Skin",
    "image_url": "https://cdn1.woolworths.media/content/wowproductimages/large/1074608107.jpg",
    "source_id": "Woolworths - 1074608107",
    "barcode": null,
    "shop": "Woolworths",
    "weight": "1EA",
    "prices": [
      {
        "state": "NSW",
        "price": "4400",
        "price_per_unit": "4400",
        "price_unit": "EA"
      },
      {
        "state": "VIC",
        "price": "4400",
        "price_per_unit": "4400",
        "price_unit": "EA"
      },
      {
        "state": "QLD",
        "price": "4400",
        "price_per_unit": "4400",
        "price_unit": "EA"
      },
      {
        "state": "WA",
        "price": "4400",
        "price_per_unit": "4400",
        "price_unit": "EA"
      },
      {
        "state": "SA",
        "price": "4400",
        "price_per_unit": "4400",
        "price_unit": "EA"
      },
      {
        "state": "TAS",
        "price": "4400",
        "price_per_unit": "4400",
        "price_unit": "EA"
      },
      {
        "state": "ACT",
        "price": "4400",
        "price_per_unit": "4400",
        "price_unit": "EA"
      },
      {
        "state": "NT",
        "price": "4400",
        "price_per_unit": "4400",
        "price_unit": "EA"
      }
    ]
  },
  {
    "source_url": "https://www.woolworths.com.au/shop/productdetails/1074650643/cle-de-peau-clarifying-cleansing-foam-n-125ml-4-6oz",
    "name": "Cle De Peau Clarifying Cleansing Foam N 125ml/4.6oz",
    "image_url": "https://cdn1.woolworths.media/content/wowproductimages/large/1074650643.jpg",
    "source_id": "Woolworths - 1074650643",
    "barcode": null,
    "shop": "Woolworths",
    "weight": "100ML",
    "prices": [
      {
        "state": "NSW",
        "price": "10200",
        "price_per_unit": "8160",
        "price_unit": "ML"
      },
      {
        "state": "VIC",
        "price": "10200",
        "price_per_unit": "8160",
        "price_unit": "ML"
      },
      {
        "state": "QLD",
        "price": "10200",
        "price_per_unit": "8160",
        "price_unit": "ML"
      },
      {
        "state": "WA",
        "price": "10200",
        "price_per_unit": "8160",
        "price_unit": "ML"
      },
      {
        "state": "SA",
        "price": "10200",
        "price_per_unit": "8160",
        "price_unit": "ML"
      },
      {
        "state": "TAS",
        "price": "10200",
        "price_per_unit": "8160",
        "price_unit": "ML"
      },
      {
        "state": "ACT",
        "price": "10200",
        "price_per_unit": "8160",
        "price_unit": "ML"
      },
      {
        "state": "NT",
        "price": "10200",
        "price_per_unit": "8160",
        "price_unit": "ML"
      }
    ]
  },
  {
    "source_url": "https://www.woolworths.com.au/shop/productdetails/1074650653/cle-de-peau-softening-cleansing-foam-n-125ml-4-8oz",
    "name": "Cle De Peau Softening Cleansing Foam N 125ml/4.8oz",
    "image_url": "https://cdn1.woolworths.media/content/wowproductimages/large/1074650653.jpg",
    "source_id": "Woolworths - 1074650653",
    "barcode": null,
    "shop": "Woolworths",
    "weight": "100ML",
    "prices": [
      {
        "state": "NSW",
        "price": "10400",
        "price_per_unit": "8320",
        "price_unit": "ML"
      },
      {
        "state": "VIC",
        "price": "10400",
        "price_per_unit": "8320",
        "price_unit": "ML"
      },
      {
        "state": "QLD",
        "price": "10400",
        "price_per_unit": "8320",
        "price_unit": "ML"
      },
      {
        "state": "WA",
        "price": "10400",
        "price_per_unit": "8320",
        "price_unit": "ML"
      },
      {
        "state": "SA",
        "price": "10400",
        "price_per_unit": "8320",
        "price_unit": "ML"
      },
      {
        "state": "TAS",
        "price": "10400",
        "price_per_unit": "8320",
        "price_unit": "ML"
      },
      {
        "state": "ACT",
        "price": "10400",
        "price_per_unit": "8320",
        "price_unit": "ML"
      },
      {
        "state": "NT",
        "price": "10400",
        "price_per_unit": "8320",
        "price_unit": "ML"
      }
    ]
  },
  {
    "source_url": "https://www.woolworths.com.au/shop/productdetails/436924/clearasil-5-in-1-pimple-fighter-exfoliating-scrub",
    "name": "Clearasil 5 In 1 Pimple Fighter Exfoliating Scrub 150ml",
    "image_url": "https://cdn1.woolworths.media/content/wowproductimages/large/436924.jpg",
    "source_id": "Woolworths - 436924",
    "barcode": "5011417562598",
    "shop": "Woolworths",
    "weight": "100ML",
    "prices": [
      {
        "state": "NSW",
        "price": "1480",
        "price_per_unit": "987",
        "price_unit": "ML"
      },
      {
        "state": "VIC",
        "price": "1480",
        "price_per_unit": "987",
        "price_unit": "ML"
      },
      {
        "state": "QLD",
        "price": "1480",
        "price_per_unit": "987",
        "price_unit": "ML"
      },
      {
        "state": "WA",
        "price": "1480",
        "price_per_unit": "987",
        "price_unit": "ML"
      },
      {
        "state": "SA",
        "price": "1480",
        "price_per_unit": "987",
        "price_unit": "ML"
      },
      {
        "state": "TAS",
        "price": "1480",
        "price_per_unit": "987",
        "price_unit": "ML"
      },
      {
        "state": "ACT",
        "price": "1480",
        "price_per_unit": "987",
        "price_unit": "ML"
      },
      {
        "state": "NT",
        "price": "1480",
        "price_per_unit": "987",
        "price_unit": "ML"
      }
    ]
  },
  {
    "source_url": "https://www.woolworths.com.au/shop/productdetails/1075478368/clearasil-pimple-fighter-5-in-1-exfoliating-scrub-150ml",
    "name": "Clearasil Pimple Fighter 5 in 1 Exfoliating Scrub 150ml",
    "image_url": "https://cdn1.woolworths.media/content/wowproductimages/large/1075478368.jpg",
    "source_id": "Woolworths - 1075478368",
    "barcode": null,
    "shop": "Woolworths",
    "weight": "100ML",
    "prices": [
      {
        "state": "NSW",
        "price": "1399",
        "price_per_unit": "933",
        "price_unit": "ML"
      },
      {
        "state": "VIC",
        "price": "1399",
        "price_per_unit": "933",
        "price_unit": "ML"
      },
      {
        "state": "QLD",
        "price": "1399",
        "price_per_unit": "933",
        "price_unit": "ML"
      },
      {
        "state": "WA",
        "price": "1399",
        "price_per_unit": "933",
        "price_unit": "ML"
      },
      {
        "state": "SA",
        "price": "1399",
        "price_per_unit": "933",
        "price_unit": "ML"
      },
      {
        "state": "TAS",
        "price": "1399",
        "price_per_unit": "933",
        "price_unit": "ML"
      },
      {
        "state": "ACT",
        "price": "1399",
        "price_per_unit": "933",
        "price_unit": "ML"
      },
      {
        "state": "NT",
        "price": "1399",
        "price_per_unit": "933",
        "price_unit": "ML"
      }
    ]
  },
  {
    "source_url": "https://www.woolworths.com.au/shop/productdetails/1075480065/clearasil-pimple-fighter-5-in-1-wash-150ml",
    "name": "Clearasil Pimple Fighter 5 in 1 Wash 150ml",
    "image_url": "https://cdn1.woolworths.media/content/wowproductimages/large/1075480065.jpg",
    "source_id": "Woolworths - 1075480065",
    "barcode": null,
    "shop": "Woolworths",
    "weight": "100ML",
    "prices": [
      {
        "state": "NSW",
        "price": "1399",
        "price_per_unit": "933",
        "price_unit": "ML"
      },
      {
        "state": "VIC",
        "price": "1399",
        "price_per_unit": "933",
        "price_unit": "ML"
      },
      {
        "state": "QLD",
        "price": "1399",
        "price_per_unit": "933",
        "price_unit": "ML"
      },
      {
        "state": "WA",
        "price": "1399",
        "price_per_unit": "933",
        "price_unit": "ML"
      },
      {
        "state": "SA",
        "price": "1399",
        "price_per_unit": "933",
        "price_unit": "ML"
      },
      {
        "state": "TAS",
        "price": "1399",
        "price_per_unit": "933",
        "price_unit": "ML"
      },
      {
        "state": "ACT",
        "price": "1399",
        "price_per_unit": "933",
        "price_unit": "ML"
      },
      {
        "state": "NT",
        "price": "1399",
        "price_per_unit": "933",
        "price_unit": "ML"
      }
    ]
  },
  {
    "source_url": "https://www.woolworths.com.au/shop/productdetails/1075481443/clearasil-rapid-action-cleansing-scrub-150ml",
    "name": "Clearasil Rapid Action Cleansing Scrub 150ml",
    "image_url": "https://cdn1.woolworths.media/content/wowproductimages/large/1075481443.jpg",
    "source_id": "Woolworths - 1075481443",
    "barcode": null,
    "shop": "Woolworths",
    "weight": "100ML",
    "prices": [
      {
        "state": "NSW",
        "price": "1395",
        "price_per_unit": "930",
        "price_unit": "ML"
      },
      {
        "state": "VIC",
        "price": "1395",
        "price_per_unit": "930",
        "price_unit": "ML"
      },
      {
        "state": "QLD",
        "price": "1395",
        "price_per_unit": "930",
        "price_unit": "ML"
      },
      {
        "state": "WA",
        "price": "1395",
        "price_per_unit": "930",
        "price_unit": "ML"
      },
      {
        "state": "SA",
        "price": "1395",
        "price_per_unit": "930",
        "price_unit": "ML"
      },
      {
        "state": "TAS",
        "price": "1395",
        "price_per_unit": "930",
        "price_unit": "ML"
      },
      {
        "state": "ACT",
        "price": "1395",
        "price_per_unit": "930",
        "price_unit": "ML"
      },
      {
        "state": "NT",
        "price": "1395",
        "price_per_unit": "930",
        "price_unit": "ML"
      }
    ]
  },
  {
    "source_url": "https://www.woolworths.com.au/shop/productdetails/231929/clearasil-rapid-action-face-cleanser-gel-wash-for-clearer-skin",
    "name": "Clearasil Rapid Action Face Cleanser Gel Wash For Clearer Skin 200ml",
    "image_url": "https://cdn1.woolworths.media/content/wowproductimages/large/231929.jpg",
    "source_id": "Woolworths - 231929",
    "barcode": "9300711283138",
    "shop": "Woolworths",
    "weight": "100ML",
    "prices": [
      {
        "state": "NSW",
        "price": "1400",
        "price_per_unit": "700",
        "price_unit": "ML"
      },
      {
        "state": "VIC",
        "price": "1400",
        "price_per_unit": "700",
        "price_unit": "ML"
      },
      {
        "state": "QLD",
        "price": "1400",
        "price_per_unit": "700",
        "price_unit": "ML"
      },
      {
        "state": "WA",
        "price": "1400",
        "price_per_unit": "700",
        "price_unit": "ML"
      },
      {
        "state": "SA",
        "price": "1400",
        "price_per_unit": "700",
        "price_unit": "ML"
      },
      {
        "state": "TAS",
        "price": "1400",
        "price_per_unit": "700",
        "price_unit": "ML"
      },
      {
        "state": "NT",
        "price": "1400",
        "price_per_unit": "700",
        "price_unit": "ML"
      }
    ]
  },
  {
    "source_url": "https://www.woolworths.com.au/shop/productdetails/1075480262/clearasil-rapid-action-pimple-cream-15g",
    "name": "Clearasil Rapid Action Pimple Cream 15g",
    "image_url": "https://cdn1.woolworths.media/content/wowproductimages/large/1075480262.jpg",
    "source_id": "Woolworths - 1075480262",
    "barcode": null,
    "shop": "Woolworths",
    "weight": "100G",
    "prices": [
      {
        "state": "NSW",
        "price": "1349",
        "price_per_unit": "8993",
        "price_unit": "G"
      },
      {
        "state": "VIC",
        "price": "1349",
        "price_per_unit": "8993",
        "price_unit": "G"
      },
      {
        "state": "QLD",
        "price": "1349",
        "price_per_unit": "8993",
        "price_unit": "G"
      },
      {
        "state": "WA",
        "price": "1349",
        "price_per_unit": "8993",
        "price_unit": "G"
      },
      {
        "state": "SA",
        "price": "1349",
        "price_per_unit": "8993",
        "price_unit": "G"
      },
      {
        "state": "TAS",
        "price": "1349",
        "price_per_unit": "8993",
        "price_unit": "G"
      },
      {
        "state": "ACT",
        "price": "1349",
        "price_per_unit": "8993",
        "price_unit": "G"
      },
      {
        "state": "NT",
        "price": "1349",
        "price_per_unit": "8993",
        "price_unit": "G"
      }
    ]
  },
  {
    "source_url": "https://www.woolworths.com.au/shop/productdetails/231930/clearasil-rapid-action-pimple-face-cleanser-pads",
    "name": "Clearasil Rapid Action Pimple Face Cleanser Pads 65 Pack",
    "image_url": "https://cdn1.woolworths.media/content/wowproductimages/large/231930.jpg",
    "source_id": "Woolworths - 231930",
    "barcode": "9300711283145",
    "shop": "Woolworths",
    "weight": "1EA",
    "prices": [
      {
        "state": "SA",
        "price": "1480",
        "price_per_unit": "23",
        "price_unit": "EA"
      },
      {
        "state": "ACT",
        "price": "1480",
        "price_per_unit": "23",
        "price_unit": "EA"
      }
    ]
  },
  {
    "source_url": "https://www.woolworths.com.au/shop/productdetails/1075480801/clearasil-ultra-acne-treatment-cream-extra-strength-20g",
    "name": "Clearasil Ultra Acne Treatment Cream Extra Strength 20g",
    "image_url": "https://cdn1.woolworths.media/content/wowproductimages/large/1075480801.jpg",
    "source_id": "Woolworths - 1075480801",
    "barcode": null,
    "shop": "Woolworths",
    "weight": "100G",
    "prices": [
      {
        "state": "NSW",
        "price": "1299",
        "price_per_unit": "6495",
        "price_unit": "G"
      },
      {
        "state": "VIC",
        "price": "1299",
        "price_per_unit": "6495",
        "price_unit": "G"
      },
      {
        "state": "QLD",
        "price": "1299",
        "price_per_unit": "6495",
        "price_unit": "G"
      },
      {
        "state": "WA",
        "price": "1299",
        "price_per_unit": "6495",
        "price_unit": "G"
      },
      {
        "state": "SA",
        "price": "1299",
        "price_per_unit": "6495",
        "price_unit": "G"
      },
      {
        "state": "TAS",
        "price": "1299",
        "price_per_unit": "6495",
        "price_unit": "G"
      },
      {
        "state": "ACT",
        "price": "1299",
        "price_per_unit": "6495",
        "price_unit": "G"
      },
      {
        "state": "NT",
        "price": "1299",
        "price_per_unit": "6495",
        "price_unit": "G"
      }
    ]
  },
  {
    "source_url": "https://www.woolworths.com.au/shop/productdetails/1075346816/clemence-organics-refining-cleanser-250ml",
    "name": "Clemence Organics Refining Cleanser 250ml",
    "image_url": "https://cdn1.woolworths.media/content/wowproductimages/large/1075346816.jpg",
    "source_id": "Woolworths - 1075346816",
    "barcode": null,
    "shop": "Woolworths",
    "weight": "100ML",
    "prices": [
      {
        "state": "NSW",
        "price": "13999",
        "price_per_unit": "5600",
        "price_unit": "ML"
      },
      {
        "state": "VIC",
        "price": "13999",
        "price_per_unit": "5600",
        "price_unit": "ML"
      },
      {
        "state": "QLD",
        "price": "13999",
        "price_per_unit": "5600",
        "price_unit": "ML"
      },
      {
        "state": "WA",
        "price": "13999",
        "price_per_unit": "5600",
        "price_unit": "ML"
      },
      {
        "state": "SA",
        "price": "13999",
        "price_per_unit": "5600",
        "price_unit": "ML"
      },
      {
        "state": "TAS",
        "price": "13999",
        "price_per_unit": "5600",
        "price_unit": "ML"
      },
      {
        "state": "ACT",
        "price": "13999",
        "price_per_unit": "5600",
        "price_unit": "ML"
      },
      {
        "state": "NT",
        "price": "13999",
        "price_per_unit": "5600",
        "price_unit": "ML"
      }
    ]
  },
  {
    "source_url": "https://www.woolworths.com.au/shop/productdetails/1075346390/clemence-organics-ultimate-biome-spritz-50ml",
    "name": "Clemence Organics Ultimate Biome Spritz 50ml",
    "image_url": "https://cdn1.woolworths.media/content/wowproductimages/large/1075346390.jpg",
    "source_id": "Woolworths - 1075346390",
    "barcode": null,
    "shop": "Woolworths",
    "weight": "100ML",
    "prices": [
      {
        "state": "NSW",
        "price": "5999",
        "price_per_unit": "11998",
        "price_unit": "ML"
      },
      {
        "state": "VIC",
        "price": "5999",
        "price_per_unit": "11998",
        "price_unit": "ML"
      },
      {
        "state": "QLD",
        "price": "5999",
        "price_per_unit": "11998",
        "price_unit": "ML"
      },
      {
        "state": "WA",
        "price": "5999",
        "price_per_unit": "11998",
        "price_unit": "ML"
      },
      {
        "state": "SA",
        "price": "5999",
        "price_per_unit": "11998",
        "price_unit": "ML"
      },
      {
        "state": "TAS",
        "price": "5999",
        "price_per_unit": "11998",
        "price_unit": "ML"
      },
      {
        "state": "ACT",
        "price": "5999",
        "price_per_unit": "11998",
        "price_unit": "ML"
      },
      {
        "state": "NT",
        "price": "5999",
        "price_per_unit": "11998",
        "price_unit": "ML"
      }
    ]
  },
  {
    "source_url": "https://www.woolworths.com.au/shop/productdetails/1074384932/clevinger-eco-oval-facial-exfoliating-loofah",
    "name": "Clevinger Eco Oval Facial Exfoliating Loofah",
    "image_url": "https://cdn1.woolworths.media/content/wowproductimages/large/1074384932.jpg",
    "source_id": "Woolworths - 1074384932",
    "barcode": null,
    "shop": "Woolworths",
    "weight": "1EA",
    "prices": [
      {
        "state": "NSW",
        "price": "1495",
        "price_per_unit": "1495",
        "price_unit": "EA"
      },
      {
        "state": "VIC",
        "price": "1495",
        "price_per_unit": "1495",
        "price_unit": "EA"
      },
      {
        "state": "QLD",
        "price": "1495",
        "price_per_unit": "1495",
        "price_unit": "EA"
      },
      {
        "state": "WA",
        "price": "1495",
        "price_per_unit": "1495",
        "price_unit": "EA"
      },
      {
        "state": "SA",
        "price": "1495",
        "price_per_unit": "1495",
        "price_unit": "EA"
      },
      {
        "state": "TAS",
        "price": "1495",
        "price_per_unit": "1495",
        "price_unit": "EA"
      },
      {
        "state": "ACT",
        "price": "1495",
        "price_per_unit": "1495",
        "price_unit": "EA"
      },
      {
        "state": "NT",
        "price": "1495",
        "price_per_unit": "1495",
        "price_unit": "EA"
      }
    ]
  },
  {
    "source_url": "https://www.woolworths.com.au/shop/productdetails/1074106109/clevinger-ultimate-electric-spin-facial-cleaning",
    "name": "Clevinger Ultimate Electric Spin Facial Cleaning",
    "image_url": "https://cdn1.woolworths.media/content/wowproductimages/large/1074106109.jpg",
    "source_id": "Woolworths - 1074106109",
    "barcode": null,
    "shop": "Woolworths",
    "weight": "1EA",
    "prices": [
      {
        "state": "NSW",
        "price": "2500",
        "price_per_unit": "2500",
        "price_unit": "EA"
      },
      {
        "state": "VIC",
        "price": "2500",
        "price_per_unit": "2500",
        "price_unit": "EA"
      },
      {
        "state": "QLD",
        "price": "2500",
        "price_per_unit": "2500",
        "price_unit": "EA"
      },
      {
        "state": "WA",
        "price": "2500",
        "price_per_unit": "2500",
        "price_unit": "EA"
      },
      {
        "state": "SA",
        "price": "2500",
        "price_per_unit": "2500",
        "price_unit": "EA"
      },
      {
        "state": "TAS",
        "price": "2500",
        "price_per_unit": "2500",
        "price_unit": "EA"
      },
      {
        "state": "ACT",
        "price": "2500",
        "price_per_unit": "2500",
        "price_unit": "EA"
      },
      {
        "state": "NT",
        "price": "2500",
        "price_per_unit": "2500",
        "price_unit": "EA"
      }
    ]
  },
  {
    "source_url": "https://www.woolworths.com.au/shop/productdetails/1075597909/clinique-all-about-clean-all-in-one-cleansing-micellar-milk-makeup-remover-very-dry-to-dry-combination-200ml-6-7oz",
    "name": "Clinique All about Clean All-In-One Cleansing Micellar Milk + Makeup Remover - Very Dry to Dry Combination 200ml/6.7oz",
    "image_url": "https://cdn1.woolworths.media/content/wowproductimages/large/1075597909.jpg",
    "source_id": "Woolworths - 1075597909",
    "barcode": null,
    "shop": "Woolworths",
    "weight": "100ML",
    "prices": [
      {
        "state": "NSW",
        "price": "5900",
        "price_per_unit": "2950",
        "price_unit": "ML"
      },
      {
        "state": "VIC",
        "price": "5900",
        "price_per_unit": "2950",
        "price_unit": "ML"
      },
      {
        "state": "QLD",
        "price": "5900",
        "price_per_unit": "2950",
        "price_unit": "ML"
      },
      {
        "state": "WA",
        "price": "5900",
        "price_per_unit": "2950",
        "price_unit": "ML"
      },
      {
        "state": "SA",
        "price": "5900",
        "price_per_unit": "2950",
        "price_unit": "ML"
      },
      {
        "state": "TAS",
        "price": "5900",
        "price_per_unit": "2950",
        "price_unit": "ML"
      },
      {
        "state": "ACT",
        "price": "5900",
        "price_per_unit": "2950",
        "price_unit": "ML"
      },
      {
        "state": "NT",
        "price": "5900",
        "price_per_unit": "2950",
        "price_unit": "ML"
      }
    ]
  },
  {
    "source_url": "https://www.woolworths.com.au/shop/productdetails/1075319141/clinique-all-about-clean-rinse-off-foaming-cleanser-for-combination-oily-to-oily-skin-150ml-5oz",
    "name": "Clinique All About Clean Rinse-Off Foaming Cleanser - For Combination Oily to Oily Skin 150ml/5oz",
    "image_url": "https://cdn1.woolworths.media/content/wowproductimages/large/1075319141.jpg",
    "source_id": "Woolworths - 1075319141",
    "barcode": null,
    "shop": "Woolworths",
    "weight": "100ML",
    "prices": [
      {
        "state": "NSW",
        "price": "5200",
        "price_per_unit": "3467",
        "price_unit": "ML"
      },
      {
        "state": "VIC",
        "price": "5200",
        "price_per_unit": "3467",
        "price_unit": "ML"
      },
      {
        "state": "QLD",
        "price": "5200",
        "price_per_unit": "3467",
        "price_unit": "ML"
      },
      {
        "state": "WA",
        "price": "5200",
        "price_per_unit": "3467",
        "price_unit": "ML"
      },
      {
        "state": "SA",
        "price": "5200",
        "price_per_unit": "3467",
        "price_unit": "ML"
      },
      {
        "state": "TAS",
        "price": "5200",
        "price_per_unit": "3467",
        "price_unit": "ML"
      },
      {
        "state": "ACT",
        "price": "5200",
        "price_per_unit": "3467",
        "price_unit": "ML"
      },
      {
        "state": "NT",
        "price": "5200",
        "price_per_unit": "3467",
        "price_unit": "ML"
      }
    ]
  },
  {
    "source_url": "https://www.woolworths.com.au/shop/productdetails/1074131922/clinique-anti-blemish-solutions-clarifying-lotion-200ml-6-7oz",
    "name": "Clinique Anti-blemish Solutions Clarifying Lotion 200ml/6.7oz",
    "image_url": "https://cdn1.woolworths.media/content/wowproductimages/large/1074131922.jpg",
    "source_id": "Woolworths - 1074131922",
    "barcode": null,
    "shop": "Woolworths",
    "weight": "100ML",
    "prices": [
      {
        "state": "NSW",
        "price": "9460",
        "price_per_unit": "4730",
        "price_unit": "ML"
      },
      {
        "state": "VIC",
        "price": "9460",
        "price_per_unit": "4730",
        "price_unit": "ML"
      },
      {
        "state": "QLD",
        "price": "9460",
        "price_per_unit": "4730",
        "price_unit": "ML"
      },
      {
        "state": "WA",
        "price": "9460",
        "price_per_unit": "4730",
        "price_unit": "ML"
      },
      {
        "state": "SA",
        "price": "9460",
        "price_per_unit": "4730",
        "price_unit": "ML"
      },
      {
        "state": "TAS",
        "price": "9460",
        "price_per_unit": "4730",
        "price_unit": "ML"
      },
      {
        "state": "ACT",
        "price": "9460",
        "price_per_unit": "4730",
        "price_unit": "ML"
      },
      {
        "state": "NT",
        "price": "9460",
        "price_per_unit": "4730",
        "price_unit": "ML"
      }
    ]
  },
  {
    "source_url": "https://www.woolworths.com.au/shop/productdetails/1075996763/clinique-anti-blemish-solutions-cleansing-foam-for-all-skin-types-125ml-4-2oz",
    "name": "Clinique Anti-Blemish Solutions Cleansing Foam - For All Skin Types 125ml/4.2oz",
    "image_url": "https://cdn1.woolworths.media/content/wowproductimages/large/default.png",
    "source_id": "Woolworths - 1075996763",
    "barcode": null,
    "shop": "Woolworths",
    "weight": "100ML",
    "prices": [
      {
        "state": "NSW",
        "price": "5100",
        "price_per_unit": "4080",
        "price_unit": "ML"
      },
      {
        "state": "VIC",
        "price": "5100",
        "price_per_unit": "4080",
        "price_unit": "ML"
      },
      {
        "state": "QLD",
        "price": "5100",
        "price_per_unit": "4080",
        "price_unit": "ML"
      },
      {
        "state": "WA",
        "price": "5100",
        "price_per_unit": "4080",
        "price_unit": "ML"
      },
      {
        "state": "SA",
        "price": "5100",
        "price_per_unit": "4080",
        "price_unit": "ML"
      },
      {
        "state": "TAS",
        "price": "5100",
        "price_per_unit": "4080",
        "price_unit": "ML"
      },
      {
        "state": "ACT",
        "price": "5100",
        "price_per_unit": "4080",
        "price_unit": "ML"
      },
      {
        "state": "NT",
        "price": "5100",
        "price_per_unit": "4080",
        "price_unit": "ML"
      }
    ]
  },
  {
    "source_url": "https://www.woolworths.com.au/shop/productdetails/1074650678/clinique-anti-blemish-solutions-cleansing-gel-125ml-4-2oz",
    "name": "Clinique Anti-Blemish Solutions Cleansing Gel 125ml/4.2oz",
    "image_url": "https://cdn1.woolworths.media/content/wowproductimages/large/1074650678.jpg",
    "source_id": "Woolworths - 1074650678",
    "barcode": null,
    "shop": "Woolworths",
    "weight": "100ML",
    "prices": [
      {
        "state": "NSW",
        "price": "5400",
        "price_per_unit": "4320",
        "price_unit": "ML"
      },
      {
        "state": "VIC",
        "price": "5400",
        "price_per_unit": "4320",
        "price_unit": "ML"
      },
      {
        "state": "QLD",
        "price": "5400",
        "price_per_unit": "4320",
        "price_unit": "ML"
      },
      {
        "state": "WA",
        "price": "5400",
        "price_per_unit": "4320",
        "price_unit": "ML"
      },
      {
        "state": "SA",
        "price": "5400",
        "price_per_unit": "4320",
        "price_unit": "ML"
      },
      {
        "state": "TAS",
        "price": "5400",
        "price_per_unit": "4320",
        "price_unit": "ML"
      },
      {
        "state": "ACT",
        "price": "5400",
        "price_per_unit": "4320",
        "price_unit": "ML"
      },
      {
        "state": "NT",
        "price": "5400",
        "price_per_unit": "4320",
        "price_unit": "ML"
      }
    ]
  },
  {
    "source_url": "https://www.woolworths.com.au/shop/productdetails/1074650682/clinique-blackhead-solutions-7-days-deep-pore-cleanse-scrub-125ml-4-2oz",
    "name": "Clinique Blackhead Solutions 7 Days Deep Pore Cleanse & Scrub 125ml/4.2oz",
    "image_url": "https://cdn1.woolworths.media/content/wowproductimages/large/1074650682.jpg",
    "source_id": "Woolworths - 1074650682",
    "barcode": null,
    "shop": "Woolworths",
    "weight": "100ML",
    "prices": [
      {
        "state": "NSW",
        "price": "6000",
        "price_per_unit": "4800",
        "price_unit": "ML"
      },
      {
        "state": "VIC",
        "price": "6000",
        "price_per_unit": "4800",
        "price_unit": "ML"
      },
      {
        "state": "QLD",
        "price": "6000",
        "price_per_unit": "4800",
        "price_unit": "ML"
      },
      {
        "state": "WA",
        "price": "6000",
        "price_per_unit": "4800",
        "price_unit": "ML"
      },
      {
        "state": "SA",
        "price": "6000",
        "price_per_unit": "4800",
        "price_unit": "ML"
      },
      {
        "state": "TAS",
        "price": "6000",
        "price_per_unit": "4800",
        "price_unit": "ML"
      },
      {
        "state": "ACT",
        "price": "6000",
        "price_per_unit": "4800",
        "price_unit": "ML"
      },
      {
        "state": "NT",
        "price": "6000",
        "price_per_unit": "4800",
        "price_unit": "ML"
      }
    ]
  },
  {
    "source_url": "https://www.woolworths.com.au/shop/productdetails/1074713757/clinique-clarifying-lotion-1-200ml-6-7oz",
    "name": "Clinique Clarifying Lotion 1 200ml/6.7oz",
    "image_url": "https://cdn1.woolworths.media/content/wowproductimages/large/1074713757.jpg",
    "source_id": "Woolworths - 1074713757",
    "barcode": null,
    "shop": "Woolworths",
    "weight": "100ML",
    "prices": [
      {
        "state": "NSW",
        "price": "4895",
        "price_per_unit": "2448",
        "price_unit": "ML"
      },
      {
        "state": "VIC",
        "price": "4895",
        "price_per_unit": "2448",
        "price_unit": "ML"
      },
      {
        "state": "QLD",
        "price": "4895",
        "price_per_unit": "2448",
        "price_unit": "ML"
      },
      {
        "state": "WA",
        "price": "4895",
        "price_per_unit": "2448",
        "price_unit": "ML"
      },
      {
        "state": "SA",
        "price": "4895",
        "price_per_unit": "2448",
        "price_unit": "ML"
      },
      {
        "state": "TAS",
        "price": "4895",
        "price_per_unit": "2448",
        "price_unit": "ML"
      },
      {
        "state": "ACT",
        "price": "4895",
        "price_per_unit": "2448",
        "price_unit": "ML"
      },
      {
        "state": "NT",
        "price": "4895",
        "price_per_unit": "2448",
        "price_unit": "ML"
      }
    ]
  },
  {
    "source_url": "https://www.woolworths.com.au/shop/productdetails/1074650687/clinique-clarifying-lotion-1-0-twice-a-day-exfoliator-formulated-for-asian-skin-400ml-13-5oz",
    "name": "Clinique Clarifying Lotion 1.0 Twice A Day Exfoliator (Formulated for Asian Skin) 400ml/13.5oz",
    "image_url": "https://cdn1.woolworths.media/content/wowproductimages/large/1074650687.jpg",
    "source_id": "Woolworths - 1074650687",
    "barcode": null,
    "shop": "Woolworths",
    "weight": "100ML",
    "prices": [
      {
        "state": "NSW",
        "price": "7000",
        "price_per_unit": "1750",
        "price_unit": "ML"
      },
      {
        "state": "VIC",
        "price": "7000",
        "price_per_unit": "1750",
        "price_unit": "ML"
      },
      {
        "state": "QLD",
        "price": "7000",
        "price_per_unit": "1750",
        "price_unit": "ML"
      },
      {
        "state": "WA",
        "price": "7000",
        "price_per_unit": "1750",
        "price_unit": "ML"
      },
      {
        "state": "SA",
        "price": "7000",
        "price_per_unit": "1750",
        "price_unit": "ML"
      },
      {
        "state": "TAS",
        "price": "7000",
        "price_per_unit": "1750",
        "price_unit": "ML"
      },
      {
        "state": "ACT",
        "price": "7000",
        "price_per_unit": "1750",
        "price_unit": "ML"
      },
      {
        "state": "NT",
        "price": "7000",
        "price_per_unit": "1750",
        "price_unit": "ML"
      }
    ]
  },
  {
    "source_url": "https://www.woolworths.com.au/shop/productdetails/1074713368/clinique-clarifying-lotion-2-200ml-6-7oz",
    "name": "Clinique Clarifying Lotion 2 200ml/6.7oz",
    "image_url": "https://cdn1.woolworths.media/content/wowproductimages/large/1074713368.jpg",
    "source_id": "Woolworths - 1074713368",
    "barcode": null,
    "shop": "Woolworths",
    "weight": "100ML",
    "prices": [
      {
        "state": "NSW",
        "price": "4995",
        "price_per_unit": "2498",
        "price_unit": "ML"
      },
      {
        "state": "VIC",
        "price": "4995",
        "price_per_unit": "2498",
        "price_unit": "ML"
      },
      {
        "state": "QLD",
        "price": "4995",
        "price_per_unit": "2498",
        "price_unit": "ML"
      },
      {
        "state": "WA",
        "price": "4995",
        "price_per_unit": "2498",
        "price_unit": "ML"
      },
      {
        "state": "SA",
        "price": "4995",
        "price_per_unit": "2498",
        "price_unit": "ML"
      },
      {
        "state": "TAS",
        "price": "4995",
        "price_per_unit": "2498",
        "price_unit": "ML"
      },
      {
        "state": "ACT",
        "price": "4995",
        "price_per_unit": "2498",
        "price_unit": "ML"
      },
      {
        "state": "NT",
        "price": "4995",
        "price_per_unit": "2498",
        "price_unit": "ML"
      }
    ]
  },
  {
    "source_url": "https://www.woolworths.com.au/shop/productdetails/1074650689/clinique-clarifying-lotion-2-twice-a-day-exfoliator-formulated-for-asian-skin-200ml-6-7oz",
    "name": "Clinique Clarifying Lotion 2 Twice A Day Exfoliator (Formulated for Asian Skin) 200ml/6.7oz",
    "image_url": "https://cdn1.woolworths.media/content/wowproductimages/large/1074650689.jpg",
    "source_id": "Woolworths - 1074650689",
    "barcode": null,
    "shop": "Woolworths",
    "weight": "100ML",
    "prices": [
      {
        "state": "NSW",
        "price": "4800",
        "price_per_unit": "2400",
        "price_unit": "ML"
      },
      {
        "state": "VIC",
        "price": "4800",
        "price_per_unit": "2400",
        "price_unit": "ML"
      },
      {
        "state": "QLD",
        "price": "4800",
        "price_per_unit": "2400",
        "price_unit": "ML"
      },
      {
        "state": "WA",
        "price": "4800",
        "price_per_unit": "2400",
        "price_unit": "ML"
      },
      {
        "state": "SA",
        "price": "4800",
        "price_per_unit": "2400",
        "price_unit": "ML"
      },
      {
        "state": "TAS",
        "price": "4800",
        "price_per_unit": "2400",
        "price_unit": "ML"
      },
      {
        "state": "ACT",
        "price": "4800",
        "price_per_unit": "2400",
        "price_unit": "ML"
      },
      {
        "state": "NT",
        "price": "4800",
        "price_per_unit": "2400",
        "price_unit": "ML"
      }
    ]
  },
  {
    "source_url": "https://www.woolworths.com.au/shop/productdetails/1074650690/clinique-clarifying-lotion-2-twice-a-day-exfoliator-formulated-for-asian-skin-400ml-13-5oz",
    "name": "Clinique Clarifying Lotion 2 Twice A Day Exfoliator (Formulated for Asian Skin) 400ml/13.5oz",
    "image_url": "https://cdn1.woolworths.media/content/wowproductimages/large/1074650690.jpg",
    "source_id": "Woolworths - 1074650690",
    "barcode": null,
    "shop": "Woolworths",
    "weight": "100ML",
    "prices": [
      {
        "state": "NSW",
        "price": "7000",
        "price_per_unit": "1750",
        "price_unit": "ML"
      },
      {
        "state": "VIC",
        "price": "7000",
        "price_per_unit": "1750",
        "price_unit": "ML"
      },
      {
        "state": "QLD",
        "price": "7000",
        "price_per_unit": "1750",
        "price_unit": "ML"
      },
      {
        "state": "WA",
        "price": "7000",
        "price_per_unit": "1750",
        "price_unit": "ML"
      },
      {
        "state": "SA",
        "price": "7000",
        "price_per_unit": "1750",
        "price_unit": "ML"
      },
      {
        "state": "TAS",
        "price": "7000",
        "price_per_unit": "1750",
        "price_unit": "ML"
      },
      {
        "state": "ACT",
        "price": "7000",
        "price_per_unit": "1750",
        "price_unit": "ML"
      },
      {
        "state": "NT",
        "price": "7000",
        "price_per_unit": "1750",
        "price_unit": "ML"
      }
    ]
  },
  {
    "source_url": "https://www.woolworths.com.au/shop/productdetails/1074713369/clinique-clarifying-lotion-3-200ml-6-7oz",
    "name": "Clinique Clarifying Lotion 3 200ml/6.7oz",
    "image_url": "https://cdn1.woolworths.media/content/wowproductimages/large/1074713369.jpg",
    "source_id": "Woolworths - 1074713369",
    "barcode": null,
    "shop": "Woolworths",
    "weight": "100ML",
    "prices": [
      {
        "state": "NSW",
        "price": "4995",
        "price_per_unit": "2498",
        "price_unit": "ML"
      },
      {
        "state": "VIC",
        "price": "4995",
        "price_per_unit": "2498",
        "price_unit": "ML"
      },
      {
        "state": "QLD",
        "price": "4995",
        "price_per_unit": "2498",
        "price_unit": "ML"
      },
      {
        "state": "WA",
        "price": "4995",
        "price_per_unit": "2498",
        "price_unit": "ML"
      },
      {
        "state": "SA",
        "price": "4995",
        "price_per_unit": "2498",
        "price_unit": "ML"
      },
      {
        "state": "TAS",
        "price": "4995",
        "price_per_unit": "2498",
        "price_unit": "ML"
      },
      {
        "state": "ACT",
        "price": "4995",
        "price_per_unit": "2498",
        "price_unit": "ML"
      },
      {
        "state": "NT",
        "price": "4995",
        "price_per_unit": "2498",
        "price_unit": "ML"
      }
    ]
  },
  {
    "source_url": "https://www.woolworths.com.au/shop/productdetails/1074650691/clinique-clarifying-lotion-3-twice-a-day-exfoliator-formulated-for-asian-skin-200ml-6-7oz",
    "name": "Clinique Clarifying Lotion 3 Twice A Day Exfoliator (Formulated for Asian Skin) 200ml/6.7oz",
    "image_url": "https://cdn1.woolworths.media/content/wowproductimages/large/1074650691.jpg",
    "source_id": "Woolworths - 1074650691",
    "barcode": null,
    "shop": "Woolworths",
    "weight": "100ML",
    "prices": [
      {
        "state": "NSW",
        "price": "4800",
        "price_per_unit": "2400",
        "price_unit": "ML"
      },
      {
        "state": "VIC",
        "price": "4800",
        "price_per_unit": "2400",
        "price_unit": "ML"
      },
      {
        "state": "QLD",
        "price": "4800",
        "price_per_unit": "2400",
        "price_unit": "ML"
      },
      {
        "state": "WA",
        "price": "4800",
        "price_per_unit": "2400",
        "price_unit": "ML"
      },
      {
        "state": "SA",
        "price": "4800",
        "price_per_unit": "2400",
        "price_unit": "ML"
      },
      {
        "state": "TAS",
        "price": "4800",
        "price_per_unit": "2400",
        "price_unit": "ML"
      },
      {
        "state": "ACT",
        "price": "4800",
        "price_per_unit": "2400",
        "price_unit": "ML"
      },
      {
        "state": "NT",
        "price": "4800",
        "price_per_unit": "2400",
        "price_unit": "ML"
      }
    ]
  },
  {
    "source_url": "https://www.woolworths.com.au/shop/productdetails/1074650692/clinique-clarifying-lotion-3-twice-a-day-exfoliator-formulated-for-asian-skin-400ml-13-5oz",
    "name": "Clinique Clarifying Lotion 3 Twice A Day Exfoliator (Formulated for Asian Skin) 400ml/13.5oz",
    "image_url": "https://cdn1.woolworths.media/content/wowproductimages/large/1074650692.jpg",
    "source_id": "Woolworths - 1074650692",
    "barcode": null,
    "shop": "Woolworths",
    "weight": "100ML",
    "prices": [
      {
        "state": "NSW",
        "price": "7000",
        "price_per_unit": "1750",
        "price_unit": "ML"
      },
      {
        "state": "VIC",
        "price": "7000",
        "price_per_unit": "1750",
        "price_unit": "ML"
      },
      {
        "state": "QLD",
        "price": "7000",
        "price_per_unit": "1750",
        "price_unit": "ML"
      },
      {
        "state": "WA",
        "price": "7000",
        "price_per_unit": "1750",
        "price_unit": "ML"
      },
      {
        "state": "SA",
        "price": "7000",
        "price_per_unit": "1750",
        "price_unit": "ML"
      },
      {
        "state": "TAS",
        "price": "7000",
        "price_per_unit": "1750",
        "price_unit": "ML"
      },
      {
        "state": "ACT",
        "price": "7000",
        "price_per_unit": "1750",
        "price_unit": "ML"
      },
      {
        "state": "NT",
        "price": "7000",
        "price_per_unit": "1750",
        "price_unit": "ML"
      }
    ]
  },
  {
    "source_url": "https://www.woolworths.com.au/shop/productdetails/1074650726/clinique-extra-gentle-cleansing-foam-very-dry-to-dry-combination-125ml-4-2oz",
    "name": "Clinique Extra Gentle Cleansing Foam - Very Dry To Dry Combination 125ml/4.2oz",
    "image_url": "https://cdn1.woolworths.media/content/wowproductimages/large/1074650726.jpg",
    "source_id": "Woolworths - 1074650726",
    "barcode": null,
    "shop": "Woolworths",
    "weight": "100ML",
    "prices": [
      {
        "state": "NSW",
        "price": "5900",
        "price_per_unit": "4720",
        "price_unit": "ML"
      },
      {
        "state": "VIC",
        "price": "5900",
        "price_per_unit": "4720",
        "price_unit": "ML"
      },
      {
        "state": "QLD",
        "price": "5900",
        "price_per_unit": "4720",
        "price_unit": "ML"
      },
      {
        "state": "WA",
        "price": "5900",
        "price_per_unit": "4720",
        "price_unit": "ML"
      },
      {
        "state": "SA",
        "price": "5900",
        "price_per_unit": "4720",
        "price_unit": "ML"
      },
      {
        "state": "TAS",
        "price": "5900",
        "price_per_unit": "4720",
        "price_unit": "ML"
      },
      {
        "state": "ACT",
        "price": "5900",
        "price_per_unit": "4720",
        "price_unit": "ML"
      },
      {
        "state": "NT",
        "price": "5900",
        "price_per_unit": "4720",
        "price_unit": "ML"
      }
    ]
  },
  {
    "source_url": "https://www.woolworths.com.au/shop/productdetails/1074650738/clinique-moisture-surge-face-spray-thirsty-skin-relief-125ml-4-2oz",
    "name": "Clinique Moisture Surge Face Spray Thirsty Skin Relief 125ml/4.2oz",
    "image_url": "https://cdn1.woolworths.media/content/wowproductimages/large/1074650738.jpg",
    "source_id": "Woolworths - 1074650738",
    "barcode": null,
    "shop": "Woolworths",
    "weight": "100ML",
    "prices": [
      {
        "state": "NSW",
        "price": "7100",
        "price_per_unit": "5680",
        "price_unit": "ML"
      },
      {
        "state": "VIC",
        "price": "7100",
        "price_per_unit": "5680",
        "price_unit": "ML"
      },
      {
        "state": "QLD",
        "price": "7100",
        "price_per_unit": "5680",
        "price_unit": "ML"
      },
      {
        "state": "WA",
        "price": "7100",
        "price_per_unit": "5680",
        "price_unit": "ML"
      },
      {
        "state": "SA",
        "price": "7100",
        "price_per_unit": "5680",
        "price_unit": "ML"
      },
      {
        "state": "TAS",
        "price": "7100",
        "price_per_unit": "5680",
        "price_unit": "ML"
      },
      {
        "state": "ACT",
        "price": "7100",
        "price_per_unit": "5680",
        "price_unit": "ML"
      },
      {
        "state": "NT",
        "price": "7100",
        "price_per_unit": "5680",
        "price_unit": "ML"
      }
    ]
  },
  {
    "source_url": "https://www.woolworths.com.au/shop/productdetails/1075996770/clinique-redness-solutions-soothing-cleanser-150ml-5oz",
    "name": "Clinique Redness Solutions Soothing Cleanser 150ml/5oz",
    "image_url": "https://cdn1.woolworths.media/content/wowproductimages/large/default.png",
    "source_id": "Woolworths - 1075996770",
    "barcode": null,
    "shop": "Woolworths",
    "weight": "100ML",
    "prices": [
      {
        "state": "NSW",
        "price": "5900",
        "price_per_unit": "3933",
        "price_unit": "ML"
      },
      {
        "state": "VIC",
        "price": "5900",
        "price_per_unit": "3933",
        "price_unit": "ML"
      },
      {
        "state": "QLD",
        "price": "5900",
        "price_per_unit": "3933",
        "price_unit": "ML"
      },
      {
        "state": "WA",
        "price": "5900",
        "price_per_unit": "3933",
        "price_unit": "ML"
      },
      {
        "state": "SA",
        "price": "5900",
        "price_per_unit": "3933",
        "price_unit": "ML"
      },
      {
        "state": "TAS",
        "price": "5900",
        "price_per_unit": "3933",
        "price_unit": "ML"
      },
      {
        "state": "ACT",
        "price": "5900",
        "price_per_unit": "3933",
        "price_unit": "ML"
      },
      {
        "state": "NT",
        "price": "5900",
        "price_per_unit": "3933",
        "price_unit": "ML"
      }
    ]
  },
  {
    "source_url": "https://www.woolworths.com.au/shop/productdetails/1074650769/clinique-sparkle-skin-body-exfoliating-cream-250ml-8-5oz",
    "name": "Clinique Sparkle Skin Body Exfoliating Cream 250ml/8.5oz",
    "image_url": "https://cdn1.woolworths.media/content/wowproductimages/large/1074650769.jpg",
    "source_id": "Woolworths - 1074650769",
    "barcode": null,
    "shop": "Woolworths",
    "weight": "100ML",
    "prices": [
      {
        "state": "NSW",
        "price": "7000",
        "price_per_unit": "2800",
        "price_unit": "ML"
      },
      {
        "state": "VIC",
        "price": "7000",
        "price_per_unit": "2800",
        "price_unit": "ML"
      },
      {
        "state": "QLD",
        "price": "7000",
        "price_per_unit": "2800",
        "price_unit": "ML"
      },
      {
        "state": "WA",
        "price": "7000",
        "price_per_unit": "2800",
        "price_unit": "ML"
      },
      {
        "state": "SA",
        "price": "7000",
        "price_per_unit": "2800",
        "price_unit": "ML"
      },
      {
        "state": "TAS",
        "price": "7000",
        "price_per_unit": "2800",
        "price_unit": "ML"
      },
      {
        "state": "ACT",
        "price": "7000",
        "price_per_unit": "2800",
        "price_unit": "ML"
      },
      {
        "state": "NT",
        "price": "7000",
        "price_per_unit": "2800",
        "price_unit": "ML"
      }
    ]
  },
  {
    "source_url": "https://www.woolworths.com.au/shop/productdetails/1074650787/clinique-take-the-day-off-make-up-remover-125ml-4-2oz",
    "name": "Clinique Take The Day Off Make Up Remover 125ml/4.2oz",
    "image_url": "https://cdn1.woolworths.media/content/wowproductimages/large/1074650787.jpg",
    "source_id": "Woolworths - 1074650787",
    "barcode": null,
    "shop": "Woolworths",
    "weight": "100ML",
    "prices": [
      {
        "state": "NSW",
        "price": "5200",
        "price_per_unit": "4160",
        "price_unit": "ML"
      },
      {
        "state": "VIC",
        "price": "5200",
        "price_per_unit": "4160",
        "price_unit": "ML"
      },
      {
        "state": "QLD",
        "price": "5200",
        "price_per_unit": "4160",
        "price_unit": "ML"
      },
      {
        "state": "WA",
        "price": "5200",
        "price_per_unit": "4160",
        "price_unit": "ML"
      },
      {
        "state": "SA",
        "price": "5200",
        "price_per_unit": "4160",
        "price_unit": "ML"
      },
      {
        "state": "TAS",
        "price": "5200",
        "price_per_unit": "4160",
        "price_unit": "ML"
      },
      {
        "state": "ACT",
        "price": "5200",
        "price_per_unit": "4160",
        "price_unit": "ML"
      },
      {
        "state": "NT",
        "price": "5200",
        "price_per_unit": "4160",
        "price_unit": "ML"
      }
    ]
  },
  {
    "source_url": "https://www.woolworths.com.au/shop/productdetails/1074138080/clover-fields-natures-gifts-essentials-turmeric-with-lemongrass-exfoliating-salt-scrub-450g",
    "name": "Clover Fields Natures Gifts Essentials Turmeric with Lemongrass Exfoliating Salt Scrub 450g",
    "image_url": "https://cdn1.woolworths.media/content/wowproductimages/large/1074138080.jpg",
    "source_id": "Woolworths - 1074138080",
    "barcode": null,
    "shop": "Woolworths",
    "weight": "100G",
    "prices": [
      {
        "state": "NSW",
        "price": "6050",
        "price_per_unit": "1344",
        "price_unit": "G"
      },
      {
        "state": "VIC",
        "price": "6050",
        "price_per_unit": "1344",
        "price_unit": "G"
      },
      {
        "state": "QLD",
        "price": "6050",
        "price_per_unit": "1344",
        "price_unit": "G"
      },
      {
        "state": "WA",
        "price": "6050",
        "price_per_unit": "1344",
        "price_unit": "G"
      },
      {
        "state": "SA",
        "price": "6050",
        "price_per_unit": "1344",
        "price_unit": "G"
      },
      {
        "state": "TAS",
        "price": "6050",
        "price_per_unit": "1344",
        "price_unit": "G"
      },
      {
        "state": "ACT",
        "price": "6050",
        "price_per_unit": "1344",
        "price_unit": "G"
      },
      {
        "state": "NT",
        "price": "6050",
        "price_per_unit": "1344",
        "price_unit": "G"
      }
    ]
  },
  {
    "source_url": "https://www.woolworths.com.au/shop/productdetails/1075845476/cosmedix-benefit-clean-gentle-cleanser-150ml-5oz",
    "name": "CosMedix Benefit Clean Gentle Cleanser 150ml/5oz",
    "image_url": "https://cdn1.woolworths.media/content/wowproductimages/large/1075845476.jpg",
    "source_id": "Woolworths - 1075845476",
    "barcode": null,
    "shop": "Woolworths",
    "weight": "100ML",
    "prices": [
      {
        "state": "NSW",
        "price": "6200",
        "price_per_unit": "4133",
        "price_unit": "ML"
      },
      {
        "state": "VIC",
        "price": "6200",
        "price_per_unit": "4133",
        "price_unit": "ML"
      },
      {
        "state": "QLD",
        "price": "6200",
        "price_per_unit": "4133",
        "price_unit": "ML"
      },
      {
        "state": "WA",
        "price": "6200",
        "price_per_unit": "4133",
        "price_unit": "ML"
      },
      {
        "state": "SA",
        "price": "6200",
        "price_per_unit": "4133",
        "price_unit": "ML"
      },
      {
        "state": "TAS",
        "price": "6200",
        "price_per_unit": "4133",
        "price_unit": "ML"
      },
      {
        "state": "ACT",
        "price": "6200",
        "price_per_unit": "4133",
        "price_unit": "ML"
      },
      {
        "state": "NT",
        "price": "6200",
        "price_per_unit": "4133",
        "price_unit": "ML"
      }
    ]
  },
  {
    "source_url": "https://www.woolworths.com.au/shop/productdetails/1074650861/cosmedix-clarity-peel-exfoliating-clarifying-treatment-salon-product-14g-0-5oz",
    "name": "CosMedix Clarity Peel Exfoliating & Clarifying Treatment (Salon Product) 14g/0.5oz",
    "image_url": "https://cdn1.woolworths.media/content/wowproductimages/large/1074650861.jpg",
    "source_id": "Woolworths - 1074650861",
    "barcode": null,
    "shop": "Woolworths",
    "weight": "100G",
    "prices": [
      {
        "state": "NSW",
        "price": "18100",
        "price_per_unit": "129286",
        "price_unit": "G"
      },
      {
        "state": "VIC",
        "price": "18100",
        "price_per_unit": "129286",
        "price_unit": "G"
      },
      {
        "state": "QLD",
        "price": "18100",
        "price_per_unit": "129286",
        "price_unit": "G"
      },
      {
        "state": "WA",
        "price": "18100",
        "price_per_unit": "129286",
        "price_unit": "G"
      },
      {
        "state": "SA",
        "price": "18100",
        "price_per_unit": "129286",
        "price_unit": "G"
      },
      {
        "state": "TAS",
        "price": "18100",
        "price_per_unit": "129286",
        "price_unit": "G"
      },
      {
        "state": "ACT",
        "price": "18100",
        "price_per_unit": "129286",
        "price_unit": "G"
      },
      {
        "state": "NT",
        "price": "18100",
        "price_per_unit": "129286",
        "price_unit": "G"
      }
    ]
  },
  {
    "source_url": "https://www.woolworths.com.au/shop/productdetails/1074650863/cosmedix-crystal-cleanse-hydrating-liquid-crystal-cleansing-cream-163-5ml-5-5oz",
    "name": "CosMedix Crystal Cleanse Hydrating Liquid Crystal Cleansing Cream 163.5ml/5.5oz",
    "image_url": "https://cdn1.woolworths.media/content/wowproductimages/large/1074650863.jpg",
    "source_id": "Woolworths - 1074650863",
    "barcode": null,
    "shop": "Woolworths",
    "weight": "100ML",
    "prices": [
      {
        "state": "NSW",
        "price": "7200",
        "price_per_unit": "4404",
        "price_unit": "ML"
      },
      {
        "state": "VIC",
        "price": "7200",
        "price_per_unit": "4404",
        "price_unit": "ML"
      },
      {
        "state": "QLD",
        "price": "7200",
        "price_per_unit": "4404",
        "price_unit": "ML"
      },
      {
        "state": "WA",
        "price": "7200",
        "price_per_unit": "4404",
        "price_unit": "ML"
      },
      {
        "state": "SA",
        "price": "7200",
        "price_per_unit": "4404",
        "price_unit": "ML"
      },
      {
        "state": "TAS",
        "price": "7200",
        "price_per_unit": "4404",
        "price_unit": "ML"
      },
      {
        "state": "ACT",
        "price": "7200",
        "price_per_unit": "4404",
        "price_unit": "ML"
      },
      {
        "state": "NT",
        "price": "7200",
        "price_per_unit": "4404",
        "price_unit": "ML"
      }
    ]
  },
  {
    "source_url": "https://www.woolworths.com.au/shop/productdetails/1075841615/cosmedix-elite-rx-clean-exfoliating-cleanser-150ml-5oz",
    "name": "CosMedix Elite Rx Clean Exfoliating Cleanser 150ml/5oz",
    "image_url": "https://cdn1.woolworths.media/content/wowproductimages/large/1075841615.jpg",
    "source_id": "Woolworths - 1075841615",
    "barcode": null,
    "shop": "Woolworths",
    "weight": "100ML",
    "prices": [
      {
        "state": "NSW",
        "price": "10340",
        "price_per_unit": "6893",
        "price_unit": "ML"
      },
      {
        "state": "VIC",
        "price": "10340",
        "price_per_unit": "6893",
        "price_unit": "ML"
      },
      {
        "state": "QLD",
        "price": "10340",
        "price_per_unit": "6893",
        "price_unit": "ML"
      },
      {
        "state": "WA",
        "price": "10340",
        "price_per_unit": "6893",
        "price_unit": "ML"
      },
      {
        "state": "SA",
        "price": "10340",
        "price_per_unit": "6893",
        "price_unit": "ML"
      },
      {
        "state": "TAS",
        "price": "10340",
        "price_per_unit": "6893",
        "price_unit": "ML"
      },
      {
        "state": "ACT",
        "price": "10340",
        "price_per_unit": "6893",
        "price_unit": "ML"
      },
      {
        "state": "NT",
        "price": "10340",
        "price_per_unit": "6893",
        "price_unit": "ML"
      }
    ]
  },
  {
    "source_url": "https://www.woolworths.com.au/shop/productdetails/1074650873/cosmedix-elite-timeless-rx-peel-salon-product-15g-0-5oz",
    "name": "CosMedix Elite Timeless Rx Peel (Salon Product) 15g/0.5oz",
    "image_url": "https://cdn1.woolworths.media/content/wowproductimages/large/1074650873.jpg",
    "source_id": "Woolworths - 1074650873",
    "barcode": null,
    "shop": "Woolworths",
    "weight": "100G",
    "prices": [
      {
        "state": "NSW",
        "price": "19600",
        "price_per_unit": "130667",
        "price_unit": "G"
      },
      {
        "state": "VIC",
        "price": "19600",
        "price_per_unit": "130667",
        "price_unit": "G"
      },
      {
        "state": "QLD",
        "price": "19600",
        "price_per_unit": "130667",
        "price_unit": "G"
      },
      {
        "state": "WA",
        "price": "19600",
        "price_per_unit": "130667",
        "price_unit": "G"
      },
      {
        "state": "SA",
        "price": "19600",
        "price_per_unit": "130667",
        "price_unit": "G"
      },
      {
        "state": "TAS",
        "price": "19600",
        "price_per_unit": "130667",
        "price_unit": "G"
      },
      {
        "state": "ACT",
        "price": "19600",
        "price_per_unit": "130667",
        "price_unit": "G"
      },
      {
        "state": "NT",
        "price": "19600",
        "price_per_unit": "130667",
        "price_unit": "G"
      }
    ]
  },
  {
    "source_url": "https://www.woolworths.com.au/shop/productdetails/1074650875/cosmedix-essential-peptide-peel-salon-product-15ml-0-5oz",
    "name": "CosMedix Essential Peptide Peel - Salon Product 15ml/0.5oz",
    "image_url": "https://cdn1.woolworths.media/content/wowproductimages/large/1074650875.jpg",
    "source_id": "Woolworths - 1074650875",
    "barcode": null,
    "shop": "Woolworths",
    "weight": "100ML",
    "prices": [
      {
        "state": "NSW",
        "price": "18200",
        "price_per_unit": "121333",
        "price_unit": "ML"
      },
      {
        "state": "VIC",
        "price": "18200",
        "price_per_unit": "121333",
        "price_unit": "ML"
      },
      {
        "state": "QLD",
        "price": "18200",
        "price_per_unit": "121333",
        "price_unit": "ML"
      },
      {
        "state": "WA",
        "price": "18200",
        "price_per_unit": "121333",
        "price_unit": "ML"
      },
      {
        "state": "SA",
        "price": "18200",
        "price_per_unit": "121333",
        "price_unit": "ML"
      },
      {
        "state": "TAS",
        "price": "18200",
        "price_per_unit": "121333",
        "price_unit": "ML"
      },
      {
        "state": "ACT",
        "price": "18200",
        "price_per_unit": "121333",
        "price_unit": "ML"
      },
      {
        "state": "NT",
        "price": "18200",
        "price_per_unit": "121333",
        "price_unit": "ML"
      }
    ]
  },
  {
    "source_url": "https://www.woolworths.com.au/shop/productdetails/1075845483/cosmedix-purity-balance-exfoliating-prep-toner-150ml-5oz",
    "name": "CosMedix Purity Balance Exfoliating Prep Toner 150ml/5oz",
    "image_url": "https://cdn1.woolworths.media/content/wowproductimages/large/1075845483.jpg",
    "source_id": "Woolworths - 1075845483",
    "barcode": null,
    "shop": "Woolworths",
    "weight": "100ML",
    "prices": [
      {
        "state": "NSW",
        "price": "6100",
        "price_per_unit": "4067",
        "price_unit": "ML"
      },
      {
        "state": "VIC",
        "price": "6100",
        "price_per_unit": "4067",
        "price_unit": "ML"
      },
      {
        "state": "QLD",
        "price": "6100",
        "price_per_unit": "4067",
        "price_unit": "ML"
      },
      {
        "state": "WA",
        "price": "6100",
        "price_per_unit": "4067",
        "price_unit": "ML"
      },
      {
        "state": "SA",
        "price": "6100",
        "price_per_unit": "4067",
        "price_unit": "ML"
      },
      {
        "state": "TAS",
        "price": "6100",
        "price_per_unit": "4067",
        "price_unit": "ML"
      },
      {
        "state": "ACT",
        "price": "6100",
        "price_per_unit": "4067",
        "price_unit": "ML"
      },
      {
        "state": "NT",
        "price": "6100",
        "price_per_unit": "4067",
        "price_unit": "ML"
      }
    ]
  },
  {
    "source_url": "https://www.woolworths.com.au/shop/productdetails/1075845484/cosmedix-purity-clean-exfoliating-cleanser-150ml-5oz",
    "name": "CosMedix Purity Clean Exfoliating Cleanser 150ml/5oz",
    "image_url": "https://cdn1.woolworths.media/content/wowproductimages/large/1075845484.jpg",
    "source_id": "Woolworths - 1075845484",
    "barcode": null,
    "shop": "Woolworths",
    "weight": "100ML",
    "prices": [
      {
        "state": "NSW",
        "price": "5900",
        "price_per_unit": "3933",
        "price_unit": "ML"
      },
      {
        "state": "VIC",
        "price": "5900",
        "price_per_unit": "3933",
        "price_unit": "ML"
      },
      {
        "state": "QLD",
        "price": "5900",
        "price_per_unit": "3933",
        "price_unit": "ML"
      },
      {
        "state": "WA",
        "price": "5900",
        "price_per_unit": "3933",
        "price_unit": "ML"
      },
      {
        "state": "SA",
        "price": "5900",
        "price_per_unit": "3933",
        "price_unit": "ML"
      },
      {
        "state": "TAS",
        "price": "5900",
        "price_per_unit": "3933",
        "price_unit": "ML"
      },
      {
        "state": "ACT",
        "price": "5900",
        "price_per_unit": "3933",
        "price_unit": "ML"
      },
      {
        "state": "NT",
        "price": "5900",
        "price_per_unit": "3933",
        "price_unit": "ML"
      }
    ]
  },
  {
    "source_url": "https://www.woolworths.com.au/shop/productdetails/1075845485/cosmedix-purity-detox-scrub-90g-3oz",
    "name": "CosMedix Purity Detox Scrub 90g/3oz",
    "image_url": "https://cdn1.woolworths.media/content/wowproductimages/large/1075845485.jpg",
    "source_id": "Woolworths - 1075845485",
    "barcode": null,
    "shop": "Woolworths",
    "weight": "100G",
    "prices": [
      {
        "state": "NSW",
        "price": "7000",
        "price_per_unit": "7778",
        "price_unit": "G"
      },
      {
        "state": "VIC",
        "price": "7000",
        "price_per_unit": "7778",
        "price_unit": "G"
      },
      {
        "state": "QLD",
        "price": "7000",
        "price_per_unit": "7778",
        "price_unit": "G"
      },
      {
        "state": "WA",
        "price": "7000",
        "price_per_unit": "7778",
        "price_unit": "G"
      },
      {
        "state": "SA",
        "price": "7000",
        "price_per_unit": "7778",
        "price_unit": "G"
      },
      {
        "state": "TAS",
        "price": "7000",
        "price_per_unit": "7778",
        "price_unit": "G"
      },
      {
        "state": "ACT",
        "price": "7000",
        "price_per_unit": "7778",
        "price_unit": "G"
      },
      {
        "state": "NT",
        "price": "7000",
        "price_per_unit": "7778",
        "price_unit": "G"
      }
    ]
  },
  {
    "source_url": "https://www.woolworths.com.au/shop/productdetails/1075533350/cosrx-ac-collection-acne-patch-bundle-5pcs-",
    "name": "Cosrx AC Collection Acne Patch Bundle (5pcs)",
    "image_url": "https://cdn1.woolworths.media/content/wowproductimages/large/1075533350.jpg",
    "source_id": "Woolworths - 1075533350",
    "barcode": null,
    "shop": "Woolworths",
    "weight": "1EA",
    "prices": []
  },
  {
    "source_url": "https://www.woolworths.com.au/shop/productdetails/1074444961/cosrx-ac-collection-calming-foam-cleanser-150ml",
    "name": "Cosrx AC Collection Calming Foam Cleanser 150ml",
    "image_url": "https://cdn1.woolworths.media/content/wowproductimages/large/1074444961.jpg",
    "source_id": "Woolworths - 1074444961",
    "barcode": null,
    "shop": "Woolworths",
    "weight": "100ML",
    "prices": [
      {
        "state": "NSW",
        "price": "2900",
        "price_per_unit": "1933",
        "price_unit": "ML"
      },
      {
        "state": "VIC",
        "price": "2900",
        "price_per_unit": "1933",
        "price_unit": "ML"
      },
      {
        "state": "QLD",
        "price": "2900",
        "price_per_unit": "1933",
        "price_unit": "ML"
      },
      {
        "state": "WA",
        "price": "2900",
        "price_per_unit": "1933",
        "price_unit": "ML"
      },
      {
        "state": "SA",
        "price": "2900",
        "price_per_unit": "1933",
        "price_unit": "ML"
      },
      {
        "state": "TAS",
        "price": "2900",
        "price_per_unit": "1933",
        "price_unit": "ML"
      },
      {
        "state": "ACT",
        "price": "2900",
        "price_per_unit": "1933",
        "price_unit": "ML"
      },
      {
        "state": "NT",
        "price": "2900",
        "price_per_unit": "1933",
        "price_unit": "ML"
      }
    ]
  },
  {
    "source_url": "https://www.woolworths.com.au/shop/productdetails/1074693269/cosrx-ac-collection-calming-foam-cleanser-150ml-5-07oz",
    "name": "COSRX AC Collection Calming Foam Cleanser 150ml/5.07oz",
    "image_url": "https://cdn1.woolworths.media/content/wowproductimages/large/1074693269.jpg",
    "source_id": "Woolworths - 1074693269",
    "barcode": null,
    "shop": "Woolworths",
    "weight": "100ML",
    "prices": [
      {
        "state": "NSW",
        "price": "3300",
        "price_per_unit": "2200",
        "price_unit": "ML"
      },
      {
        "state": "VIC",
        "price": "3300",
        "price_per_unit": "2200",
        "price_unit": "ML"
      },
      {
        "state": "QLD",
        "price": "3300",
        "price_per_unit": "2200",
        "price_unit": "ML"
      },
      {
        "state": "WA",
        "price": "3300",
        "price_per_unit": "2200",
        "price_unit": "ML"
      },
      {
        "state": "SA",
        "price": "3300",
        "price_per_unit": "2200",
        "price_unit": "ML"
      },
      {
        "state": "TAS",
        "price": "3300",
        "price_per_unit": "2200",
        "price_unit": "ML"
      },
      {
        "state": "ACT",
        "price": "3300",
        "price_per_unit": "2200",
        "price_unit": "ML"
      },
      {
        "state": "NT",
        "price": "3300",
        "price_per_unit": "2200",
        "price_unit": "ML"
      }
    ]
  },
  {
    "source_url": "https://www.woolworths.com.au/shop/productdetails/1074444959/cosrx-ac-collection-calming-liquid-mild-125ml",
    "name": "Cosrx AC Collection Calming Liquid Mild 125ml",
    "image_url": "https://cdn1.woolworths.media/content/wowproductimages/large/1074444959.jpg",
    "source_id": "Woolworths - 1074444959",
    "barcode": null,
    "shop": "Woolworths",
    "weight": "100ML",
    "prices": [
      {
        "state": "NSW",
        "price": "4900",
        "price_per_unit": "3920",
        "price_unit": "ML"
      },
      {
        "state": "VIC",
        "price": "4900",
        "price_per_unit": "3920",
        "price_unit": "ML"
      },
      {
        "state": "QLD",
        "price": "4900",
        "price_per_unit": "3920",
        "price_unit": "ML"
      },
      {
        "state": "WA",
        "price": "4900",
        "price_per_unit": "3920",
        "price_unit": "ML"
      },
      {
        "state": "SA",
        "price": "4900",
        "price_per_unit": "3920",
        "price_unit": "ML"
      },
      {
        "state": "TAS",
        "price": "4900",
        "price_per_unit": "3920",
        "price_unit": "ML"
      },
      {
        "state": "ACT",
        "price": "4900",
        "price_per_unit": "3920",
        "price_unit": "ML"
      },
      {
        "state": "NT",
        "price": "4900",
        "price_per_unit": "3920",
        "price_unit": "ML"
      }
    ]
  },
  {
    "source_url": "https://www.woolworths.com.au/shop/productdetails/1074444960/cosrx-ac-collection-ultimate-spot-cream-30g",
    "name": "Cosrx AC Collection Ultimate Spot Cream 30g",
    "image_url": "https://cdn1.woolworths.media/content/wowproductimages/large/1074444960.jpg",
    "source_id": "Woolworths - 1074444960",
    "barcode": null,
    "shop": "Woolworths",
    "weight": "100G",
    "prices": [
      {
        "state": "NSW",
        "price": "4500",
        "price_per_unit": "15000",
        "price_unit": "G"
      },
      {
        "state": "VIC",
        "price": "4500",
        "price_per_unit": "15000",
        "price_unit": "G"
      },
      {
        "state": "QLD",
        "price": "4500",
        "price_per_unit": "15000",
        "price_unit": "G"
      },
      {
        "state": "WA",
        "price": "4500",
        "price_per_unit": "15000",
        "price_unit": "G"
      },
      {
        "state": "SA",
        "price": "4500",
        "price_per_unit": "15000",
        "price_unit": "G"
      },
      {
        "state": "TAS",
        "price": "4500",
        "price_per_unit": "15000",
        "price_unit": "G"
      },
      {
        "state": "ACT",
        "price": "4500",
        "price_per_unit": "15000",
        "price_unit": "G"
      },
      {
        "state": "NT",
        "price": "4500",
        "price_per_unit": "15000",
        "price_unit": "G"
      }
    ]
  },
  {
    "source_url": "https://www.woolworths.com.au/shop/productdetails/1075533347/cosrx-acne-pimple-master-patch-bundle-5pcs-",
    "name": "Cosrx Acne Pimple Master Patch Bundle (5pcs)",
    "image_url": "https://cdn1.woolworths.media/content/wowproductimages/large/1075533347.jpg",
    "source_id": "Woolworths - 1075533347",
    "barcode": null,
    "shop": "Woolworths",
    "weight": "1EA",
    "prices": []
  },
  {
    "source_url": "https://www.woolworths.com.au/shop/productdetails/1074445596/cosrx-advanced-snail-mucin-gel-cleanser-150ml",
    "name": "Cosrx Advanced Snail Mucin Gel Cleanser 150ml",
    "image_url": "https://cdn1.woolworths.media/content/wowproductimages/large/1074445596.jpg",
    "source_id": "Woolworths - 1074445596",
    "barcode": null,
    "shop": "Woolworths",
    "weight": "100ML",
    "prices": [
      {
        "state": "NSW",
        "price": "4000",
        "price_per_unit": "2667",
        "price_unit": "ML"
      },
      {
        "state": "VIC",
        "price": "4000",
        "price_per_unit": "2667",
        "price_unit": "ML"
      },
      {
        "state": "QLD",
        "price": "4000",
        "price_per_unit": "2667",
        "price_unit": "ML"
      },
      {
        "state": "WA",
        "price": "4000",
        "price_per_unit": "2667",
        "price_unit": "ML"
      },
      {
        "state": "SA",
        "price": "4000",
        "price_per_unit": "2667",
        "price_unit": "ML"
      },
      {
        "state": "TAS",
        "price": "4000",
        "price_per_unit": "2667",
        "price_unit": "ML"
      },
      {
        "state": "ACT",
        "price": "4000",
        "price_per_unit": "2667",
        "price_unit": "ML"
      },
      {
        "state": "NT",
        "price": "4000",
        "price_per_unit": "2667",
        "price_unit": "ML"
      }
    ]
  },
  {
    "source_url": "https://www.woolworths.com.au/shop/productdetails/1075500813/cosrx-advanced-snail-mucin-gel-cleanser-150ml-3pcs-",
    "name": "COSRX Advanced Snail Mucin Gel Cleanser 150ml (3pcs)",
    "image_url": "https://cdn1.woolworths.media/content/wowproductimages/large/1075500813.jpg",
    "source_id": "Woolworths - 1075500813",
    "barcode": null,
    "shop": "Woolworths",
    "weight": "1EA",
    "prices": [
      {
        "state": "NSW",
        "price": "10200",
        "price_per_unit": "3400",
        "price_unit": "EA"
      },
      {
        "state": "VIC",
        "price": "10200",
        "price_per_unit": "3400",
        "price_unit": "EA"
      },
      {
        "state": "QLD",
        "price": "10200",
        "price_per_unit": "3400",
        "price_unit": "EA"
      },
      {
        "state": "WA",
        "price": "10200",
        "price_per_unit": "3400",
        "price_unit": "EA"
      },
      {
        "state": "SA",
        "price": "10200",
        "price_per_unit": "3400",
        "price_unit": "EA"
      },
      {
        "state": "TAS",
        "price": "10200",
        "price_per_unit": "3400",
        "price_unit": "EA"
      },
      {
        "state": "ACT",
        "price": "10200",
        "price_per_unit": "3400",
        "price_unit": "EA"
      },
      {
        "state": "NT",
        "price": "10200",
        "price_per_unit": "3400",
        "price_unit": "EA"
      }
    ]
  },
  {
    "source_url": "https://www.woolworths.com.au/shop/productdetails/1075500818/cosrx-aha-bha-clarifying-treatment-toner-150ml-bundle-3pcs-",
    "name": "COSRX AHA/BHA Clarifying Treatment Toner 150ml Bundle (3pcs)",
    "image_url": "https://cdn1.woolworths.media/content/wowproductimages/large/1075500818.jpg",
    "source_id": "Woolworths - 1075500818",
    "barcode": null,
    "shop": "Woolworths",
    "weight": "1EA",
    "prices": [
      {
        "state": "NSW",
        "price": "7395",
        "price_per_unit": "2465",
        "price_unit": "EA"
      },
      {
        "state": "VIC",
        "price": "7395",
        "price_per_unit": "2465",
        "price_unit": "EA"
      },
      {
        "state": "QLD",
        "price": "7395",
        "price_per_unit": "2465",
        "price_unit": "EA"
      },
      {
        "state": "WA",
        "price": "7395",
        "price_per_unit": "2465",
        "price_unit": "EA"
      },
      {
        "state": "SA",
        "price": "7395",
        "price_per_unit": "2465",
        "price_unit": "EA"
      },
      {
        "state": "TAS",
        "price": "7395",
        "price_per_unit": "2465",
        "price_unit": "EA"
      },
      {
        "state": "ACT",
        "price": "7395",
        "price_per_unit": "2465",
        "price_unit": "EA"
      },
      {
        "state": "NT",
        "price": "7395",
        "price_per_unit": "2465",
        "price_unit": "EA"
      }
    ]
  },
  {
    "source_url": "https://www.woolworths.com.au/shop/productdetails/1075500809/cosrx-clear-fit-master-patch-18-patches-bundle-15pcs-",
    "name": "COSRX Clear Fit Master Patch 18 patches Bundle (15pcs)",
    "image_url": "https://cdn1.woolworths.media/content/wowproductimages/large/1075500809.jpg",
    "source_id": "Woolworths - 1075500809",
    "barcode": null,
    "shop": "Woolworths",
    "weight": "1EA",
    "prices": []
  },
  {
    "source_url": "https://www.woolworths.com.au/shop/productdetails/1075533349/cosrx-clear-fit-master-patch-bundle-5pcs-",
    "name": "Cosrx Clear Fit Master Patch Bundle (5pcs)",
    "image_url": "https://cdn1.woolworths.media/content/wowproductimages/large/1075533349.jpg",
    "source_id": "Woolworths - 1075533349",
    "barcode": null,
    "shop": "Woolworths",
    "weight": "1EA",
    "prices": []
  },
  {
    "source_url": "https://www.woolworths.com.au/shop/productdetails/1074602521/cosrx-full-fit-propolis-synergy-toner-150ml",
    "name": "Cosrx Full Fit Propolis Synergy Toner 150ml",
    "image_url": "https://cdn1.woolworths.media/content/wowproductimages/large/1074602521.jpg",
    "source_id": "Woolworths - 1074602521",
    "barcode": null,
    "shop": "Woolworths",
    "weight": null,
    "prices": []
  },
  {
    "source_url": "https://www.woolworths.com.au/shop/productdetails/1074693282/cosrx-full-fit-propolis-synergy-toner-150ml-5-07oz",
    "name": "COSRX Full Fit Propolis Synergy Toner 150ml/5.07oz",
    "image_url": "https://cdn1.woolworths.media/content/wowproductimages/large/1074693282.jpg",
    "source_id": "Woolworths - 1074693282",
    "barcode": null,
    "shop": "Woolworths",
    "weight": "100ML",
    "prices": [
      {
        "state": "NSW",
        "price": "4100",
        "price_per_unit": "2733",
        "price_unit": "ML"
      },
      {
        "state": "VIC",
        "price": "4100",
        "price_per_unit": "2733",
        "price_unit": "ML"
      },
      {
        "state": "QLD",
        "price": "4100",
        "price_per_unit": "2733",
        "price_unit": "ML"
      },
      {
        "state": "WA",
        "price": "4100",
        "price_per_unit": "2733",
        "price_unit": "ML"
      },
      {
        "state": "SA",
        "price": "4100",
        "price_per_unit": "2733",
        "price_unit": "ML"
      },
      {
        "state": "TAS",
        "price": "4100",
        "price_per_unit": "2733",
        "price_unit": "ML"
      },
      {
        "state": "ACT",
        "price": "4100",
        "price_per_unit": "2733",
        "price_unit": "ML"
      },
      {
        "state": "NT",
        "price": "4100",
        "price_per_unit": "2733",
        "price_unit": "ML"
      }
    ]
  },
  {
    "source_url": "https://www.woolworths.com.au/shop/productdetails/1074445581/cosrx-hydrium-triple-hyaluronic-moisturizing-cleanser-150ml",
    "name": "Cosrx Hydrium Triple Hyaluronic Moisturizing Cleanser 150ml",
    "image_url": "https://cdn1.woolworths.media/content/wowproductimages/large/1074445581.jpg",
    "source_id": "Woolworths - 1074445581",
    "barcode": null,
    "shop": "Woolworths",
    "weight": "100ML",
    "prices": [
      {
        "state": "NSW",
        "price": "2900",
        "price_per_unit": "1933",
        "price_unit": "ML"
      },
      {
        "state": "VIC",
        "price": "2900",
        "price_per_unit": "1933",
        "price_unit": "ML"
      },
      {
        "state": "QLD",
        "price": "2900",
        "price_per_unit": "1933",
        "price_unit": "ML"
      },
      {
        "state": "WA",
        "price": "2900",
        "price_per_unit": "1933",
        "price_unit": "ML"
      },
      {
        "state": "SA",
        "price": "2900",
        "price_per_unit": "1933",
        "price_unit": "ML"
      },
      {
        "state": "TAS",
        "price": "2900",
        "price_per_unit": "1933",
        "price_unit": "ML"
      },
      {
        "state": "ACT",
        "price": "2900",
        "price_per_unit": "1933",
        "price_unit": "ML"
      },
      {
        "state": "NT",
        "price": "2900",
        "price_per_unit": "1933",
        "price_unit": "ML"
      }
    ]
  },
  {
    "source_url": "https://www.woolworths.com.au/shop/productdetails/1074693288/cosrx-hydrium-triple-hyaluronic-moisturizing-cleanser-150ml-5-07oz",
    "name": "COSRX Hydrium Triple Hyaluronic Moisturizing Cleanser 150ml/5.07oz",
    "image_url": "https://cdn1.woolworths.media/content/wowproductimages/large/1074693288.jpg",
    "source_id": "Woolworths - 1074693288",
    "barcode": null,
    "shop": "Woolworths",
    "weight": "100ML",
    "prices": [
      {
        "state": "NSW",
        "price": "3600",
        "price_per_unit": "2400",
        "price_unit": "ML"
      },
      {
        "state": "VIC",
        "price": "3600",
        "price_per_unit": "2400",
        "price_unit": "ML"
      },
      {
        "state": "QLD",
        "price": "3600",
        "price_per_unit": "2400",
        "price_unit": "ML"
      },
      {
        "state": "WA",
        "price": "3600",
        "price_per_unit": "2400",
        "price_unit": "ML"
      },
      {
        "state": "SA",
        "price": "3600",
        "price_per_unit": "2400",
        "price_unit": "ML"
      },
      {
        "state": "TAS",
        "price": "3600",
        "price_per_unit": "2400",
        "price_unit": "ML"
      },
      {
        "state": "ACT",
        "price": "3600",
        "price_per_unit": "2400",
        "price_unit": "ML"
      },
      {
        "state": "NT",
        "price": "3600",
        "price_per_unit": "2400",
        "price_unit": "ML"
      }
    ]
  },
  {
    "source_url": "https://www.woolworths.com.au/shop/productdetails/1075497406/cosrx-hydrium-watery-toner",
    "name": "Cosrx Hydrium Watery Toner",
    "image_url": "https://cdn1.woolworths.media/content/wowproductimages/large/1075497406.jpg",
    "source_id": "Woolworths - 1075497406",
    "barcode": null,
    "shop": "Woolworths",
    "weight": "100ML",
    "prices": [
      {
        "state": "NSW",
        "price": "3700",
        "price_per_unit": "2467",
        "price_unit": "ML"
      },
      {
        "state": "VIC",
        "price": "3700",
        "price_per_unit": "2467",
        "price_unit": "ML"
      },
      {
        "state": "QLD",
        "price": "3700",
        "price_per_unit": "2467",
        "price_unit": "ML"
      },
      {
        "state": "WA",
        "price": "3700",
        "price_per_unit": "2467",
        "price_unit": "ML"
      },
      {
        "state": "SA",
        "price": "3700",
        "price_per_unit": "2467",
        "price_unit": "ML"
      },
      {
        "state": "TAS",
        "price": "3700",
        "price_per_unit": "2467",
        "price_unit": "ML"
      },
      {
        "state": "ACT",
        "price": "3700",
        "price_per_unit": "2467",
        "price_unit": "ML"
      },
      {
        "state": "NT",
        "price": "3700",
        "price_per_unit": "2467",
        "price_unit": "ML"
      }
    ]
  },
  {
    "source_url": "https://www.woolworths.com.au/shop/productdetails/1075370153/cosrx-low-ph-good-morning-gel-cleanser-150ml",
    "name": "COSRX Low pH Good Morning Gel Cleanser 150ml",
    "image_url": "https://cdn1.woolworths.media/content/wowproductimages/large/1075370153.jpg",
    "source_id": "Woolworths - 1075370153",
    "barcode": null,
    "shop": "Woolworths",
    "weight": "100ML",
    "prices": [
      {
        "state": "NSW",
        "price": "2500",
        "price_per_unit": "1667",
        "price_unit": "ML"
      },
      {
        "state": "VIC",
        "price": "2500",
        "price_per_unit": "1667",
        "price_unit": "ML"
      },
      {
        "state": "QLD",
        "price": "2500",
        "price_per_unit": "1667",
        "price_unit": "ML"
      },
      {
        "state": "WA",
        "price": "2500",
        "price_per_unit": "1667",
        "price_unit": "ML"
      },
      {
        "state": "SA",
        "price": "2500",
        "price_per_unit": "1667",
        "price_unit": "ML"
      },
      {
        "state": "TAS",
        "price": "2500",
        "price_per_unit": "1667",
        "price_unit": "ML"
      },
      {
        "state": "ACT",
        "price": "2500",
        "price_per_unit": "1667",
        "price_unit": "ML"
      },
      {
        "state": "NT",
        "price": "2500",
        "price_per_unit": "1667",
        "price_unit": "ML"
      }
    ]
  },
  {
    "source_url": "https://www.woolworths.com.au/shop/productdetails/1075500817/cosrx-low-ph-good-morning-gel-cleanser-150ml-bundle-3pcs-",
    "name": "COSRX Low pH Good Morning Gel Cleanser 150ml Bundle (3pcs)",
    "image_url": "https://cdn1.woolworths.media/content/wowproductimages/large/1075500817.jpg",
    "source_id": "Woolworths - 1075500817",
    "barcode": null,
    "shop": "Woolworths",
    "weight": "1EA",
    "prices": [
      {
        "state": "NSW",
        "price": "6375",
        "price_per_unit": "2125",
        "price_unit": "EA"
      },
      {
        "state": "VIC",
        "price": "6375",
        "price_per_unit": "2125",
        "price_unit": "EA"
      },
      {
        "state": "QLD",
        "price": "6375",
        "price_per_unit": "2125",
        "price_unit": "EA"
      },
      {
        "state": "WA",
        "price": "6375",
        "price_per_unit": "2125",
        "price_unit": "EA"
      },
      {
        "state": "SA",
        "price": "6375",
        "price_per_unit": "2125",
        "price_unit": "EA"
      },
      {
        "state": "TAS",
        "price": "6375",
        "price_per_unit": "2125",
        "price_unit": "EA"
      },
      {
        "state": "ACT",
        "price": "6375",
        "price_per_unit": "2125",
        "price_unit": "EA"
      },
      {
        "state": "NT",
        "price": "6375",
        "price_per_unit": "2125",
        "price_unit": "EA"
      }
    ]
  },
  {
    "source_url": "https://www.woolworths.com.au/shop/productdetails/1074445324/cosrx-refresh-aha-bha-vitamin-c-daily-toner-150ml",
    "name": "Cosrx Refresh AHA BHA Vitamin C Daily Toner 150ml",
    "image_url": "https://cdn1.woolworths.media/content/wowproductimages/large/1074445324.jpg",
    "source_id": "Woolworths - 1074445324",
    "barcode": null,
    "shop": "Woolworths",
    "weight": "100ML",
    "prices": [
      {
        "state": "NSW",
        "price": "3700",
        "price_per_unit": "2467",
        "price_unit": "ML"
      },
      {
        "state": "VIC",
        "price": "3700",
        "price_per_unit": "2467",
        "price_unit": "ML"
      },
      {
        "state": "QLD",
        "price": "3700",
        "price_per_unit": "2467",
        "price_unit": "ML"
      },
      {
        "state": "WA",
        "price": "3700",
        "price_per_unit": "2467",
        "price_unit": "ML"
      },
      {
        "state": "SA",
        "price": "3700",
        "price_per_unit": "2467",
        "price_unit": "ML"
      },
      {
        "state": "TAS",
        "price": "3700",
        "price_per_unit": "2467",
        "price_unit": "ML"
      },
      {
        "state": "ACT",
        "price": "3700",
        "price_per_unit": "2467",
        "price_unit": "ML"
      },
      {
        "state": "NT",
        "price": "3700",
        "price_per_unit": "2467",
        "price_unit": "ML"
      }
    ]
  },
  {
    "source_url": "https://www.woolworths.com.au/shop/productdetails/1074693292/cosrx-refresh-aha-bha-vitamin-c-daily-toner-150ml-5-07oz",
    "name": "COSRX Refresh AHA BHA Vitamin C Daily Toner 150ml/5.07oz",
    "image_url": "https://cdn1.woolworths.media/content/wowproductimages/large/1074693292.jpg",
    "source_id": "Woolworths - 1074693292",
    "barcode": null,
    "shop": "Woolworths",
    "weight": "100ML",
    "prices": [
      {
        "state": "NSW",
        "price": "4200",
        "price_per_unit": "2800",
        "price_unit": "ML"
      },
      {
        "state": "VIC",
        "price": "4200",
        "price_per_unit": "2800",
        "price_unit": "ML"
      },
      {
        "state": "QLD",
        "price": "4200",
        "price_per_unit": "2800",
        "price_unit": "ML"
      },
      {
        "state": "WA",
        "price": "4200",
        "price_per_unit": "2800",
        "price_unit": "ML"
      },
      {
        "state": "SA",
        "price": "4200",
        "price_per_unit": "2800",
        "price_unit": "ML"
      },
      {
        "state": "TAS",
        "price": "4200",
        "price_per_unit": "2800",
        "price_unit": "ML"
      },
      {
        "state": "ACT",
        "price": "4200",
        "price_per_unit": "2800",
        "price_unit": "ML"
      },
      {
        "state": "NT",
        "price": "4200",
        "price_per_unit": "2800",
        "price_unit": "ML"
      }
    ]
  },
  {
    "source_url": "https://www.woolworths.com.au/shop/productdetails/1074444858/cosrx-two-in-one-poreless-power-liquid-100ml",
    "name": "Cosrx Two In One Poreless Power Liquid 100ml",
    "image_url": "https://cdn1.woolworths.media/content/wowproductimages/large/1074444858.jpg",
    "source_id": "Woolworths - 1074444858",
    "barcode": null,
    "shop": "Woolworths",
    "weight": "100ML",
    "prices": [
      {
        "state": "NSW",
        "price": "4300",
        "price_per_unit": "4300",
        "price_unit": "ML"
      },
      {
        "state": "VIC",
        "price": "4300",
        "price_per_unit": "4300",
        "price_unit": "ML"
      },
      {
        "state": "QLD",
        "price": "4300",
        "price_per_unit": "4300",
        "price_unit": "ML"
      },
      {
        "state": "WA",
        "price": "4300",
        "price_per_unit": "4300",
        "price_unit": "ML"
      },
      {
        "state": "SA",
        "price": "4300",
        "price_per_unit": "4300",
        "price_unit": "ML"
      },
      {
        "state": "TAS",
        "price": "4300",
        "price_per_unit": "4300",
        "price_unit": "ML"
      },
      {
        "state": "ACT",
        "price": "4300",
        "price_per_unit": "4300",
        "price_unit": "ML"
      },
      {
        "state": "NT",
        "price": "4300",
        "price_per_unit": "4300",
        "price_unit": "ML"
      }
    ]
  },
  {
    "source_url": "https://www.woolworths.com.au/shop/productdetails/1074650888/cowshed-exfoliating-daily-treatment-tonic-50ml-1-69oz",
    "name": "Cowshed Exfoliating Daily Treatment Tonic 50ml/1.69oz",
    "image_url": "https://cdn1.woolworths.media/content/wowproductimages/large/1074650888.jpg",
    "source_id": "Woolworths - 1074650888",
    "barcode": null,
    "shop": "Woolworths",
    "weight": "100ML",
    "prices": [
      {
        "state": "NSW",
        "price": "5100",
        "price_per_unit": "10200",
        "price_unit": "ML"
      },
      {
        "state": "VIC",
        "price": "5100",
        "price_per_unit": "10200",
        "price_unit": "ML"
      },
      {
        "state": "QLD",
        "price": "5100",
        "price_per_unit": "10200",
        "price_unit": "ML"
      },
      {
        "state": "WA",
        "price": "5100",
        "price_per_unit": "10200",
        "price_unit": "ML"
      },
      {
        "state": "SA",
        "price": "5100",
        "price_per_unit": "10200",
        "price_unit": "ML"
      },
      {
        "state": "TAS",
        "price": "5100",
        "price_per_unit": "10200",
        "price_unit": "ML"
      },
      {
        "state": "ACT",
        "price": "5100",
        "price_per_unit": "10200",
        "price_unit": "ML"
      },
      {
        "state": "NT",
        "price": "5100",
        "price_per_unit": "10200",
        "price_unit": "ML"
      }
    ]
  },
  {
    "source_url": "https://www.woolworths.com.au/shop/productdetails/1073955810/curesys-acvita-dark-spot-cream-30-ml",
    "name": "Curesys Acvita Dark Spot Cream 30 ml",
    "image_url": "https://cdn1.woolworths.media/content/wowproductimages/large/1073955810.jpg",
    "source_id": "Woolworths - 1073955810",
    "barcode": null,
    "shop": "Woolworths",
    "weight": "100ML",
    "prices": [
      {
        "state": "NSW",
        "price": "2750",
        "price_per_unit": "9167",
        "price_unit": "ML"
      },
      {
        "state": "VIC",
        "price": "2750",
        "price_per_unit": "9167",
        "price_unit": "ML"
      },
      {
        "state": "QLD",
        "price": "2750",
        "price_per_unit": "9167",
        "price_unit": "ML"
      },
      {
        "state": "WA",
        "price": "2750",
        "price_per_unit": "9167",
        "price_unit": "ML"
      },
      {
        "state": "SA",
        "price": "2750",
        "price_per_unit": "9167",
        "price_unit": "ML"
      },
      {
        "state": "TAS",
        "price": "2750",
        "price_per_unit": "9167",
        "price_unit": "ML"
      },
      {
        "state": "ACT",
        "price": "2750",
        "price_per_unit": "9167",
        "price_unit": "ML"
      },
      {
        "state": "NT",
        "price": "2750",
        "price_per_unit": "9167",
        "price_unit": "ML"
      }
    ]
  },
  {
    "source_url": "https://www.woolworths.com.au/shop/productdetails/1073955813/curesys-salix-acpair-toner-pad-max",
    "name": "Curesys Salix acpair Toner Pad Max",
    "image_url": "https://cdn1.woolworths.media/content/wowproductimages/large/1073955813.jpg",
    "source_id": "Woolworths - 1073955813",
    "barcode": null,
    "shop": "Woolworths",
    "weight": "100EA",
    "prices": [
      {
        "state": "NSW",
        "price": "2750",
        "price_per_unit": "4583",
        "price_unit": "EA"
      },
      {
        "state": "VIC",
        "price": "2750",
        "price_per_unit": "4583",
        "price_unit": "EA"
      },
      {
        "state": "QLD",
        "price": "2750",
        "price_per_unit": "4583",
        "price_unit": "EA"
      },
      {
        "state": "WA",
        "price": "2750",
        "price_per_unit": "4583",
        "price_unit": "EA"
      },
      {
        "state": "SA",
        "price": "2750",
        "price_per_unit": "4583",
        "price_unit": "EA"
      },
      {
        "state": "TAS",
        "price": "2750",
        "price_per_unit": "4583",
        "price_unit": "EA"
      },
      {
        "state": "ACT",
        "price": "2750",
        "price_per_unit": "4583",
        "price_unit": "EA"
      },
      {
        "state": "NT",
        "price": "2750",
        "price_per_unit": "4583",
        "price_unit": "EA"
      }
    ]
  },
  {
    "source_url": "https://www.woolworths.com.au/shop/productdetails/1073955811/curesys-trouble-acne-clear-patch-9-patches",
    "name": "Curesys Trouble (Acne) Clear Patch-9 Patches",
    "image_url": "https://cdn1.woolworths.media/content/wowproductimages/large/1073955811.jpg",
    "source_id": "Woolworths - 1073955811",
    "barcode": null,
    "shop": "Woolworths",
    "weight": "1EA",
    "prices": [
      {
        "state": "NSW",
        "price": "1999",
        "price_per_unit": "222",
        "price_unit": "EA"
      },
      {
        "state": "VIC",
        "price": "1999",
        "price_per_unit": "222",
        "price_unit": "EA"
      },
      {
        "state": "QLD",
        "price": "1999",
        "price_per_unit": "222",
        "price_unit": "EA"
      },
      {
        "state": "WA",
        "price": "1999",
        "price_per_unit": "222",
        "price_unit": "EA"
      },
      {
        "state": "SA",
        "price": "1999",
        "price_per_unit": "222",
        "price_unit": "EA"
      },
      {
        "state": "TAS",
        "price": "1999",
        "price_per_unit": "222",
        "price_unit": "EA"
      },
      {
        "state": "ACT",
        "price": "1999",
        "price_per_unit": "222",
        "price_unit": "EA"
      },
      {
        "state": "NT",
        "price": "1999",
        "price_per_unit": "222",
        "price_unit": "EA"
      }
    ]
  },
  {
    "source_url": "https://www.woolworths.com.au/shop/productdetails/1074825981/darphin-eclat-sublime-aromatic-cleansing-balm-with-rosewood-40ml-1-4oz",
    "name": "Darphin Eclat Sublime Aromatic Cleansing Balm With Rosewood 40ml/1.4oz",
    "image_url": "https://cdn1.woolworths.media/content/wowproductimages/large/1074825981.jpg",
    "source_id": "Woolworths - 1074825981",
    "barcode": null,
    "shop": "Woolworths",
    "weight": "100ML",
    "prices": [
      {
        "state": "NSW",
        "price": "6200",
        "price_per_unit": "15500",
        "price_unit": "ML"
      },
      {
        "state": "VIC",
        "price": "6200",
        "price_per_unit": "15500",
        "price_unit": "ML"
      },
      {
        "state": "QLD",
        "price": "6200",
        "price_per_unit": "15500",
        "price_unit": "ML"
      },
      {
        "state": "WA",
        "price": "6200",
        "price_per_unit": "15500",
        "price_unit": "ML"
      },
      {
        "state": "SA",
        "price": "6200",
        "price_per_unit": "15500",
        "price_unit": "ML"
      },
      {
        "state": "TAS",
        "price": "6200",
        "price_per_unit": "15500",
        "price_unit": "ML"
      },
      {
        "state": "ACT",
        "price": "6200",
        "price_per_unit": "15500",
        "price_unit": "ML"
      },
      {
        "state": "NT",
        "price": "6200",
        "price_per_unit": "15500",
        "price_unit": "ML"
      }
    ]
  },
  {
    "source_url": "https://www.woolworths.com.au/shop/productdetails/1075256358/darphin-intral-daily-micellar-toner-200ml-6-7oz",
    "name": "Darphin Intral Daily Micellar Toner 200ml/6.7oz",
    "image_url": "https://cdn1.woolworths.media/content/wowproductimages/large/1075256358.jpg",
    "source_id": "Woolworths - 1075256358",
    "barcode": null,
    "shop": "Woolworths",
    "weight": "100ML",
    "prices": [
      {
        "state": "NSW",
        "price": "5200",
        "price_per_unit": "2600",
        "price_unit": "ML"
      },
      {
        "state": "VIC",
        "price": "5200",
        "price_per_unit": "2600",
        "price_unit": "ML"
      },
      {
        "state": "QLD",
        "price": "5200",
        "price_per_unit": "2600",
        "price_unit": "ML"
      },
      {
        "state": "WA",
        "price": "5200",
        "price_per_unit": "2600",
        "price_unit": "ML"
      },
      {
        "state": "SA",
        "price": "5200",
        "price_per_unit": "2600",
        "price_unit": "ML"
      },
      {
        "state": "TAS",
        "price": "5200",
        "price_per_unit": "2600",
        "price_unit": "ML"
      },
      {
        "state": "ACT",
        "price": "5200",
        "price_per_unit": "2600",
        "price_unit": "ML"
      },
      {
        "state": "NT",
        "price": "5200",
        "price_per_unit": "2600",
        "price_unit": "ML"
      }
    ]
  },
  {
    "source_url": "https://www.woolworths.com.au/shop/productdetails/1074650962/darphin-l-institut-youth-resurfacing-peel-30ml-1oz",
    "name": "Darphin L'Institut Youth Resurfacing Peel 30ml/1oz",
    "image_url": "https://cdn1.woolworths.media/content/wowproductimages/large/1074650962.jpg",
    "source_id": "Woolworths - 1074650962",
    "barcode": null,
    "shop": "Woolworths",
    "weight": "100ML",
    "prices": [
      {
        "state": "NSW",
        "price": "9600",
        "price_per_unit": "32000",
        "price_unit": "ML"
      },
      {
        "state": "VIC",
        "price": "9600",
        "price_per_unit": "32000",
        "price_unit": "ML"
      },
      {
        "state": "QLD",
        "price": "9600",
        "price_per_unit": "32000",
        "price_unit": "ML"
      },
      {
        "state": "WA",
        "price": "9600",
        "price_per_unit": "32000",
        "price_unit": "ML"
      },
      {
        "state": "SA",
        "price": "9600",
        "price_per_unit": "32000",
        "price_unit": "ML"
      },
      {
        "state": "TAS",
        "price": "9600",
        "price_per_unit": "32000",
        "price_unit": "ML"
      },
      {
        "state": "ACT",
        "price": "9600",
        "price_per_unit": "32000",
        "price_unit": "ML"
      },
      {
        "state": "NT",
        "price": "9600",
        "price_per_unit": "32000",
        "price_unit": "ML"
      }
    ]
  },
  {
    "source_url": "https://www.woolworths.com.au/shop/productdetails/1075457885/decleor-1000-grain-body-exfoliator-200ml-1-1oz",
    "name": "Decleor 1000 Grain Body Exfoliator 200ml/1.1oz",
    "image_url": "https://cdn1.woolworths.media/content/wowproductimages/large/1075457885.jpg",
    "source_id": "Woolworths - 1075457885",
    "barcode": null,
    "shop": "Woolworths",
    "weight": "100ML",
    "prices": [
      {
        "state": "NSW",
        "price": "7200",
        "price_per_unit": "3600",
        "price_unit": "ML"
      },
      {
        "state": "VIC",
        "price": "7200",
        "price_per_unit": "3600",
        "price_unit": "ML"
      },
      {
        "state": "WA",
        "price": "7200",
        "price_per_unit": "3600",
        "price_unit": "ML"
      },
      {
        "state": "SA",
        "price": "7200",
        "price_per_unit": "3600",
        "price_unit": "ML"
      },
      {
        "state": "TAS",
        "price": "7200",
        "price_per_unit": "3600",
        "price_unit": "ML"
      },
      {
        "state": "ACT",
        "price": "7200",
        "price_per_unit": "3600",
        "price_unit": "ML"
      },
      {
        "state": "NT",
        "price": "7200",
        "price_per_unit": "3600",
        "price_unit": "ML"
      }
    ]
  },
  {
    "source_url": "https://www.woolworths.com.au/shop/productdetails/1074650986/decleor-infinite-first-hydration-neroli-bigarade-gift-set-aroma-cleanse-cleansing-mousse-hydra-floral-light-cream-cleansing-glove-3pcs",
    "name": "Decleor Infinite First Hydration Neroli Bigarade Gift Set: Aroma Cleanse Cleansing Mousse+ Hydra Floral Light Cream+ Cleansing Glove 3pcs",
    "image_url": "https://cdn1.woolworths.media/content/wowproductimages/large/1074650986.jpg",
    "source_id": "Woolworths - 1074650986",
    "barcode": null,
    "shop": "Woolworths",
    "weight": "1EA",
    "prices": [
      {
        "state": "NSW",
        "price": "5600",
        "price_per_unit": "1867",
        "price_unit": "EA"
      },
      {
        "state": "VIC",
        "price": "5600",
        "price_per_unit": "1867",
        "price_unit": "EA"
      },
      {
        "state": "WA",
        "price": "5600",
        "price_per_unit": "1867",
        "price_unit": "EA"
      },
      {
        "state": "SA",
        "price": "5600",
        "price_per_unit": "1867",
        "price_unit": "EA"
      },
      {
        "state": "TAS",
        "price": "5600",
        "price_per_unit": "1867",
        "price_unit": "EA"
      },
      {
        "state": "ACT",
        "price": "5600",
        "price_per_unit": "1867",
        "price_unit": "EA"
      },
      {
        "state": "NT",
        "price": "5600",
        "price_per_unit": "1867",
        "price_unit": "EA"
      }
    ]
  },
  {
    "source_url": "https://www.woolworths.com.au/shop/productdetails/1075481316/derma-e-advanced-peptides-flora-collagen-gentle-jelly-cleanser-113g",
    "name": "Derma E Advanced Peptides & Flora- Collagen Gentle Jelly Cleanser 113g",
    "image_url": "https://cdn1.woolworths.media/content/wowproductimages/large/1075481316.jpg",
    "source_id": "Woolworths - 1075481316",
    "barcode": null,
    "shop": "Woolworths",
    "weight": "100G",
    "prices": [
      {
        "state": "NSW",
        "price": "2295",
        "price_per_unit": "2031",
        "price_unit": "G"
      },
      {
        "state": "VIC",
        "price": "2295",
        "price_per_unit": "2031",
        "price_unit": "G"
      },
      {
        "state": "QLD",
        "price": "2295",
        "price_per_unit": "2031",
        "price_unit": "G"
      },
      {
        "state": "WA",
        "price": "2295",
        "price_per_unit": "2031",
        "price_unit": "G"
      },
      {
        "state": "SA",
        "price": "2295",
        "price_per_unit": "2031",
        "price_unit": "G"
      },
      {
        "state": "TAS",
        "price": "2295",
        "price_per_unit": "2031",
        "price_unit": "G"
      },
      {
        "state": "ACT",
        "price": "2295",
        "price_per_unit": "2031",
        "price_unit": "G"
      },
      {
        "state": "NT",
        "price": "2295",
        "price_per_unit": "2031",
        "price_unit": "G"
      }
    ]
  },
  {
    "source_url": "https://www.woolworths.com.au/shop/productdetails/1075480704/derma-e-anti-wrinkle-cleanser-175ml",
    "name": "Derma E Anti-Wrinkle Cleanser 175ml",
    "image_url": "https://cdn1.woolworths.media/content/wowproductimages/large/1075480704.jpg",
    "source_id": "Woolworths - 1075480704",
    "barcode": null,
    "shop": "Woolworths",
    "weight": "100ML",
    "prices": [
      {
        "state": "NSW",
        "price": "2195",
        "price_per_unit": "1254",
        "price_unit": "ML"
      },
      {
        "state": "VIC",
        "price": "2195",
        "price_per_unit": "1254",
        "price_unit": "ML"
      },
      {
        "state": "QLD",
        "price": "2195",
        "price_per_unit": "1254",
        "price_unit": "ML"
      },
      {
        "state": "WA",
        "price": "2195",
        "price_per_unit": "1254",
        "price_unit": "ML"
      },
      {
        "state": "SA",
        "price": "2195",
        "price_per_unit": "1254",
        "price_unit": "ML"
      },
      {
        "state": "TAS",
        "price": "2195",
        "price_per_unit": "1254",
        "price_unit": "ML"
      },
      {
        "state": "ACT",
        "price": "2195",
        "price_per_unit": "1254",
        "price_unit": "ML"
      },
      {
        "state": "NT",
        "price": "2195",
        "price_per_unit": "1254",
        "price_unit": "ML"
      }
    ]
  },
  {
    "source_url": "https://www.woolworths.com.au/shop/productdetails/1075477028/derma-e-anti-wrinkle-scrub-113g",
    "name": "Derma E Anti-Wrinkle Scrub 113g",
    "image_url": "https://cdn1.woolworths.media/content/wowproductimages/large/1075477028.jpg",
    "source_id": "Woolworths - 1075477028",
    "barcode": null,
    "shop": "Woolworths",
    "weight": "100G",
    "prices": [
      {
        "state": "NSW",
        "price": "2995",
        "price_per_unit": "2650",
        "price_unit": "G"
      },
      {
        "state": "VIC",
        "price": "2995",
        "price_per_unit": "2650",
        "price_unit": "G"
      },
      {
        "state": "QLD",
        "price": "2995",
        "price_per_unit": "2650",
        "price_unit": "G"
      },
      {
        "state": "WA",
        "price": "2995",
        "price_per_unit": "2650",
        "price_unit": "G"
      },
      {
        "state": "SA",
        "price": "2995",
        "price_per_unit": "2650",
        "price_unit": "G"
      },
      {
        "state": "TAS",
        "price": "2995",
        "price_per_unit": "2650",
        "price_unit": "G"
      },
      {
        "state": "ACT",
        "price": "2995",
        "price_per_unit": "2650",
        "price_unit": "G"
      },
      {
        "state": "NT",
        "price": "2995",
        "price_per_unit": "2650",
        "price_unit": "G"
      }
    ]
  },
  {
    "source_url": "https://www.woolworths.com.au/shop/productdetails/1075479129/derma-e-crepey-skin-pre-treatment-exfoliating-scrub-170g",
    "name": "Derma E Crepey Skin Pre-Treatment Exfoliating Scrub 170g",
    "image_url": "https://cdn1.woolworths.media/content/wowproductimages/large/1075479129.jpg",
    "source_id": "Woolworths - 1075479129",
    "barcode": null,
    "shop": "Woolworths",
    "weight": "100G",
    "prices": [
      {
        "state": "NSW",
        "price": "2495",
        "price_per_unit": "1468",
        "price_unit": "G"
      },
      {
        "state": "VIC",
        "price": "2495",
        "price_per_unit": "1468",
        "price_unit": "G"
      },
      {
        "state": "QLD",
        "price": "2495",
        "price_per_unit": "1468",
        "price_unit": "G"
      },
      {
        "state": "WA",
        "price": "2495",
        "price_per_unit": "1468",
        "price_unit": "G"
      },
      {
        "state": "SA",
        "price": "2495",
        "price_per_unit": "1468",
        "price_unit": "G"
      },
      {
        "state": "TAS",
        "price": "2495",
        "price_per_unit": "1468",
        "price_unit": "G"
      },
      {
        "state": "ACT",
        "price": "2495",
        "price_per_unit": "1468",
        "price_unit": "G"
      },
      {
        "state": "NT",
        "price": "2495",
        "price_per_unit": "1468",
        "price_unit": "G"
      }
    ]
  },
  {
    "source_url": "https://www.woolworths.com.au/shop/productdetails/1075477146/derma-e-firm-and-lift-crepey-skin-repair-treatment-180g",
    "name": "Derma E Firm and Lift Crepey Skin Repair Treatment 180g",
    "image_url": "https://cdn1.woolworths.media/content/wowproductimages/large/1075477146.jpg",
    "source_id": "Woolworths - 1075477146",
    "barcode": null,
    "shop": "Woolworths",
    "weight": "100G",
    "prices": [
      {
        "state": "NSW",
        "price": "3995",
        "price_per_unit": "2219",
        "price_unit": "G"
      },
      {
        "state": "VIC",
        "price": "3995",
        "price_per_unit": "2219",
        "price_unit": "G"
      },
      {
        "state": "QLD",
        "price": "3995",
        "price_per_unit": "2219",
        "price_unit": "G"
      },
      {
        "state": "WA",
        "price": "3995",
        "price_per_unit": "2219",
        "price_unit": "G"
      },
      {
        "state": "SA",
        "price": "3995",
        "price_per_unit": "2219",
        "price_unit": "G"
      },
      {
        "state": "TAS",
        "price": "3995",
        "price_per_unit": "2219",
        "price_unit": "G"
      },
      {
        "state": "ACT",
        "price": "3995",
        "price_per_unit": "2219",
        "price_unit": "G"
      },
      {
        "state": "NT",
        "price": "3995",
        "price_per_unit": "2219",
        "price_unit": "G"
      }
    ]
  },
  {
    "source_url": "https://www.woolworths.com.au/shop/productdetails/1075479513/derma-e-firm-and-lift-ferulic-acid-resurfacing-pads-50ml",
    "name": "Derma E Firm and Lift Ferulic Acid Resurfacing Pads 50ml",
    "image_url": "https://cdn1.woolworths.media/content/wowproductimages/large/1075479513.jpg",
    "source_id": "Woolworths - 1075479513",
    "barcode": null,
    "shop": "Woolworths",
    "weight": "100ML",
    "prices": [
      {
        "state": "NSW",
        "price": "3995",
        "price_per_unit": "7990",
        "price_unit": "ML"
      },
      {
        "state": "VIC",
        "price": "3995",
        "price_per_unit": "7990",
        "price_unit": "ML"
      },
      {
        "state": "QLD",
        "price": "3995",
        "price_per_unit": "7990",
        "price_unit": "ML"
      },
      {
        "state": "WA",
        "price": "3995",
        "price_per_unit": "7990",
        "price_unit": "ML"
      },
      {
        "state": "SA",
        "price": "3995",
        "price_per_unit": "7990",
        "price_unit": "ML"
      },
      {
        "state": "TAS",
        "price": "3995",
        "price_per_unit": "7990",
        "price_unit": "ML"
      },
      {
        "state": "ACT",
        "price": "3995",
        "price_per_unit": "7990",
        "price_unit": "ML"
      },
      {
        "state": "NT",
        "price": "3995",
        "price_per_unit": "7990",
        "price_unit": "ML"
      }
    ]
  },
  {
    "source_url": "https://www.woolworths.com.au/shop/productdetails/1075480832/derma-e-hydrating-cleanser-175ml",
    "name": "Derma E Hydrating Cleanser 175ml",
    "image_url": "https://cdn1.woolworths.media/content/wowproductimages/large/1075480832.jpg",
    "source_id": "Woolworths - 1075480832",
    "barcode": null,
    "shop": "Woolworths",
    "weight": "100ML",
    "prices": [
      {
        "state": "NSW",
        "price": "2095",
        "price_per_unit": "1197",
        "price_unit": "ML"
      },
      {
        "state": "VIC",
        "price": "2095",
        "price_per_unit": "1197",
        "price_unit": "ML"
      },
      {
        "state": "QLD",
        "price": "2095",
        "price_per_unit": "1197",
        "price_unit": "ML"
      },
      {
        "state": "WA",
        "price": "2095",
        "price_per_unit": "1197",
        "price_unit": "ML"
      },
      {
        "state": "SA",
        "price": "2095",
        "price_per_unit": "1197",
        "price_unit": "ML"
      },
      {
        "state": "TAS",
        "price": "2095",
        "price_per_unit": "1197",
        "price_unit": "ML"
      },
      {
        "state": "ACT",
        "price": "2095",
        "price_per_unit": "1197",
        "price_unit": "ML"
      },
      {
        "state": "NT",
        "price": "2095",
        "price_per_unit": "1197",
        "price_unit": "ML"
      }
    ]
  },
  {
    "source_url": "https://www.woolworths.com.au/shop/productdetails/1075481037/derma-e-pure-biome-balancing-cleanser-175ml",
    "name": "Derma E Pure Biome Balancing Cleanser 175ml",
    "image_url": "https://cdn1.woolworths.media/content/wowproductimages/large/1075481037.jpg",
    "source_id": "Woolworths - 1075481037",
    "barcode": null,
    "shop": "Woolworths",
    "weight": "100ML",
    "prices": [
      {
        "state": "NSW",
        "price": "2495",
        "price_per_unit": "1426",
        "price_unit": "ML"
      },
      {
        "state": "VIC",
        "price": "2495",
        "price_per_unit": "1426",
        "price_unit": "ML"
      },
      {
        "state": "QLD",
        "price": "2495",
        "price_per_unit": "1426",
        "price_unit": "ML"
      },
      {
        "state": "WA",
        "price": "2495",
        "price_per_unit": "1426",
        "price_unit": "ML"
      },
      {
        "state": "SA",
        "price": "2495",
        "price_per_unit": "1426",
        "price_unit": "ML"
      },
      {
        "state": "TAS",
        "price": "2495",
        "price_per_unit": "1426",
        "price_unit": "ML"
      },
      {
        "state": "ACT",
        "price": "2495",
        "price_per_unit": "1426",
        "price_unit": "ML"
      },
      {
        "state": "NT",
        "price": "2495",
        "price_per_unit": "1426",
        "price_unit": "ML"
      }
    ]
  },
  {
    "source_url": "https://www.woolworths.com.au/shop/productdetails/1075477241/derma-e-radiance-toner-175ml",
    "name": "Derma E Radiance Toner 175ml",
    "image_url": "https://cdn1.woolworths.media/content/wowproductimages/large/1075477241.jpg",
    "source_id": "Woolworths - 1075477241",
    "barcode": null,
    "shop": "Woolworths",
    "weight": "100ML",
    "prices": [
      {
        "state": "NSW",
        "price": "2620",
        "price_per_unit": "1497",
        "price_unit": "ML"
      },
      {
        "state": "VIC",
        "price": "2620",
        "price_per_unit": "1497",
        "price_unit": "ML"
      },
      {
        "state": "QLD",
        "price": "2620",
        "price_per_unit": "1497",
        "price_unit": "ML"
      },
      {
        "state": "WA",
        "price": "2620",
        "price_per_unit": "1497",
        "price_unit": "ML"
      },
      {
        "state": "SA",
        "price": "2620",
        "price_per_unit": "1497",
        "price_unit": "ML"
      },
      {
        "state": "TAS",
        "price": "2620",
        "price_per_unit": "1497",
        "price_unit": "ML"
      },
      {
        "state": "ACT",
        "price": "2620",
        "price_per_unit": "1497",
        "price_unit": "ML"
      },
      {
        "state": "NT",
        "price": "2620",
        "price_per_unit": "1497",
        "price_unit": "ML"
      }
    ]
  },
  {
    "source_url": "https://www.woolworths.com.au/shop/productdetails/1075478129/derma-e-skin-firming-antioxidant-cleanser-175ml",
    "name": "Derma E Skin Firming Antioxidant Cleanser 175ml",
    "image_url": "https://cdn1.woolworths.media/content/wowproductimages/large/1075478129.jpg",
    "source_id": "Woolworths - 1075478129",
    "barcode": null,
    "shop": "Woolworths",
    "weight": "100ML",
    "prices": [
      {
        "state": "NSW",
        "price": "2295",
        "price_per_unit": "1311",
        "price_unit": "ML"
      },
      {
        "state": "VIC",
        "price": "2295",
        "price_per_unit": "1311",
        "price_unit": "ML"
      },
      {
        "state": "QLD",
        "price": "2295",
        "price_per_unit": "1311",
        "price_unit": "ML"
      },
      {
        "state": "WA",
        "price": "2295",
        "price_per_unit": "1311",
        "price_unit": "ML"
      },
      {
        "state": "SA",
        "price": "2295",
        "price_per_unit": "1311",
        "price_unit": "ML"
      },
      {
        "state": "TAS",
        "price": "2295",
        "price_per_unit": "1311",
        "price_unit": "ML"
      },
      {
        "state": "ACT",
        "price": "2295",
        "price_per_unit": "1311",
        "price_unit": "ML"
      },
      {
        "state": "NT",
        "price": "2295",
        "price_per_unit": "1311",
        "price_unit": "ML"
      }
    ]
  },
  {
    "source_url": "https://www.woolworths.com.au/shop/productdetails/1075478256/derma-e-ultra-hydrating-alkaline-cloud-cleanser-157ml",
    "name": "Derma E Ultra Hydrating Alkaline Cloud Cleanser 157ml",
    "image_url": "https://cdn1.woolworths.media/content/wowproductimages/large/1075478256.jpg",
    "source_id": "Woolworths - 1075478256",
    "barcode": null,
    "shop": "Woolworths",
    "weight": "100ML",
    "prices": [
      {
        "state": "NSW",
        "price": "2995",
        "price_per_unit": "1908",
        "price_unit": "ML"
      },
      {
        "state": "VIC",
        "price": "2995",
        "price_per_unit": "1908",
        "price_unit": "ML"
      },
      {
        "state": "QLD",
        "price": "2395",
        "price_per_unit": "1525",
        "price_unit": "ML"
      },
      {
        "state": "WA",
        "price": "2395",
        "price_per_unit": "1525",
        "price_unit": "ML"
      },
      {
        "state": "SA",
        "price": "2395",
        "price_per_unit": "1525",
        "price_unit": "ML"
      },
      {
        "state": "TAS",
        "price": "2395",
        "price_per_unit": "1525",
        "price_unit": "ML"
      },
      {
        "state": "ACT",
        "price": "2395",
        "price_per_unit": "1525",
        "price_unit": "ML"
      },
      {
        "state": "NT",
        "price": "2395",
        "price_per_unit": "1525",
        "price_unit": "ML"
      }
    ]
  },
  {
    "source_url": "https://www.woolworths.com.au/shop/productdetails/1075479502/derma-e-vitamin-c-10-multi-acid-radiance-liquid-peel-30ml",
    "name": "Derma E Vitamin C 10% Multi Acid Radiance Liquid Peel 30ml",
    "image_url": "https://cdn1.woolworths.media/content/wowproductimages/large/1075479502.jpg",
    "source_id": "Woolworths - 1075479502",
    "barcode": null,
    "shop": "Woolworths",
    "weight": "100ML",
    "prices": [
      {
        "state": "NSW",
        "price": "4195",
        "price_per_unit": "13983",
        "price_unit": "ML"
      },
      {
        "state": "VIC",
        "price": "4195",
        "price_per_unit": "13983",
        "price_unit": "ML"
      },
      {
        "state": "QLD",
        "price": "4195",
        "price_per_unit": "13983",
        "price_unit": "ML"
      },
      {
        "state": "WA",
        "price": "4195",
        "price_per_unit": "13983",
        "price_unit": "ML"
      },
      {
        "state": "SA",
        "price": "4195",
        "price_per_unit": "13983",
        "price_unit": "ML"
      },
      {
        "state": "TAS",
        "price": "4195",
        "price_per_unit": "13983",
        "price_unit": "ML"
      },
      {
        "state": "ACT",
        "price": "4195",
        "price_per_unit": "13983",
        "price_unit": "ML"
      },
      {
        "state": "NT",
        "price": "4195",
        "price_per_unit": "13983",
        "price_unit": "ML"
      }
    ]
  },
  {
    "source_url": "https://www.woolworths.com.au/shop/productdetails/1075478241/derma-e-vitamin-c-brightenening-cleanser-175ml",
    "name": "Derma E Vitamin C Brightenening Cleanser 175ml",
    "image_url": "https://cdn1.woolworths.media/content/wowproductimages/large/1075478241.jpg",
    "source_id": "Woolworths - 1075478241",
    "barcode": null,
    "shop": "Woolworths",
    "weight": "100ML",
    "prices": [
      {
        "state": "NSW",
        "price": "2095",
        "price_per_unit": "1197",
        "price_unit": "ML"
      },
      {
        "state": "VIC",
        "price": "2095",
        "price_per_unit": "1197",
        "price_unit": "ML"
      },
      {
        "state": "QLD",
        "price": "2095",
        "price_per_unit": "1197",
        "price_unit": "ML"
      },
      {
        "state": "WA",
        "price": "2095",
        "price_per_unit": "1197",
        "price_unit": "ML"
      },
      {
        "state": "SA",
        "price": "2095",
        "price_per_unit": "1197",
        "price_unit": "ML"
      },
      {
        "state": "TAS",
        "price": "2095",
        "price_per_unit": "1197",
        "price_unit": "ML"
      },
      {
        "state": "ACT",
        "price": "2095",
        "price_per_unit": "1197",
        "price_unit": "ML"
      },
      {
        "state": "NT",
        "price": "2095",
        "price_per_unit": "1197",
        "price_unit": "ML"
      }
    ]
  },
  {
    "source_url": "https://www.woolworths.com.au/shop/productdetails/1075477057/derma-e-vitamin-c-cleansing-paste-113g",
    "name": "Derma E Vitamin C Cleansing Paste 113g",
    "image_url": "https://cdn1.woolworths.media/content/wowproductimages/large/1075477057.jpg",
    "source_id": "Woolworths - 1075477057",
    "barcode": null,
    "shop": "Woolworths",
    "weight": "100G",
    "prices": [
      {
        "state": "NSW",
        "price": "2995",
        "price_per_unit": "2650",
        "price_unit": "G"
      },
      {
        "state": "VIC",
        "price": "2995",
        "price_per_unit": "2650",
        "price_unit": "G"
      },
      {
        "state": "QLD",
        "price": "2995",
        "price_per_unit": "2650",
        "price_unit": "G"
      },
      {
        "state": "WA",
        "price": "2995",
        "price_per_unit": "2650",
        "price_unit": "G"
      },
      {
        "state": "SA",
        "price": "2995",
        "price_per_unit": "2650",
        "price_unit": "G"
      },
      {
        "state": "TAS",
        "price": "2995",
        "price_per_unit": "2650",
        "price_unit": "G"
      },
      {
        "state": "ACT",
        "price": "2995",
        "price_per_unit": "2650",
        "price_unit": "G"
      },
      {
        "state": "NT",
        "price": "2995",
        "price_per_unit": "2650",
        "price_unit": "G"
      }
    ]
  },
  {
    "source_url": "https://www.woolworths.com.au/shop/productdetails/1075480605/derma-e-vitamin-c-facial-peel-56g",
    "name": "Derma E Vitamin C Facial Peel 56g",
    "image_url": "https://cdn1.woolworths.media/content/wowproductimages/large/1075480605.jpg",
    "source_id": "Woolworths - 1075480605",
    "barcode": null,
    "shop": "Woolworths",
    "weight": "100G",
    "prices": [
      {
        "state": "NSW",
        "price": "3670",
        "price_per_unit": "6554",
        "price_unit": "G"
      },
      {
        "state": "VIC",
        "price": "3670",
        "price_per_unit": "6554",
        "price_unit": "G"
      },
      {
        "state": "QLD",
        "price": "3670",
        "price_per_unit": "6554",
        "price_unit": "G"
      },
      {
        "state": "WA",
        "price": "3670",
        "price_per_unit": "6554",
        "price_unit": "G"
      },
      {
        "state": "SA",
        "price": "3670",
        "price_per_unit": "6554",
        "price_unit": "G"
      },
      {
        "state": "TAS",
        "price": "3670",
        "price_per_unit": "6554",
        "price_unit": "G"
      },
      {
        "state": "ACT",
        "price": "3670",
        "price_per_unit": "6554",
        "price_unit": "G"
      },
      {
        "state": "NT",
        "price": "3670",
        "price_per_unit": "6554",
        "price_unit": "G"
      }
    ]
  },
  {
    "source_url": "https://www.woolworths.com.au/shop/productdetails/1074651046/dermadoctor-kakadu-c-brightening-daily-cleanser-toner-makeup-remover-tube-210ml-7-1oz",
    "name": "DERMAdoctor Kakadu C Brightening Daily Cleanser, Toner & Makeup Remover (Tube) 210ml/7.1oz",
    "image_url": "https://cdn1.woolworths.media/content/wowproductimages/large/1074651046.jpg",
    "source_id": "Woolworths - 1074651046",
    "barcode": null,
    "shop": "Woolworths",
    "weight": "100ML",
    "prices": [
      {
        "state": "NSW",
        "price": "6200",
        "price_per_unit": "2952",
        "price_unit": "ML"
      },
      {
        "state": "VIC",
        "price": "6200",
        "price_per_unit": "2952",
        "price_unit": "ML"
      },
      {
        "state": "QLD",
        "price": "6200",
        "price_per_unit": "2952",
        "price_unit": "ML"
      },
      {
        "state": "WA",
        "price": "6200",
        "price_per_unit": "2952",
        "price_unit": "ML"
      },
      {
        "state": "SA",
        "price": "6200",
        "price_per_unit": "2952",
        "price_unit": "ML"
      },
      {
        "state": "TAS",
        "price": "6200",
        "price_per_unit": "2952",
        "price_unit": "ML"
      },
      {
        "state": "ACT",
        "price": "6200",
        "price_per_unit": "2952",
        "price_unit": "ML"
      },
      {
        "state": "NT",
        "price": "6200",
        "price_per_unit": "2952",
        "price_unit": "ML"
      }
    ]
  },
  {
    "source_url": "https://www.woolworths.com.au/shop/productdetails/1074651065/dermadoctor-wrinkle-revenge-antioxidant-enhanced-glycolic-acid-facial-cleanser-180ml-6oz",
    "name": "DERMAdoctor Wrinkle Revenge Antioxidant Enhanced Glycolic Acid Facial Cleanser 180ml/6oz",
    "image_url": "https://cdn1.woolworths.media/content/wowproductimages/large/1074651065.jpg",
    "source_id": "Woolworths - 1074651065",
    "barcode": null,
    "shop": "Woolworths",
    "weight": "100ML",
    "prices": [
      {
        "state": "NSW",
        "price": "5900",
        "price_per_unit": "3278",
        "price_unit": "ML"
      },
      {
        "state": "VIC",
        "price": "5900",
        "price_per_unit": "3278",
        "price_unit": "ML"
      },
      {
        "state": "QLD",
        "price": "5900",
        "price_per_unit": "3278",
        "price_unit": "ML"
      },
      {
        "state": "WA",
        "price": "5900",
        "price_per_unit": "3278",
        "price_unit": "ML"
      },
      {
        "state": "SA",
        "price": "5900",
        "price_per_unit": "3278",
        "price_unit": "ML"
      },
      {
        "state": "TAS",
        "price": "5900",
        "price_per_unit": "3278",
        "price_unit": "ML"
      },
      {
        "state": "ACT",
        "price": "5900",
        "price_per_unit": "3278",
        "price_unit": "ML"
      },
      {
        "state": "NT",
        "price": "5900",
        "price_per_unit": "3278",
        "price_unit": "ML"
      }
    ]
  },
  {
    "source_url": "https://www.woolworths.com.au/shop/productdetails/1075478123/dermae-essentials-microdermabrasion-scrub-56g",
    "name": "DermaE Essentials Microdermabrasion Scrub 56g",
    "image_url": "https://cdn1.woolworths.media/content/wowproductimages/large/1075478123.jpg",
    "source_id": "Woolworths - 1075478123",
    "barcode": null,
    "shop": "Woolworths",
    "weight": "100G",
    "prices": [
      {
        "state": "NSW",
        "price": "2995",
        "price_per_unit": "5348",
        "price_unit": "G"
      },
      {
        "state": "VIC",
        "price": "2995",
        "price_per_unit": "5348",
        "price_unit": "G"
      },
      {
        "state": "QLD",
        "price": "2995",
        "price_per_unit": "5348",
        "price_unit": "G"
      },
      {
        "state": "WA",
        "price": "2995",
        "price_per_unit": "5348",
        "price_unit": "G"
      },
      {
        "state": "SA",
        "price": "2995",
        "price_per_unit": "5348",
        "price_unit": "G"
      },
      {
        "state": "TAS",
        "price": "2995",
        "price_per_unit": "5348",
        "price_unit": "G"
      },
      {
        "state": "ACT",
        "price": "2995",
        "price_per_unit": "5348",
        "price_unit": "G"
      },
      {
        "state": "NT",
        "price": "2995",
        "price_per_unit": "5348",
        "price_unit": "G"
      }
    ]
  },
  {
    "source_url": "https://www.woolworths.com.au/shop/productdetails/1075480731/dermal-therapy-acne-control-kit",
    "name": "Dermal Therapy Acne Control Kit",
    "image_url": "https://cdn1.woolworths.media/content/wowproductimages/large/1075480731.jpg",
    "source_id": "Woolworths - 1075480731",
    "barcode": null,
    "shop": "Woolworths",
    "weight": "1EA",
    "prices": [
      {
        "state": "NSW",
        "price": "1895",
        "price_per_unit": "1895",
        "price_unit": "EA"
      },
      {
        "state": "VIC",
        "price": "1895",
        "price_per_unit": "1895",
        "price_unit": "EA"
      },
      {
        "state": "QLD",
        "price": "1895",
        "price_per_unit": "1895",
        "price_unit": "EA"
      },
      {
        "state": "WA",
        "price": "1895",
        "price_per_unit": "1895",
        "price_unit": "EA"
      },
      {
        "state": "SA",
        "price": "1895",
        "price_per_unit": "1895",
        "price_unit": "EA"
      },
      {
        "state": "TAS",
        "price": "1895",
        "price_per_unit": "1895",
        "price_unit": "EA"
      },
      {
        "state": "ACT",
        "price": "1895",
        "price_per_unit": "1895",
        "price_unit": "EA"
      },
      {
        "state": "NT",
        "price": "1895",
        "price_per_unit": "1895",
        "price_unit": "EA"
      }
    ]
  },
  {
    "source_url": "https://www.woolworths.com.au/shop/productdetails/1075478505/dermal-therapy-acne-control-lotion-85ml",
    "name": "Dermal Therapy Acne Control Lotion 85ml",
    "image_url": "https://cdn1.woolworths.media/content/wowproductimages/large/1075478505.jpg",
    "source_id": "Woolworths - 1075478505",
    "barcode": null,
    "shop": "Woolworths",
    "weight": "100ML",
    "prices": [
      {
        "state": "NSW",
        "price": "1695",
        "price_per_unit": "1994",
        "price_unit": "ML"
      },
      {
        "state": "VIC",
        "price": "1695",
        "price_per_unit": "1994",
        "price_unit": "ML"
      },
      {
        "state": "QLD",
        "price": "1695",
        "price_per_unit": "1994",
        "price_unit": "ML"
      },
      {
        "state": "WA",
        "price": "1695",
        "price_per_unit": "1994",
        "price_unit": "ML"
      },
      {
        "state": "SA",
        "price": "1695",
        "price_per_unit": "1994",
        "price_unit": "ML"
      },
      {
        "state": "TAS",
        "price": "1695",
        "price_per_unit": "1994",
        "price_unit": "ML"
      },
      {
        "state": "ACT",
        "price": "1695",
        "price_per_unit": "1994",
        "price_unit": "ML"
      },
      {
        "state": "NT",
        "price": "1695",
        "price_per_unit": "1994",
        "price_unit": "ML"
      }
    ]
  },
  {
    "source_url": "https://www.woolworths.com.au/shop/productdetails/1075481234/dermal-therapy-acne-control-wash-175ml",
    "name": "Dermal Therapy Acne Control Wash 175ml",
    "image_url": "https://cdn1.woolworths.media/content/wowproductimages/large/1075481234.jpg",
    "source_id": "Woolworths - 1075481234",
    "barcode": null,
    "shop": "Woolworths",
    "weight": "100ML",
    "prices": [
      {
        "state": "NSW",
        "price": "1645",
        "price_per_unit": "940",
        "price_unit": "ML"
      },
      {
        "state": "VIC",
        "price": "1645",
        "price_per_unit": "940",
        "price_unit": "ML"
      },
      {
        "state": "QLD",
        "price": "1645",
        "price_per_unit": "940",
        "price_unit": "ML"
      },
      {
        "state": "WA",
        "price": "1645",
        "price_per_unit": "940",
        "price_unit": "ML"
      },
      {
        "state": "SA",
        "price": "1645",
        "price_per_unit": "940",
        "price_unit": "ML"
      },
      {
        "state": "TAS",
        "price": "1645",
        "price_per_unit": "940",
        "price_unit": "ML"
      },
      {
        "state": "ACT",
        "price": "1645",
        "price_per_unit": "940",
        "price_unit": "ML"
      },
      {
        "state": "NT",
        "price": "1645",
        "price_per_unit": "940",
        "price_unit": "ML"
      }
    ]
  },
  {
    "source_url": "https://www.woolworths.com.au/shop/productdetails/1075478506/dermal-therapy-acne-spot-cream-30g",
    "name": "Dermal Therapy Acne Spot Cream 30g",
    "image_url": "https://cdn1.woolworths.media/content/wowproductimages/large/1075478506.jpg",
    "source_id": "Woolworths - 1075478506",
    "barcode": null,
    "shop": "Woolworths",
    "weight": "100G",
    "prices": [
      {
        "state": "NSW",
        "price": "1745",
        "price_per_unit": "5817",
        "price_unit": "G"
      },
      {
        "state": "VIC",
        "price": "1745",
        "price_per_unit": "5817",
        "price_unit": "G"
      },
      {
        "state": "WA",
        "price": "1745",
        "price_per_unit": "5817",
        "price_unit": "G"
      },
      {
        "state": "SA",
        "price": "1745",
        "price_per_unit": "5817",
        "price_unit": "G"
      },
      {
        "state": "TAS",
        "price": "1745",
        "price_per_unit": "5817",
        "price_unit": "G"
      },
      {
        "state": "ACT",
        "price": "1745",
        "price_per_unit": "5817",
        "price_unit": "G"
      },
      {
        "state": "NT",
        "price": "1745",
        "price_per_unit": "5817",
        "price_unit": "G"
      }
    ]
  },
  {
    "source_url": "https://www.woolworths.com.au/shop/productdetails/1074651092/dermalogica-age-smart-skin-resurfacing-cleanser-salon-size-473ml-16oz",
    "name": "Dermalogica Age Smart Skin Resurfacing Cleanser (Salon Size) 473ml/16oz",
    "image_url": "https://cdn1.woolworths.media/content/wowproductimages/large/1074651092.jpg",
    "source_id": "Woolworths - 1074651092",
    "barcode": null,
    "shop": "Woolworths",
    "weight": "100ML",
    "prices": [
      {
        "state": "NSW",
        "price": "15400",
        "price_per_unit": "3256",
        "price_unit": "ML"
      },
      {
        "state": "VIC",
        "price": "15400",
        "price_per_unit": "3256",
        "price_unit": "ML"
      },
      {
        "state": "WA",
        "price": "15400",
        "price_per_unit": "3256",
        "price_unit": "ML"
      },
      {
        "state": "SA",
        "price": "15400",
        "price_per_unit": "3256",
        "price_unit": "ML"
      },
      {
        "state": "TAS",
        "price": "15400",
        "price_per_unit": "3256",
        "price_unit": "ML"
      },
      {
        "state": "ACT",
        "price": "15400",
        "price_per_unit": "3256",
        "price_unit": "ML"
      },
      {
        "state": "NT",
        "price": "15400",
        "price_per_unit": "3256",
        "price_unit": "ML"
      }
    ]
  },
  {
    "source_url": "https://www.woolworths.com.au/shop/productdetails/1074932821/dermalogica-age-smart-skin-resurfacing-cleanser-150ml-5-1oz",
    "name": "Dermalogica Age Smart Skin Resurfacing Cleanser 150ml/5.1oz",
    "image_url": "https://cdn1.woolworths.media/content/wowproductimages/large/1074932821.jpg",
    "source_id": "Woolworths - 1074932821",
    "barcode": null,
    "shop": "Woolworths",
    "weight": "100ML",
    "prices": [
      {
        "state": "NSW",
        "price": "8200",
        "price_per_unit": "5467",
        "price_unit": "ML"
      },
      {
        "state": "VIC",
        "price": "8200",
        "price_per_unit": "5467",
        "price_unit": "ML"
      },
      {
        "state": "WA",
        "price": "8200",
        "price_per_unit": "5467",
        "price_unit": "ML"
      },
      {
        "state": "SA",
        "price": "8200",
        "price_per_unit": "5467",
        "price_unit": "ML"
      },
      {
        "state": "TAS",
        "price": "8200",
        "price_per_unit": "5467",
        "price_unit": "ML"
      },
      {
        "state": "ACT",
        "price": "8200",
        "price_per_unit": "5467",
        "price_unit": "ML"
      },
      {
        "state": "NT",
        "price": "8200",
        "price_per_unit": "5467",
        "price_unit": "ML"
      }
    ]
  },
  {
    "source_url": "https://www.woolworths.com.au/shop/productdetails/1074914354/dermalogica-age-smart-skin-resurfacing-cleanser-pro-salon-size-473ml-16oz",
    "name": "Dermalogica Age Smart Skin Resurfacing Cleanser PRO (Salon Size) 473ml/16oz",
    "image_url": "https://cdn1.woolworths.media/content/wowproductimages/large/1074914354.jpg",
    "source_id": "Woolworths - 1074914354",
    "barcode": null,
    "shop": "Woolworths",
    "weight": "100ML",
    "prices": [
      {
        "state": "NSW",
        "price": "17500",
        "price_per_unit": "3700",
        "price_unit": "ML"
      },
      {
        "state": "VIC",
        "price": "17500",
        "price_per_unit": "3700",
        "price_unit": "ML"
      },
      {
        "state": "WA",
        "price": "17500",
        "price_per_unit": "3700",
        "price_unit": "ML"
      },
      {
        "state": "SA",
        "price": "17500",
        "price_per_unit": "3700",
        "price_unit": "ML"
      },
      {
        "state": "TAS",
        "price": "17500",
        "price_per_unit": "3700",
        "price_unit": "ML"
      },
      {
        "state": "ACT",
        "price": "17500",
        "price_per_unit": "3700",
        "price_unit": "ML"
      },
      {
        "state": "NT",
        "price": "17500",
        "price_per_unit": "3700",
        "price_unit": "ML"
      }
    ]
  },
  {
    "source_url": "https://www.woolworths.com.au/shop/productdetails/1074732157/dermalogica-daily-glycolic-cleanser-150ml-5-1oz",
    "name": "Dermalogica Daily Glycolic Cleanser 150ml/5.1oz",
    "image_url": "https://cdn1.woolworths.media/content/wowproductimages/large/1074732157.jpg",
    "source_id": "Woolworths - 1074732157",
    "barcode": null,
    "shop": "Woolworths",
    "weight": "100ML",
    "prices": [
      {
        "state": "NSW",
        "price": "8200",
        "price_per_unit": "5467",
        "price_unit": "ML"
      },
      {
        "state": "VIC",
        "price": "8200",
        "price_per_unit": "5467",
        "price_unit": "ML"
      },
      {
        "state": "WA",
        "price": "8200",
        "price_per_unit": "5467",
        "price_unit": "ML"
      },
      {
        "state": "SA",
        "price": "8200",
        "price_per_unit": "5467",
        "price_unit": "ML"
      },
      {
        "state": "TAS",
        "price": "8200",
        "price_per_unit": "5467",
        "price_unit": "ML"
      },
      {
        "state": "ACT",
        "price": "8200",
        "price_per_unit": "5467",
        "price_unit": "ML"
      },
      {
        "state": "NT",
        "price": "8200",
        "price_per_unit": "5467",
        "price_unit": "ML"
      }
    ]
  },
  {
    "source_url": "https://www.woolworths.com.au/shop/productdetails/1074651104/dermalogica-daily-glycolic-cleanser-295ml-10oz",
    "name": "Dermalogica Daily Glycolic Cleanser 295ml/10oz",
    "image_url": "https://cdn1.woolworths.media/content/wowproductimages/large/1074651104.jpg",
    "source_id": "Woolworths - 1074651104",
    "barcode": null,
    "shop": "Woolworths",
    "weight": "100ML",
    "prices": [
      {
        "state": "NSW",
        "price": "10600",
        "price_per_unit": "3593",
        "price_unit": "ML"
      },
      {
        "state": "VIC",
        "price": "10600",
        "price_per_unit": "3593",
        "price_unit": "ML"
      },
      {
        "state": "WA",
        "price": "10600",
        "price_per_unit": "3593",
        "price_unit": "ML"
      },
      {
        "state": "SA",
        "price": "10600",
        "price_per_unit": "3593",
        "price_unit": "ML"
      },
      {
        "state": "TAS",
        "price": "10600",
        "price_per_unit": "3593",
        "price_unit": "ML"
      },
      {
        "state": "ACT",
        "price": "10600",
        "price_per_unit": "3593",
        "price_unit": "ML"
      },
      {
        "state": "NT",
        "price": "10600",
        "price_per_unit": "3593",
        "price_unit": "ML"
      }
    ]
  },
  {
    "source_url": "https://www.woolworths.com.au/shop/productdetails/1074651105/dermalogica-daily-microfoliant-74g-2-6oz",
    "name": "Dermalogica Daily Microfoliant 74g/2.6oz",
    "image_url": "https://cdn1.woolworths.media/content/wowproductimages/large/1074651105.jpg",
    "source_id": "Woolworths - 1074651105",
    "barcode": null,
    "shop": "Woolworths",
    "weight": "100G",
    "prices": [
      {
        "state": "NSW",
        "price": "11000",
        "price_per_unit": "14865",
        "price_unit": "G"
      },
      {
        "state": "VIC",
        "price": "11000",
        "price_per_unit": "14865",
        "price_unit": "G"
      },
      {
        "state": "WA",
        "price": "11000",
        "price_per_unit": "14865",
        "price_unit": "G"
      },
      {
        "state": "SA",
        "price": "11000",
        "price_per_unit": "14865",
        "price_unit": "G"
      },
      {
        "state": "TAS",
        "price": "11000",
        "price_per_unit": "14865",
        "price_unit": "G"
      },
      {
        "state": "ACT",
        "price": "11000",
        "price_per_unit": "14865",
        "price_unit": "G"
      },
      {
        "state": "NT",
        "price": "11000",
        "price_per_unit": "14865",
        "price_unit": "G"
      }
    ]
  },
  {
    "source_url": "https://www.woolworths.com.au/shop/productdetails/1075284793/dermalogica-daily-milkfoliant-exfoliator-74g-2-6oz",
    "name": "Dermalogica Daily Milkfoliant Exfoliator 74g/2.6oz",
    "image_url": "https://cdn1.woolworths.media/content/wowproductimages/large/1075284793.jpg",
    "source_id": "Woolworths - 1075284793",
    "barcode": null,
    "shop": "Woolworths",
    "weight": "100G",
    "prices": [
      {
        "state": "NSW",
        "price": "11600",
        "price_per_unit": "15676",
        "price_unit": "G"
      },
      {
        "state": "VIC",
        "price": "11600",
        "price_per_unit": "15676",
        "price_unit": "G"
      },
      {
        "state": "WA",
        "price": "11600",
        "price_per_unit": "15676",
        "price_unit": "G"
      },
      {
        "state": "SA",
        "price": "11600",
        "price_per_unit": "15676",
        "price_unit": "G"
      },
      {
        "state": "TAS",
        "price": "11600",
        "price_per_unit": "15676",
        "price_unit": "G"
      },
      {
        "state": "ACT",
        "price": "11600",
        "price_per_unit": "15676",
        "price_unit": "G"
      },
      {
        "state": "NT",
        "price": "11600",
        "price_per_unit": "15676",
        "price_unit": "G"
      }
    ]
  },
  {
    "source_url": "https://www.woolworths.com.au/shop/productdetails/1074651109/dermalogica-intensive-moisture-cleanser-150ml-5-1oz",
    "name": "Dermalogica Intensive Moisture Cleanser 150ml/5.1oz",
    "image_url": "https://cdn1.woolworths.media/content/wowproductimages/large/1074651109.jpg",
    "source_id": "Woolworths - 1074651109",
    "barcode": null,
    "shop": "Woolworths",
    "weight": "100ML",
    "prices": [
      {
        "state": "NSW",
        "price": "8200",
        "price_per_unit": "5467",
        "price_unit": "ML"
      },
      {
        "state": "VIC",
        "price": "8200",
        "price_per_unit": "5467",
        "price_unit": "ML"
      },
      {
        "state": "QLD",
        "price": "8200",
        "price_per_unit": "5467",
        "price_unit": "ML"
      },
      {
        "state": "WA",
        "price": "8200",
        "price_per_unit": "5467",
        "price_unit": "ML"
      },
      {
        "state": "SA",
        "price": "8200",
        "price_per_unit": "5467",
        "price_unit": "ML"
      },
      {
        "state": "TAS",
        "price": "8200",
        "price_per_unit": "5467",
        "price_unit": "ML"
      },
      {
        "state": "ACT",
        "price": "8200",
        "price_per_unit": "5467",
        "price_unit": "ML"
      },
      {
        "state": "NT",
        "price": "8200",
        "price_per_unit": "5467",
        "price_unit": "ML"
      }
    ]
  },
  {
    "source_url": "https://www.woolworths.com.au/shop/productdetails/1074651110/dermalogica-intensive-moisture-cleanser-295ml-10oz",
    "name": "Dermalogica Intensive Moisture Cleanser 295ml/10oz",
    "image_url": "https://cdn1.woolworths.media/content/wowproductimages/large/1074651110.jpg",
    "source_id": "Woolworths - 1074651110",
    "barcode": null,
    "shop": "Woolworths",
    "weight": "100ML",
    "prices": [
      {
        "state": "NSW",
        "price": "11300",
        "price_per_unit": "3831",
        "price_unit": "ML"
      },
      {
        "state": "VIC",
        "price": "11300",
        "price_per_unit": "3831",
        "price_unit": "ML"
      },
      {
        "state": "QLD",
        "price": "11300",
        "price_per_unit": "3831",
        "price_unit": "ML"
      },
      {
        "state": "WA",
        "price": "11300",
        "price_per_unit": "3831",
        "price_unit": "ML"
      },
      {
        "state": "SA",
        "price": "11300",
        "price_per_unit": "3831",
        "price_unit": "ML"
      },
      {
        "state": "TAS",
        "price": "11300",
        "price_per_unit": "3831",
        "price_unit": "ML"
      },
      {
        "state": "ACT",
        "price": "11300",
        "price_per_unit": "3831",
        "price_unit": "ML"
      },
      {
        "state": "NT",
        "price": "11300",
        "price_per_unit": "3831",
        "price_unit": "ML"
      }
    ]
  },
  {
    "source_url": "https://www.woolworths.com.au/shop/productdetails/1074651111/dermalogica-intensive-moisture-cleanser-pro-salon-size-473ml-16oz",
    "name": "Dermalogica Intensive Moisture Cleanser PRO (Salon Size) 473ml/16oz",
    "image_url": "https://cdn1.woolworths.media/content/wowproductimages/large/1074651111.jpg",
    "source_id": "Woolworths - 1074651111",
    "barcode": null,
    "shop": "Woolworths",
    "weight": "100ML",
    "prices": [
      {
        "state": "NSW",
        "price": "16700",
        "price_per_unit": "3531",
        "price_unit": "ML"
      },
      {
        "state": "VIC",
        "price": "16700",
        "price_per_unit": "3531",
        "price_unit": "ML"
      },
      {
        "state": "QLD",
        "price": "16700",
        "price_per_unit": "3531",
        "price_unit": "ML"
      },
      {
        "state": "WA",
        "price": "16700",
        "price_per_unit": "3531",
        "price_unit": "ML"
      },
      {
        "state": "SA",
        "price": "16700",
        "price_per_unit": "3531",
        "price_unit": "ML"
      },
      {
        "state": "TAS",
        "price": "16700",
        "price_per_unit": "3531",
        "price_unit": "ML"
      },
      {
        "state": "ACT",
        "price": "16700",
        "price_per_unit": "3531",
        "price_unit": "ML"
      },
      {
        "state": "NT",
        "price": "16700",
        "price_per_unit": "3531",
        "price_unit": "ML"
      }
    ]
  },
  {
    "source_url": "https://www.woolworths.com.au/shop/productdetails/1075284794/dermalogica-micellar-prebiotic-precleanse-150ml-5-1oz",
    "name": "Dermalogica Micellar Prebiotic PreCleanse 150ml/5.1oz",
    "image_url": "https://cdn1.woolworths.media/content/wowproductimages/large/1075284794.jpg",
    "source_id": "Woolworths - 1075284794",
    "barcode": null,
    "shop": "Woolworths",
    "weight": "100ML",
    "prices": [
      {
        "state": "NSW",
        "price": "11200",
        "price_per_unit": "7467",
        "price_unit": "ML"
      },
      {
        "state": "VIC",
        "price": "11200",
        "price_per_unit": "7467",
        "price_unit": "ML"
      },
      {
        "state": "QLD",
        "price": "11200",
        "price_per_unit": "7467",
        "price_unit": "ML"
      },
      {
        "state": "WA",
        "price": "11200",
        "price_per_unit": "7467",
        "price_unit": "ML"
      },
      {
        "state": "SA",
        "price": "11200",
        "price_per_unit": "7467",
        "price_unit": "ML"
      },
      {
        "state": "TAS",
        "price": "11200",
        "price_per_unit": "7467",
        "price_unit": "ML"
      },
      {
        "state": "ACT",
        "price": "11200",
        "price_per_unit": "7467",
        "price_unit": "ML"
      },
      {
        "state": "NT",
        "price": "11200",
        "price_per_unit": "7467",
        "price_unit": "ML"
      }
    ]
  },
  {
    "source_url": "https://www.woolworths.com.au/shop/productdetails/1074932825/dermalogica-multi-active-toner-250ml-8-3oz",
    "name": "Dermalogica Multi-Active Toner 250ml/8.3oz",
    "image_url": "https://cdn1.woolworths.media/content/wowproductimages/large/1074932825.jpg",
    "source_id": "Woolworths - 1074932825",
    "barcode": null,
    "shop": "Woolworths",
    "weight": "100ML",
    "prices": [
      {
        "state": "NSW",
        "price": "7800",
        "price_per_unit": "3120",
        "price_unit": "ML"
      },
      {
        "state": "VIC",
        "price": "7800",
        "price_per_unit": "3120",
        "price_unit": "ML"
      },
      {
        "state": "QLD",
        "price": "7800",
        "price_per_unit": "3120",
        "price_unit": "ML"
      },
      {
        "state": "WA",
        "price": "7800",
        "price_per_unit": "3120",
        "price_unit": "ML"
      },
      {
        "state": "SA",
        "price": "7800",
        "price_per_unit": "3120",
        "price_unit": "ML"
      },
      {
        "state": "TAS",
        "price": "7800",
        "price_per_unit": "3120",
        "price_unit": "ML"
      },
      {
        "state": "ACT",
        "price": "7800",
        "price_per_unit": "3120",
        "price_unit": "ML"
      },
      {
        "state": "NT",
        "price": "7800",
        "price_per_unit": "3120",
        "price_unit": "ML"
      }
    ]
  },
  {
    "source_url": "https://www.woolworths.com.au/shop/productdetails/1074755988/dermalogica-multi-active-toner-pro-salon-size-473ml-16oz",
    "name": "Dermalogica Multi-Active Toner PRO (Salon Size) 473ml/16oz",
    "image_url": "https://cdn1.woolworths.media/content/wowproductimages/large/1074755988.jpg",
    "source_id": "Woolworths - 1074755988",
    "barcode": null,
    "shop": "Woolworths",
    "weight": "100ML",
    "prices": [
      {
        "state": "NSW",
        "price": "10300",
        "price_per_unit": "2178",
        "price_unit": "ML"
      },
      {
        "state": "VIC",
        "price": "10300",
        "price_per_unit": "2178",
        "price_unit": "ML"
      },
      {
        "state": "QLD",
        "price": "10300",
        "price_per_unit": "2178",
        "price_unit": "ML"
      },
      {
        "state": "WA",
        "price": "10300",
        "price_per_unit": "2178",
        "price_unit": "ML"
      },
      {
        "state": "SA",
        "price": "10300",
        "price_per_unit": "2178",
        "price_unit": "ML"
      },
      {
        "state": "TAS",
        "price": "10300",
        "price_per_unit": "2178",
        "price_unit": "ML"
      },
      {
        "state": "ACT",
        "price": "10300",
        "price_per_unit": "2178",
        "price_unit": "ML"
      },
      {
        "state": "NT",
        "price": "10300",
        "price_per_unit": "2178",
        "price_unit": "ML"
      }
    ]
  },
  {
    "source_url": "https://www.woolworths.com.au/shop/productdetails/1075284795/dermalogica-oil-to-foam-total-cleanser-250ml-8-4oz",
    "name": "Dermalogica Oil To Foam Total Cleanser 250ml/8.4oz",
    "image_url": "https://cdn1.woolworths.media/content/wowproductimages/large/1075284795.jpg",
    "source_id": "Woolworths - 1075284795",
    "barcode": null,
    "shop": "Woolworths",
    "weight": "100ML",
    "prices": [
      {
        "state": "NSW",
        "price": "10800",
        "price_per_unit": "4320",
        "price_unit": "ML"
      },
      {
        "state": "VIC",
        "price": "10800",
        "price_per_unit": "4320",
        "price_unit": "ML"
      },
      {
        "state": "QLD",
        "price": "10800",
        "price_per_unit": "4320",
        "price_unit": "ML"
      },
      {
        "state": "WA",
        "price": "10800",
        "price_per_unit": "4320",
        "price_unit": "ML"
      },
      {
        "state": "SA",
        "price": "10800",
        "price_per_unit": "4320",
        "price_unit": "ML"
      },
      {
        "state": "TAS",
        "price": "10800",
        "price_per_unit": "4320",
        "price_unit": "ML"
      },
      {
        "state": "ACT",
        "price": "10800",
        "price_per_unit": "4320",
        "price_unit": "ML"
      },
      {
        "state": "NT",
        "price": "10800",
        "price_per_unit": "4320",
        "price_unit": "ML"
      }
    ]
  },
  {
    "source_url": "https://www.woolworths.com.au/shop/productdetails/1075463745/dermalogica-precleanse-with-pump-150ml-5-1oz",
    "name": "Dermalogica PreCleanse (With Pump) 150ml/5.1oz",
    "image_url": "https://cdn1.woolworths.media/content/wowproductimages/large/1075463745.jpg",
    "source_id": "Woolworths - 1075463745",
    "barcode": null,
    "shop": "Woolworths",
    "weight": "100ML",
    "prices": [
      {
        "state": "NSW",
        "price": "8500",
        "price_per_unit": "5667",
        "price_unit": "ML"
      },
      {
        "state": "VIC",
        "price": "8500",
        "price_per_unit": "5667",
        "price_unit": "ML"
      },
      {
        "state": "QLD",
        "price": "8500",
        "price_per_unit": "5667",
        "price_unit": "ML"
      },
      {
        "state": "WA",
        "price": "8500",
        "price_per_unit": "5667",
        "price_unit": "ML"
      },
      {
        "state": "SA",
        "price": "8500",
        "price_per_unit": "5667",
        "price_unit": "ML"
      },
      {
        "state": "TAS",
        "price": "8500",
        "price_per_unit": "5667",
        "price_unit": "ML"
      },
      {
        "state": "ACT",
        "price": "8500",
        "price_per_unit": "5667",
        "price_unit": "ML"
      },
      {
        "state": "NT",
        "price": "8500",
        "price_per_unit": "5667",
        "price_unit": "ML"
      }
    ]
  },
  {
    "source_url": "https://www.woolworths.com.au/shop/productdetails/1075284796/dermalogica-precleanse-cleansing-oil-295ml-10oz",
    "name": "Dermalogica Precleanse Cleansing Oil 295ml/10oz",
    "image_url": "https://cdn1.woolworths.media/content/wowproductimages/large/1075284796.jpg",
    "source_id": "Woolworths - 1075284796",
    "barcode": null,
    "shop": "Woolworths",
    "weight": "100ML",
    "prices": [
      {
        "state": "NSW",
        "price": "14100",
        "price_per_unit": "4780",
        "price_unit": "ML"
      },
      {
        "state": "VIC",
        "price": "14100",
        "price_per_unit": "4780",
        "price_unit": "ML"
      },
      {
        "state": "QLD",
        "price": "14100",
        "price_per_unit": "4780",
        "price_unit": "ML"
      },
      {
        "state": "WA",
        "price": "14100",
        "price_per_unit": "4780",
        "price_unit": "ML"
      },
      {
        "state": "SA",
        "price": "14100",
        "price_per_unit": "4780",
        "price_unit": "ML"
      },
      {
        "state": "TAS",
        "price": "14100",
        "price_per_unit": "4780",
        "price_unit": "ML"
      },
      {
        "state": "ACT",
        "price": "14100",
        "price_per_unit": "4780",
        "price_unit": "ML"
      },
      {
        "state": "NT",
        "price": "14100",
        "price_per_unit": "4780",
        "price_unit": "ML"
      }
    ]
  },
  {
    "source_url": "https://www.woolworths.com.au/shop/productdetails/1075594102/dermalogica-precleanse-pro-salon-size-473ml-16oz",
    "name": "Dermalogica PreCleanse PRO (Salon Size) 473ml/16oz",
    "image_url": "https://cdn1.woolworths.media/content/wowproductimages/large/1075594102.jpg",
    "source_id": "Woolworths - 1075594102",
    "barcode": null,
    "shop": "Woolworths",
    "weight": "100ML",
    "prices": [
      {
        "state": "NSW",
        "price": "16200",
        "price_per_unit": "3425",
        "price_unit": "ML"
      },
      {
        "state": "VIC",
        "price": "16200",
        "price_per_unit": "3425",
        "price_unit": "ML"
      },
      {
        "state": "QLD",
        "price": "16200",
        "price_per_unit": "3425",
        "price_unit": "ML"
      },
      {
        "state": "WA",
        "price": "16200",
        "price_per_unit": "3425",
        "price_unit": "ML"
      },
      {
        "state": "SA",
        "price": "16200",
        "price_per_unit": "3425",
        "price_unit": "ML"
      },
      {
        "state": "TAS",
        "price": "16200",
        "price_per_unit": "3425",
        "price_unit": "ML"
      },
      {
        "state": "ACT",
        "price": "16200",
        "price_per_unit": "3425",
        "price_unit": "ML"
      },
      {
        "state": "NT",
        "price": "16200",
        "price_per_unit": "3425",
        "price_unit": "ML"
      }
    ]
  },
  {
    "source_url": "https://www.woolworths.com.au/shop/productdetails/1074827445/dermalogica-special-cleansing-gel-without-laser-hologram-500ml-17-6oz",
    "name": "Dermalogica Special Cleansing Gel (Without Laser Hologram) 500ml/17.6oz",
    "image_url": "https://cdn1.woolworths.media/content/wowproductimages/large/1074827445.jpg",
    "source_id": "Woolworths - 1074827445",
    "barcode": null,
    "shop": "Woolworths",
    "weight": "100ML",
    "prices": [
      {
        "state": "NSW",
        "price": "11000",
        "price_per_unit": "2200",
        "price_unit": "ML"
      },
      {
        "state": "VIC",
        "price": "11000",
        "price_per_unit": "2200",
        "price_unit": "ML"
      },
      {
        "state": "QLD",
        "price": "11000",
        "price_per_unit": "2200",
        "price_unit": "ML"
      },
      {
        "state": "WA",
        "price": "11000",
        "price_per_unit": "2200",
        "price_unit": "ML"
      },
      {
        "state": "SA",
        "price": "11000",
        "price_per_unit": "2200",
        "price_unit": "ML"
      },
      {
        "state": "TAS",
        "price": "11000",
        "price_per_unit": "2200",
        "price_unit": "ML"
      },
      {
        "state": "ACT",
        "price": "11000",
        "price_per_unit": "2200",
        "price_unit": "ML"
      },
      {
        "state": "NT",
        "price": "11000",
        "price_per_unit": "2200",
        "price_unit": "ML"
      }
    ]
  },
  {
    "source_url": "https://www.woolworths.com.au/shop/productdetails/1074932827/dermalogica-special-cleansing-gel-250ml-8-3oz",
    "name": "Dermalogica Special Cleansing Gel 250ml/8.3oz",
    "image_url": "https://cdn1.woolworths.media/content/wowproductimages/large/1074932827.jpg",
    "source_id": "Woolworths - 1074932827",
    "barcode": null,
    "shop": "Woolworths",
    "weight": "100ML",
    "prices": [
      {
        "state": "NSW",
        "price": "7800",
        "price_per_unit": "3120",
        "price_unit": "ML"
      },
      {
        "state": "VIC",
        "price": "7800",
        "price_per_unit": "3120",
        "price_unit": "ML"
      },
      {
        "state": "QLD",
        "price": "7800",
        "price_per_unit": "3120",
        "price_unit": "ML"
      },
      {
        "state": "WA",
        "price": "7800",
        "price_per_unit": "3120",
        "price_unit": "ML"
      },
      {
        "state": "SA",
        "price": "7800",
        "price_per_unit": "3120",
        "price_unit": "ML"
      },
      {
        "state": "TAS",
        "price": "7800",
        "price_per_unit": "3120",
        "price_unit": "ML"
      },
      {
        "state": "ACT",
        "price": "7800",
        "price_per_unit": "3120",
        "price_unit": "ML"
      },
      {
        "state": "NT",
        "price": "7800",
        "price_per_unit": "3120",
        "price_unit": "ML"
      }
    ]
  },
  {
    "source_url": "https://www.woolworths.com.au/shop/productdetails/1074975473/dermalogica-special-cleansing-gel-500ml-17-6oz",
    "name": "Dermalogica Special Cleansing Gel 500ml/17.6oz",
    "image_url": "https://cdn1.woolworths.media/content/wowproductimages/large/1074975473.jpg",
    "source_id": "Woolworths - 1074975473",
    "barcode": null,
    "shop": "Woolworths",
    "weight": "100ML",
    "prices": [
      {
        "state": "NSW",
        "price": "10900",
        "price_per_unit": "2180",
        "price_unit": "ML"
      },
      {
        "state": "VIC",
        "price": "10900",
        "price_per_unit": "2180",
        "price_unit": "ML"
      },
      {
        "state": "QLD",
        "price": "10900",
        "price_per_unit": "2180",
        "price_unit": "ML"
      },
      {
        "state": "WA",
        "price": "10900",
        "price_per_unit": "2180",
        "price_unit": "ML"
      },
      {
        "state": "SA",
        "price": "10900",
        "price_per_unit": "2180",
        "price_unit": "ML"
      },
      {
        "state": "TAS",
        "price": "10900",
        "price_per_unit": "2180",
        "price_unit": "ML"
      },
      {
        "state": "ACT",
        "price": "10900",
        "price_per_unit": "2180",
        "price_unit": "ML"
      },
      {
        "state": "NT",
        "price": "10900",
        "price_per_unit": "2180",
        "price_unit": "ML"
      }
    ]
  },
  {
    "source_url": "https://www.woolworths.com.au/shop/productdetails/1074932829/dermalogica-ultracalming-cleanser-250ml-8-3oz",
    "name": "Dermalogica UltraCalming Cleanser 250ml/8.3oz",
    "image_url": "https://cdn1.woolworths.media/content/wowproductimages/large/1074932829.jpg",
    "source_id": "Woolworths - 1074932829",
    "barcode": null,
    "shop": "Woolworths",
    "weight": "100ML",
    "prices": [
      {
        "state": "NSW",
        "price": "8200",
        "price_per_unit": "3280",
        "price_unit": "ML"
      },
      {
        "state": "VIC",
        "price": "8200",
        "price_per_unit": "3280",
        "price_unit": "ML"
      },
      {
        "state": "QLD",
        "price": "8200",
        "price_per_unit": "3280",
        "price_unit": "ML"
      },
      {
        "state": "WA",
        "price": "8200",
        "price_per_unit": "3280",
        "price_unit": "ML"
      },
      {
        "state": "SA",
        "price": "8200",
        "price_per_unit": "3280",
        "price_unit": "ML"
      },
      {
        "state": "TAS",
        "price": "8200",
        "price_per_unit": "3280",
        "price_unit": "ML"
      },
      {
        "state": "ACT",
        "price": "8200",
        "price_per_unit": "3280",
        "price_unit": "ML"
      },
      {
        "state": "NT",
        "price": "8200",
        "price_per_unit": "3280",
        "price_unit": "ML"
      }
    ]
  },
  {
    "source_url": "https://www.woolworths.com.au/shop/productdetails/1074932830/dermalogica-ultracalming-cleanser-500ml-16-9oz",
    "name": "Dermalogica UltraCalming Cleanser 500ml/16.9oz",
    "image_url": "https://cdn1.woolworths.media/content/wowproductimages/large/1074932830.jpg",
    "source_id": "Woolworths - 1074932830",
    "barcode": null,
    "shop": "Woolworths",
    "weight": "100ML",
    "prices": [
      {
        "state": "NSW",
        "price": "11300",
        "price_per_unit": "2260",
        "price_unit": "ML"
      },
      {
        "state": "VIC",
        "price": "11300",
        "price_per_unit": "2260",
        "price_unit": "ML"
      },
      {
        "state": "QLD",
        "price": "11300",
        "price_per_unit": "2260",
        "price_unit": "ML"
      },
      {
        "state": "WA",
        "price": "11300",
        "price_per_unit": "2260",
        "price_unit": "ML"
      },
      {
        "state": "SA",
        "price": "11300",
        "price_per_unit": "2260",
        "price_unit": "ML"
      },
      {
        "state": "TAS",
        "price": "11300",
        "price_per_unit": "2260",
        "price_unit": "ML"
      },
      {
        "state": "ACT",
        "price": "11300",
        "price_per_unit": "2260",
        "price_unit": "ML"
      },
      {
        "state": "NT",
        "price": "11300",
        "price_per_unit": "2260",
        "price_unit": "ML"
      }
    ]
  },
  {
    "source_url": "https://www.woolworths.com.au/shop/productdetails/1074651137/dermaquest-advanced-therapy-glyco-gel-cleanser-170g-6oz",
    "name": "DermaQuest Advanced Therapy Glyco Gel Cleanser 170g/6oz",
    "image_url": "https://cdn1.woolworths.media/content/wowproductimages/large/1074651137.jpg",
    "source_id": "Woolworths - 1074651137",
    "barcode": null,
    "shop": "Woolworths",
    "weight": "100G",
    "prices": [
      {
        "state": "NSW",
        "price": "5300",
        "price_per_unit": "3118",
        "price_unit": "G"
      },
      {
        "state": "VIC",
        "price": "5300",
        "price_per_unit": "3118",
        "price_unit": "G"
      },
      {
        "state": "WA",
        "price": "5300",
        "price_per_unit": "3118",
        "price_unit": "G"
      },
      {
        "state": "SA",
        "price": "5300",
        "price_per_unit": "3118",
        "price_unit": "G"
      },
      {
        "state": "TAS",
        "price": "5300",
        "price_per_unit": "3118",
        "price_unit": "G"
      },
      {
        "state": "ACT",
        "price": "5300",
        "price_per_unit": "3118",
        "price_unit": "G"
      },
      {
        "state": "NT",
        "price": "5300",
        "price_per_unit": "3118",
        "price_unit": "G"
      }
    ]
  },
  {
    "source_url": "https://www.woolworths.com.au/shop/productdetails/1074685360/dermatory-hypoallergenic-moisturizing-toner-300ml",
    "name": "Dermatory Hypoallergenic Moisturizing Toner 300ml",
    "image_url": "https://cdn1.woolworths.media/content/wowproductimages/large/1074685360.jpg",
    "source_id": "Woolworths - 1074685360",
    "barcode": null,
    "shop": "Woolworths",
    "weight": "100ML",
    "prices": [
      {
        "state": "NSW",
        "price": "3000",
        "price_per_unit": "1000",
        "price_unit": "ML"
      },
      {
        "state": "VIC",
        "price": "3000",
        "price_per_unit": "1000",
        "price_unit": "ML"
      },
      {
        "state": "QLD",
        "price": "3000",
        "price_per_unit": "1000",
        "price_unit": "ML"
      },
      {
        "state": "QLD",
        "price": "3000",
        "price_per_unit": "1000",
        "price_unit": "ML"
      },
      {
        "state": "WA",
        "price": "3000",
        "price_per_unit": "1000",
        "price_unit": "ML"
      },
      {
        "state": "SA",
        "price": "3000",
        "price_per_unit": "1000",
        "price_unit": "ML"
      },
      {
        "state": "TAS",
        "price": "3000",
        "price_per_unit": "1000",
        "price_unit": "ML"
      },
      {
        "state": "ACT",
        "price": "3000",
        "price_per_unit": "1000",
        "price_unit": "ML"
      },
      {
        "state": "NT",
        "price": "3000",
        "price_per_unit": "1000",
        "price_unit": "ML"
      }
    ]
  },
  {
    "source_url": "https://www.woolworths.com.au/shop/productdetails/1074651171/diego-dalla-palma-milano-struccatutto-cleansing-cream-make-up-remover-200ml-6-8oz",
    "name": "Diego Dalla Palma Milano Struccatutto Cleansing Cream Make-Up Remover 200ml/6.8oz",
    "image_url": "https://cdn1.woolworths.media/content/wowproductimages/large/1074651171.jpg",
    "source_id": "Woolworths - 1074651171",
    "barcode": null,
    "shop": "Woolworths",
    "weight": "100ML",
    "prices": [
      {
        "state": "NSW",
        "price": "4200",
        "price_per_unit": "2100",
        "price_unit": "ML"
      },
      {
        "state": "VIC",
        "price": "4200",
        "price_per_unit": "2100",
        "price_unit": "ML"
      },
      {
        "state": "QLD",
        "price": "4200",
        "price_per_unit": "2100",
        "price_unit": "ML"
      },
      {
        "state": "WA",
        "price": "4200",
        "price_per_unit": "2100",
        "price_unit": "ML"
      },
      {
        "state": "SA",
        "price": "4200",
        "price_per_unit": "2100",
        "price_unit": "ML"
      },
      {
        "state": "TAS",
        "price": "4200",
        "price_per_unit": "2100",
        "price_unit": "ML"
      },
      {
        "state": "ACT",
        "price": "4200",
        "price_per_unit": "2100",
        "price_unit": "ML"
      },
      {
        "state": "NT",
        "price": "4200",
        "price_per_unit": "2100",
        "price_unit": "ML"
      }
    ]
  },
  {
    "source_url": "https://www.woolworths.com.au/shop/productdetails/1074651173/diego-dalla-palma-milano-struccatutto-detox-make-up-cleansing-oil-200ml-6-8oz",
    "name": "Diego Dalla Palma Milano Struccatutto Detox Make-Up Cleansing Oil 200ml/6.8oz",
    "image_url": "https://cdn1.woolworths.media/content/wowproductimages/large/1074651173.jpg",
    "source_id": "Woolworths - 1074651173",
    "barcode": null,
    "shop": "Woolworths",
    "weight": "100ML",
    "prices": [
      {
        "state": "NSW",
        "price": "4300",
        "price_per_unit": "2150",
        "price_unit": "ML"
      },
      {
        "state": "VIC",
        "price": "4300",
        "price_per_unit": "2150",
        "price_unit": "ML"
      },
      {
        "state": "QLD",
        "price": "4300",
        "price_per_unit": "2150",
        "price_unit": "ML"
      },
      {
        "state": "WA",
        "price": "4300",
        "price_per_unit": "2150",
        "price_unit": "ML"
      },
      {
        "state": "SA",
        "price": "4300",
        "price_per_unit": "2150",
        "price_unit": "ML"
      },
      {
        "state": "TAS",
        "price": "4300",
        "price_per_unit": "2150",
        "price_unit": "ML"
      },
      {
        "state": "ACT",
        "price": "4300",
        "price_per_unit": "2150",
        "price_unit": "ML"
      },
      {
        "state": "NT",
        "price": "4300",
        "price_per_unit": "2150",
        "price_unit": "ML"
      }
    ]
  },
  {
    "source_url": "https://www.woolworths.com.au/shop/productdetails/1073918335/dope-skin-co-3-step-brighter-skin-kit-with-hemp",
    "name": "Dope Skin Co 3-Step Brighter Skin Kit with Hemp",
    "image_url": "https://cdn1.woolworths.media/content/wowproductimages/large/1073918335.jpg",
    "source_id": "Woolworths - 1073918335",
    "barcode": null,
    "shop": "Woolworths",
    "weight": "1EA",
    "prices": [
      {
        "state": "NSW",
        "price": "11485",
        "price_per_unit": "3828",
        "price_unit": "EA"
      },
      {
        "state": "VIC",
        "price": "11485",
        "price_per_unit": "3828",
        "price_unit": "EA"
      },
      {
        "state": "QLD",
        "price": "11485",
        "price_per_unit": "3828",
        "price_unit": "EA"
      },
      {
        "state": "WA",
        "price": "11485",
        "price_per_unit": "3828",
        "price_unit": "EA"
      },
      {
        "state": "SA",
        "price": "11485",
        "price_per_unit": "3828",
        "price_unit": "EA"
      },
      {
        "state": "TAS",
        "price": "11485",
        "price_per_unit": "3828",
        "price_unit": "EA"
      },
      {
        "state": "ACT",
        "price": "11485",
        "price_per_unit": "3828",
        "price_unit": "EA"
      },
      {
        "state": "NT",
        "price": "11485",
        "price_per_unit": "3828",
        "price_unit": "EA"
      }
    ]
  },
  {
    "source_url": "https://www.woolworths.com.au/shop/productdetails/1073918451/dope-skin-co-5-step-calming-skin-kit-with-hemp",
    "name": "Dope Skin Co 5-Step Calming Skin Kit with Hemp",
    "image_url": "https://cdn1.woolworths.media/content/wowproductimages/large/1073918451.jpg",
    "source_id": "Woolworths - 1073918451",
    "barcode": null,
    "shop": "Woolworths",
    "weight": "1EA",
    "prices": [
      {
        "state": "NSW",
        "price": "18475",
        "price_per_unit": "18475",
        "price_unit": "EA"
      },
      {
        "state": "VIC",
        "price": "18475",
        "price_per_unit": "18475",
        "price_unit": "EA"
      },
      {
        "state": "QLD",
        "price": "18475",
        "price_per_unit": "18475",
        "price_unit": "EA"
      },
      {
        "state": "WA",
        "price": "18475",
        "price_per_unit": "18475",
        "price_unit": "EA"
      },
      {
        "state": "SA",
        "price": "18475",
        "price_per_unit": "18475",
        "price_unit": "EA"
      },
      {
        "state": "TAS",
        "price": "18475",
        "price_per_unit": "18475",
        "price_unit": "EA"
      },
      {
        "state": "ACT",
        "price": "18475",
        "price_per_unit": "18475",
        "price_unit": "EA"
      },
      {
        "state": "NT",
        "price": "18475",
        "price_per_unit": "18475",
        "price_unit": "EA"
      }
    ]
  },
  {
    "source_url": "https://www.woolworths.com.au/shop/productdetails/1073918453/dope-skin-co-aha-bha-exfoliating-cleanser-w-hemp-and-niacinamide-125ml",
    "name": "Dope Skin Co AHA/BHA Exfoliating Cleanser w/ Hemp and Niacinamide 125ml",
    "image_url": "https://cdn1.woolworths.media/content/wowproductimages/large/1073918453.jpg",
    "source_id": "Woolworths - 1073918453",
    "barcode": null,
    "shop": "Woolworths",
    "weight": "100ML",
    "prices": [
      {
        "state": "NSW",
        "price": "3995",
        "price_per_unit": "3196",
        "price_unit": "ML"
      },
      {
        "state": "VIC",
        "price": "3995",
        "price_per_unit": "3196",
        "price_unit": "ML"
      },
      {
        "state": "QLD",
        "price": "3995",
        "price_per_unit": "3196",
        "price_unit": "ML"
      },
      {
        "state": "WA",
        "price": "3995",
        "price_per_unit": "3196",
        "price_unit": "ML"
      },
      {
        "state": "SA",
        "price": "3995",
        "price_per_unit": "3196",
        "price_unit": "ML"
      },
      {
        "state": "TAS",
        "price": "3995",
        "price_per_unit": "3196",
        "price_unit": "ML"
      },
      {
        "state": "ACT",
        "price": "3995",
        "price_per_unit": "3196",
        "price_unit": "ML"
      },
      {
        "state": "NT",
        "price": "3995",
        "price_per_unit": "3196",
        "price_unit": "ML"
      }
    ]
  },
  {
    "source_url": "https://www.woolworths.com.au/shop/productdetails/1073918455/dope-skin-co-aha-bha-exfoliating-tonic-w-hemp-and-niacinamide-125ml",
    "name": "Dope Skin Co AHA/BHA Exfoliating Tonic w/ Hemp and Niacinamide 125ml",
    "image_url": "https://cdn1.woolworths.media/content/wowproductimages/large/1073918455.jpg",
    "source_id": "Woolworths - 1073918455",
    "barcode": null,
    "shop": "Woolworths",
    "weight": "100ML",
    "prices": [
      {
        "state": "NSW",
        "price": "3995",
        "price_per_unit": "3196",
        "price_unit": "ML"
      },
      {
        "state": "VIC",
        "price": "3995",
        "price_per_unit": "3196",
        "price_unit": "ML"
      },
      {
        "state": "QLD",
        "price": "3995",
        "price_per_unit": "3196",
        "price_unit": "ML"
      },
      {
        "state": "WA",
        "price": "3995",
        "price_per_unit": "3196",
        "price_unit": "ML"
      },
      {
        "state": "SA",
        "price": "3995",
        "price_per_unit": "3196",
        "price_unit": "ML"
      },
      {
        "state": "TAS",
        "price": "3995",
        "price_per_unit": "3196",
        "price_unit": "ML"
      },
      {
        "state": "ACT",
        "price": "3995",
        "price_per_unit": "3196",
        "price_unit": "ML"
      },
      {
        "state": "NT",
        "price": "3995",
        "price_per_unit": "3196",
        "price_unit": "ML"
      }
    ]
  },
  {
    "source_url": "https://www.woolworths.com.au/shop/productdetails/1073918452/dope-skin-co-aha-bha-resurfacing-kit-with-hemp",
    "name": "Dope Skin Co AHA/BHA Resurfacing Kit with Hemp",
    "image_url": "https://cdn1.woolworths.media/content/wowproductimages/large/1073918452.jpg",
    "source_id": "Woolworths - 1073918452",
    "barcode": null,
    "shop": "Woolworths",
    "weight": "1EA",
    "prices": [
      {
        "state": "NSW",
        "price": "11985",
        "price_per_unit": "3995",
        "price_unit": "EA"
      },
      {
        "state": "VIC",
        "price": "11985",
        "price_per_unit": "3995",
        "price_unit": "EA"
      },
      {
        "state": "QLD",
        "price": "11985",
        "price_per_unit": "3995",
        "price_unit": "EA"
      },
      {
        "state": "WA",
        "price": "11985",
        "price_per_unit": "3995",
        "price_unit": "EA"
      },
      {
        "state": "SA",
        "price": "11985",
        "price_per_unit": "3995",
        "price_unit": "EA"
      },
      {
        "state": "TAS",
        "price": "11985",
        "price_per_unit": "3995",
        "price_unit": "EA"
      },
      {
        "state": "ACT",
        "price": "11985",
        "price_per_unit": "3995",
        "price_unit": "EA"
      },
      {
        "state": "NT",
        "price": "11985",
        "price_per_unit": "3995",
        "price_unit": "EA"
      }
    ]
  },
  {
    "source_url": "https://www.woolworths.com.au/shop/productdetails/1073918807/dope-skin-co-antioxidant-botanical-gel-cleanser-w-hemp-and-green-tea-125ml",
    "name": "Dope Skin Co Antioxidant Botanical Gel Cleanser w/ Hemp and Green Tea 125ml",
    "image_url": "https://cdn1.woolworths.media/content/wowproductimages/large/1073918807.jpg",
    "source_id": "Woolworths - 1073918807",
    "barcode": null,
    "shop": "Woolworths",
    "weight": "100ML",
    "prices": [
      {
        "state": "NSW",
        "price": "3495",
        "price_per_unit": "2796",
        "price_unit": "ML"
      },
      {
        "state": "VIC",
        "price": "3495",
        "price_per_unit": "2796",
        "price_unit": "ML"
      },
      {
        "state": "QLD",
        "price": "3495",
        "price_per_unit": "2796",
        "price_unit": "ML"
      },
      {
        "state": "WA",
        "price": "3495",
        "price_per_unit": "2796",
        "price_unit": "ML"
      },
      {
        "state": "SA",
        "price": "3495",
        "price_per_unit": "2796",
        "price_unit": "ML"
      },
      {
        "state": "TAS",
        "price": "3495",
        "price_per_unit": "2796",
        "price_unit": "ML"
      },
      {
        "state": "ACT",
        "price": "3495",
        "price_per_unit": "2796",
        "price_unit": "ML"
      },
      {
        "state": "NT",
        "price": "3495",
        "price_per_unit": "2796",
        "price_unit": "ML"
      }
    ]
  },
  {
    "source_url": "https://www.woolworths.com.au/shop/productdetails/1073918464/dope-skin-co-antioxidant-botanicals-kit-with-hemp",
    "name": "Dope Skin Co Antioxidant Botanicals Kit with Hemp",
    "image_url": "https://cdn1.woolworths.media/content/wowproductimages/large/1073918464.jpg",
    "source_id": "Woolworths - 1073918464",
    "barcode": null,
    "shop": "Woolworths",
    "weight": "1EA",
    "prices": [
      {
        "state": "NSW",
        "price": "17475",
        "price_per_unit": "3495",
        "price_unit": "EA"
      },
      {
        "state": "VIC",
        "price": "17475",
        "price_per_unit": "3495",
        "price_unit": "EA"
      },
      {
        "state": "QLD",
        "price": "17475",
        "price_per_unit": "3495",
        "price_unit": "EA"
      },
      {
        "state": "QLD",
        "price": "17475",
        "price_per_unit": "3495",
        "price_unit": "EA"
      },
      {
        "state": "WA",
        "price": "17475",
        "price_per_unit": "3495",
        "price_unit": "EA"
      },
      {
        "state": "SA",
        "price": "17475",
        "price_per_unit": "3495",
        "price_unit": "EA"
      },
      {
        "state": "TAS",
        "price": "17475",
        "price_per_unit": "3495",
        "price_unit": "EA"
      },
      {
        "state": "ACT",
        "price": "17475",
        "price_per_unit": "3495",
        "price_unit": "EA"
      },
      {
        "state": "NT",
        "price": "17475",
        "price_per_unit": "3495",
        "price_unit": "EA"
      }
    ]
  },
  {
    "source_url": "https://www.woolworths.com.au/shop/productdetails/1073918463/dope-skin-co-antioxidant-coco-clay-scrub-w-hemp-and-green-tea-70ml",
    "name": "Dope Skin Co Antioxidant Coco Clay Scrub w/ Hemp and Green Tea 70ml",
    "image_url": "https://cdn1.woolworths.media/content/wowproductimages/large/1073918463.jpg",
    "source_id": "Woolworths - 1073918463",
    "barcode": null,
    "shop": "Woolworths",
    "weight": "100ML",
    "prices": [
      {
        "state": "NSW",
        "price": "3495",
        "price_per_unit": "4993",
        "price_unit": "ML"
      },
      {
        "state": "VIC",
        "price": "3495",
        "price_per_unit": "4993",
        "price_unit": "ML"
      },
      {
        "state": "QLD",
        "price": "3495",
        "price_per_unit": "4993",
        "price_unit": "ML"
      },
      {
        "state": "WA",
        "price": "3495",
        "price_per_unit": "4993",
        "price_unit": "ML"
      },
      {
        "state": "SA",
        "price": "3495",
        "price_per_unit": "4993",
        "price_unit": "ML"
      },
      {
        "state": "TAS",
        "price": "3495",
        "price_per_unit": "4993",
        "price_unit": "ML"
      },
      {
        "state": "ACT",
        "price": "3495",
        "price_per_unit": "4993",
        "price_unit": "ML"
      },
      {
        "state": "NT",
        "price": "3495",
        "price_per_unit": "4993",
        "price_unit": "ML"
      }
    ]
  },
  {
    "source_url": "https://www.woolworths.com.au/shop/productdetails/1073918457/dope-skin-co-calming-collagen-tonic-w-hemp-and-hyaluronic-acid-125ml",
    "name": "Dope Skin Co Calming Collagen Tonic w/ Hemp and Hyaluronic Acid 125ml",
    "image_url": "https://cdn1.woolworths.media/content/wowproductimages/large/1073918457.jpg",
    "source_id": "Woolworths - 1073918457",
    "barcode": null,
    "shop": "Woolworths",
    "weight": "100ML",
    "prices": [
      {
        "state": "NSW",
        "price": "3995",
        "price_per_unit": "3196",
        "price_unit": "ML"
      },
      {
        "state": "VIC",
        "price": "3995",
        "price_per_unit": "3196",
        "price_unit": "ML"
      },
      {
        "state": "QLD",
        "price": "3995",
        "price_per_unit": "3196",
        "price_unit": "ML"
      },
      {
        "state": "WA",
        "price": "3995",
        "price_per_unit": "3196",
        "price_unit": "ML"
      },
      {
        "state": "SA",
        "price": "3995",
        "price_per_unit": "3196",
        "price_unit": "ML"
      },
      {
        "state": "TAS",
        "price": "3995",
        "price_per_unit": "3196",
        "price_unit": "ML"
      },
      {
        "state": "ACT",
        "price": "3995",
        "price_per_unit": "3196",
        "price_unit": "ML"
      },
      {
        "state": "NT",
        "price": "3995",
        "price_per_unit": "3196",
        "price_unit": "ML"
      }
    ]
  },
  {
    "source_url": "https://www.woolworths.com.au/shop/productdetails/1073918459/dope-skin-co-glow-tonic-w-hemp-and-niacinamide-125ml",
    "name": "Dope Skin Co Glow Tonic w/ Hemp and Niacinamide 125ml",
    "image_url": "https://cdn1.woolworths.media/content/wowproductimages/large/1073918459.jpg",
    "source_id": "Woolworths - 1073918459",
    "barcode": null,
    "shop": "Woolworths",
    "weight": "100ML",
    "prices": [
      {
        "state": "NSW",
        "price": "3995",
        "price_per_unit": "3196",
        "price_unit": "ML"
      },
      {
        "state": "VIC",
        "price": "3995",
        "price_per_unit": "3196",
        "price_unit": "ML"
      },
      {
        "state": "QLD",
        "price": "3995",
        "price_per_unit": "3196",
        "price_unit": "ML"
      },
      {
        "state": "WA",
        "price": "3995",
        "price_per_unit": "3196",
        "price_unit": "ML"
      },
      {
        "state": "SA",
        "price": "3995",
        "price_per_unit": "3196",
        "price_unit": "ML"
      },
      {
        "state": "TAS",
        "price": "3995",
        "price_per_unit": "3196",
        "price_unit": "ML"
      },
      {
        "state": "ACT",
        "price": "3995",
        "price_per_unit": "3196",
        "price_unit": "ML"
      },
      {
        "state": "NT",
        "price": "3995",
        "price_per_unit": "3196",
        "price_unit": "ML"
      }
    ]
  },
  {
    "source_url": "https://www.woolworths.com.au/shop/productdetails/1073918461/dope-skin-co-purify-nourish-kit-with-hemp",
    "name": "Dope Skin Co Purify + Nourish Kit with Hemp",
    "image_url": "https://cdn1.woolworths.media/content/wowproductimages/large/1073918461.jpg",
    "source_id": "Woolworths - 1073918461",
    "barcode": null,
    "shop": "Woolworths",
    "weight": "1EA",
    "prices": [
      {
        "state": "NSW",
        "price": "10485",
        "price_per_unit": "3495",
        "price_unit": "EA"
      },
      {
        "state": "VIC",
        "price": "10485",
        "price_per_unit": "3495",
        "price_unit": "EA"
      },
      {
        "state": "QLD",
        "price": "10485",
        "price_per_unit": "3495",
        "price_unit": "EA"
      },
      {
        "state": "WA",
        "price": "10485",
        "price_per_unit": "3495",
        "price_unit": "EA"
      },
      {
        "state": "SA",
        "price": "10485",
        "price_per_unit": "3495",
        "price_unit": "EA"
      },
      {
        "state": "TAS",
        "price": "10485",
        "price_per_unit": "3495",
        "price_unit": "EA"
      },
      {
        "state": "ACT",
        "price": "10485",
        "price_per_unit": "3495",
        "price_unit": "EA"
      },
      {
        "state": "NT",
        "price": "10485",
        "price_per_unit": "3495",
        "price_unit": "EA"
      }
    ]
  },
  {
    "source_url": "https://www.woolworths.com.au/shop/productdetails/1075467402/dove-men-care-oil-control-body-and-face-wash-100g",
    "name": "Dove Men Care Oil Control Body and Face Wash 100g",
    "image_url": "https://cdn1.woolworths.media/content/wowproductimages/large/1075467402.jpg",
    "source_id": "Woolworths - 1075467402",
    "barcode": null,
    "shop": "Woolworths",
    "weight": "100G",
    "prices": [
      {
        "state": "NSW",
        "price": "1699",
        "price_per_unit": "1699",
        "price_unit": "G"
      },
      {
        "state": "VIC",
        "price": "1699",
        "price_per_unit": "1699",
        "price_unit": "G"
      },
      {
        "state": "QLD",
        "price": "1699",
        "price_per_unit": "1699",
        "price_unit": "G"
      },
      {
        "state": "WA",
        "price": "1699",
        "price_per_unit": "1699",
        "price_unit": "G"
      },
      {
        "state": "SA",
        "price": "1699",
        "price_per_unit": "1699",
        "price_unit": "G"
      },
      {
        "state": "TAS",
        "price": "1699",
        "price_per_unit": "1699",
        "price_unit": "G"
      },
      {
        "state": "ACT",
        "price": "1699",
        "price_per_unit": "1699",
        "price_unit": "G"
      },
      {
        "state": "NT",
        "price": "1699",
        "price_per_unit": "1699",
        "price_unit": "G"
      }
    ]
  },
  {
    "source_url": "https://www.woolworths.com.au/shop/productdetails/1075462533/dove-men-care-oil-control-body-and-face-wash-100g-3pk",
    "name": "Dove Men Care Oil Control Body and Face Wash 100g 3pk",
    "image_url": "https://cdn1.woolworths.media/content/wowproductimages/large/1075462533.jpg",
    "source_id": "Woolworths - 1075462533",
    "barcode": null,
    "shop": "Woolworths",
    "weight": "1EA",
    "prices": [
      {
        "state": "NSW",
        "price": "2599",
        "price_per_unit": "866",
        "price_unit": "EA"
      },
      {
        "state": "VIC",
        "price": "2599",
        "price_per_unit": "866",
        "price_unit": "EA"
      },
      {
        "state": "QLD",
        "price": "2599",
        "price_per_unit": "866",
        "price_unit": "EA"
      },
      {
        "state": "WA",
        "price": "2599",
        "price_per_unit": "866",
        "price_unit": "EA"
      },
      {
        "state": "SA",
        "price": "2599",
        "price_per_unit": "866",
        "price_unit": "EA"
      },
      {
        "state": "TAS",
        "price": "2599",
        "price_per_unit": "866",
        "price_unit": "EA"
      },
      {
        "state": "ACT",
        "price": "2599",
        "price_per_unit": "866",
        "price_unit": "EA"
      },
      {
        "state": "NT",
        "price": "2599",
        "price_per_unit": "866",
        "price_unit": "EA"
      }
    ]
  },
  {
    "source_url": "https://www.woolworths.com.au/shop/productdetails/1075323160/dove-men-care-oil-control-body-and-face-wash-100g-6pk",
    "name": "Dove Men Care Oil Control Body and Face Wash 100g 6pk",
    "image_url": "https://cdn1.woolworths.media/content/wowproductimages/large/1075323160.jpg",
    "source_id": "Woolworths - 1075323160",
    "barcode": null,
    "shop": "Woolworths",
    "weight": "1EA",
    "prices": [
      {
        "state": "NSW",
        "price": "5099",
        "price_per_unit": "850",
        "price_unit": "EA"
      },
      {
        "state": "VIC",
        "price": "5099",
        "price_per_unit": "850",
        "price_unit": "EA"
      },
      {
        "state": "QLD",
        "price": "5099",
        "price_per_unit": "850",
        "price_unit": "EA"
      },
      {
        "state": "WA",
        "price": "5099",
        "price_per_unit": "850",
        "price_unit": "EA"
      },
      {
        "state": "SA",
        "price": "5099",
        "price_per_unit": "850",
        "price_unit": "EA"
      },
      {
        "state": "TAS",
        "price": "5099",
        "price_per_unit": "850",
        "price_unit": "EA"
      },
      {
        "state": "ACT",
        "price": "5099",
        "price_per_unit": "850",
        "price_unit": "EA"
      },
      {
        "state": "NT",
        "price": "5099",
        "price_per_unit": "850",
        "price_unit": "EA"
      }
    ]
  },
  {
    "source_url": "https://www.woolworths.com.au/shop/productdetails/1074373910/dr-dennis-gross-alpha-beta-peel-extra-strength-daily-peel-30-packettes",
    "name": "Dr Dennis Gross Alpha Beta Peel Extra Strength Daily Peel 30 Packettes",
    "image_url": "https://cdn1.woolworths.media/content/wowproductimages/large/1074373910.jpg",
    "source_id": "Woolworths - 1074373910",
    "barcode": null,
    "shop": "Woolworths",
    "weight": "1EA",
    "prices": [
      {
        "state": "NSW",
        "price": "12900",
        "price_per_unit": "12900",
        "price_unit": "EA"
      },
      {
        "state": "VIC",
        "price": "12900",
        "price_per_unit": "12900",
        "price_unit": "EA"
      },
      {
        "state": "QLD",
        "price": "12900",
        "price_per_unit": "12900",
        "price_unit": "EA"
      },
      {
        "state": "WA",
        "price": "12900",
        "price_per_unit": "12900",
        "price_unit": "EA"
      },
      {
        "state": "SA",
        "price": "12900",
        "price_per_unit": "12900",
        "price_unit": "EA"
      },
      {
        "state": "TAS",
        "price": "12900",
        "price_per_unit": "12900",
        "price_unit": "EA"
      },
      {
        "state": "ACT",
        "price": "12900",
        "price_per_unit": "12900",
        "price_unit": "EA"
      },
      {
        "state": "NT",
        "price": "12900",
        "price_per_unit": "12900",
        "price_unit": "EA"
      }
    ]
  },
  {
    "source_url": "https://www.woolworths.com.au/shop/productdetails/1074372942/dr-dennis-gross-alpha-beta-peel-extra-strength-daily-peel-60-packettes",
    "name": "Dr Dennis Gross Alpha Beta Peel Extra Strength Daily Peel 60 Packettes",
    "image_url": "https://cdn1.woolworths.media/content/wowproductimages/large/1074372942.jpg",
    "source_id": "Woolworths - 1074372942",
    "barcode": null,
    "shop": "Woolworths",
    "weight": "1EA",
    "prices": [
      {
        "state": "NSW",
        "price": "19900",
        "price_per_unit": "19900",
        "price_unit": "EA"
      },
      {
        "state": "VIC",
        "price": "19900",
        "price_per_unit": "19900",
        "price_unit": "EA"
      },
      {
        "state": "QLD",
        "price": "19900",
        "price_per_unit": "19900",
        "price_unit": "EA"
      },
      {
        "state": "WA",
        "price": "19900",
        "price_per_unit": "19900",
        "price_unit": "EA"
      },
      {
        "state": "SA",
        "price": "19900",
        "price_per_unit": "19900",
        "price_unit": "EA"
      },
      {
        "state": "TAS",
        "price": "19900",
        "price_per_unit": "19900",
        "price_unit": "EA"
      },
      {
        "state": "ACT",
        "price": "19900",
        "price_per_unit": "19900",
        "price_unit": "EA"
      },
      {
        "state": "NT",
        "price": "19900",
        "price_per_unit": "19900",
        "price_unit": "EA"
      }
    ]
  },
  {
    "source_url": "https://www.woolworths.com.au/shop/productdetails/1074373728/dr-dennis-gross-alpha-beta-pore-perfecting-cleansing-gel-225ml",
    "name": "Dr Dennis Gross Alpha Beta Pore Perfecting Cleansing Gel 225mL",
    "image_url": "https://cdn1.woolworths.media/content/wowproductimages/large/1074373728.jpg",
    "source_id": "Woolworths - 1074373728",
    "barcode": null,
    "shop": "Woolworths",
    "weight": "1EA",
    "prices": [
      {
        "state": "NSW",
        "price": "7000",
        "price_per_unit": "7000",
        "price_unit": "EA"
      },
      {
        "state": "VIC",
        "price": "7000",
        "price_per_unit": "7000",
        "price_unit": "EA"
      },
      {
        "state": "QLD",
        "price": "7000",
        "price_per_unit": "7000",
        "price_unit": "EA"
      },
      {
        "state": "WA",
        "price": "7000",
        "price_per_unit": "7000",
        "price_unit": "EA"
      },
      {
        "state": "SA",
        "price": "7000",
        "price_per_unit": "7000",
        "price_unit": "EA"
      },
      {
        "state": "TAS",
        "price": "7000",
        "price_per_unit": "7000",
        "price_unit": "EA"
      },
      {
        "state": "ACT",
        "price": "7000",
        "price_per_unit": "7000",
        "price_unit": "EA"
      },
      {
        "state": "NT",
        "price": "7000",
        "price_per_unit": "7000",
        "price_unit": "EA"
      }
    ]
  },
  {
    "source_url": "https://www.woolworths.com.au/shop/productdetails/1074372932/dr-dennis-gross-alpha-beta-ultra-gentle-daily-peel-30-packettes",
    "name": "Dr Dennis Gross Alpha Beta Ultra Gentle Daily Peel 30 Packettes",
    "image_url": "https://cdn1.woolworths.media/content/wowproductimages/large/1074372932.jpg",
    "source_id": "Woolworths - 1074372932",
    "barcode": null,
    "shop": "Woolworths",
    "weight": "1EA",
    "prices": [
      {
        "state": "NSW",
        "price": "13400",
        "price_per_unit": "13400",
        "price_unit": "EA"
      },
      {
        "state": "VIC",
        "price": "13400",
        "price_per_unit": "13400",
        "price_unit": "EA"
      },
      {
        "state": "QLD",
        "price": "13400",
        "price_per_unit": "13400",
        "price_unit": "EA"
      },
      {
        "state": "WA",
        "price": "13400",
        "price_per_unit": "13400",
        "price_unit": "EA"
      },
      {
        "state": "SA",
        "price": "13400",
        "price_per_unit": "13400",
        "price_unit": "EA"
      },
      {
        "state": "TAS",
        "price": "13400",
        "price_per_unit": "13400",
        "price_unit": "EA"
      },
      {
        "state": "ACT",
        "price": "13400",
        "price_per_unit": "13400",
        "price_unit": "EA"
      },
      {
        "state": "NT",
        "price": "13400",
        "price_per_unit": "13400",
        "price_unit": "EA"
      }
    ]
  },
  {
    "source_url": "https://www.woolworths.com.au/shop/productdetails/1074373976/dr-dennis-gross-alpha-beta-universal-daily-peel-30-packettes",
    "name": "Dr Dennis Gross Alpha Beta Universal Daily Peel 30 Packettes",
    "image_url": "https://cdn1.woolworths.media/content/wowproductimages/large/1074373976.jpg",
    "source_id": "Woolworths - 1074373976",
    "barcode": null,
    "shop": "Woolworths",
    "weight": "1EA",
    "prices": [
      {
        "state": "NSW",
        "price": "13400",
        "price_per_unit": "13400",
        "price_unit": "EA"
      },
      {
        "state": "VIC",
        "price": "13400",
        "price_per_unit": "13400",
        "price_unit": "EA"
      },
      {
        "state": "QLD",
        "price": "13400",
        "price_per_unit": "13400",
        "price_unit": "EA"
      },
      {
        "state": "WA",
        "price": "13400",
        "price_per_unit": "13400",
        "price_unit": "EA"
      },
      {
        "state": "SA",
        "price": "13400",
        "price_per_unit": "13400",
        "price_unit": "EA"
      },
      {
        "state": "TAS",
        "price": "13400",
        "price_per_unit": "13400",
        "price_unit": "EA"
      },
      {
        "state": "ACT",
        "price": "13400",
        "price_per_unit": "13400",
        "price_unit": "EA"
      },
      {
        "state": "NT",
        "price": "13400",
        "price_per_unit": "13400",
        "price_unit": "EA"
      }
    ]
  },
  {
    "source_url": "https://www.woolworths.com.au/shop/productdetails/1074373899/dr-dennis-gross-alpha-beta-universal-daily-peel-60-packettes",
    "name": "Dr Dennis Gross Alpha Beta Universal Daily Peel 60 Packettes",
    "image_url": "https://cdn1.woolworths.media/content/wowproductimages/large/1074373899.jpg",
    "source_id": "Woolworths - 1074373899",
    "barcode": null,
    "shop": "Woolworths",
    "weight": "1EA",
    "prices": [
      {
        "state": "NSW",
        "price": "19900",
        "price_per_unit": "19900",
        "price_unit": "EA"
      },
      {
        "state": "VIC",
        "price": "19900",
        "price_per_unit": "19900",
        "price_unit": "EA"
      },
      {
        "state": "QLD",
        "price": "19900",
        "price_per_unit": "19900",
        "price_unit": "EA"
      },
      {
        "state": "WA",
        "price": "19900",
        "price_per_unit": "19900",
        "price_unit": "EA"
      },
      {
        "state": "SA",
        "price": "19900",
        "price_per_unit": "19900",
        "price_unit": "EA"
      },
      {
        "state": "TAS",
        "price": "19900",
        "price_per_unit": "19900",
        "price_unit": "EA"
      },
      {
        "state": "ACT",
        "price": "19900",
        "price_per_unit": "19900",
        "price_unit": "EA"
      },
      {
        "state": "NT",
        "price": "19900",
        "price_per_unit": "19900",
        "price_unit": "EA"
      }
    ]
  },
  {
    "source_url": "https://www.woolworths.com.au/shop/productdetails/1075593317/dr-dennis-gross-hyaluronic-marine-meltaway-cleanser-150ml-5oz",
    "name": "Dr Dennis Gross Hyaluronic Marine Meltaway Cleanser 150ml/5oz",
    "image_url": "https://cdn1.woolworths.media/content/wowproductimages/large/1075593317.jpg",
    "source_id": "Woolworths - 1075593317",
    "barcode": null,
    "shop": "Woolworths",
    "weight": "100ML",
    "prices": [
      {
        "state": "NSW",
        "price": "5700",
        "price_per_unit": "3800",
        "price_unit": "ML"
      },
      {
        "state": "VIC",
        "price": "5700",
        "price_per_unit": "3800",
        "price_unit": "ML"
      },
      {
        "state": "QLD",
        "price": "5700",
        "price_per_unit": "3800",
        "price_unit": "ML"
      },
      {
        "state": "WA",
        "price": "5700",
        "price_per_unit": "3800",
        "price_unit": "ML"
      },
      {
        "state": "SA",
        "price": "5700",
        "price_per_unit": "3800",
        "price_unit": "ML"
      },
      {
        "state": "TAS",
        "price": "5700",
        "price_per_unit": "3800",
        "price_unit": "ML"
      },
      {
        "state": "ACT",
        "price": "5700",
        "price_per_unit": "3800",
        "price_unit": "ML"
      },
      {
        "state": "NT",
        "price": "5700",
        "price_per_unit": "3800",
        "price_unit": "ML"
      }
    ]
  },
  {
    "source_url": "https://www.woolworths.com.au/shop/productdetails/1075480345/dr-lewinns-facial-polishing-gel-gentle-exfoliant-150g",
    "name": "Dr Lewinns Facial Polishing Gel Gentle Exfoliant 150g",
    "image_url": "https://cdn1.woolworths.media/content/wowproductimages/large/1075480345.jpg",
    "source_id": "Woolworths - 1075480345",
    "barcode": null,
    "shop": "Woolworths",
    "weight": "100G",
    "prices": [
      {
        "state": "NSW",
        "price": "3695",
        "price_per_unit": "2463",
        "price_unit": "G"
      },
      {
        "state": "VIC",
        "price": "3695",
        "price_per_unit": "2463",
        "price_unit": "G"
      },
      {
        "state": "QLD",
        "price": "3695",
        "price_per_unit": "2463",
        "price_unit": "G"
      },
      {
        "state": "WA",
        "price": "3695",
        "price_per_unit": "2463",
        "price_unit": "G"
      },
      {
        "state": "SA",
        "price": "3695",
        "price_per_unit": "2463",
        "price_unit": "G"
      },
      {
        "state": "TAS",
        "price": "3695",
        "price_per_unit": "2463",
        "price_unit": "G"
      },
      {
        "state": "ACT",
        "price": "3695",
        "price_per_unit": "2463",
        "price_unit": "G"
      },
      {
        "state": "NT",
        "price": "3695",
        "price_per_unit": "2463",
        "price_unit": "G"
      }
    ]
  },
  {
    "source_url": "https://www.woolworths.com.au/shop/productdetails/1075481122/dr-lewinns-private-formula-gentle-cream-cleanser-120ml",
    "name": "Dr Lewinns Private Formula Gentle Cream Cleanser 120ml",
    "image_url": "https://cdn1.woolworths.media/content/wowproductimages/large/1075481122.jpg",
    "source_id": "Woolworths - 1075481122",
    "barcode": null,
    "shop": "Woolworths",
    "weight": "100ML",
    "prices": [
      {
        "state": "NSW",
        "price": "1996",
        "price_per_unit": "1663",
        "price_unit": "ML"
      },
      {
        "state": "VIC",
        "price": "1996",
        "price_per_unit": "1663",
        "price_unit": "ML"
      },
      {
        "state": "QLD",
        "price": "1996",
        "price_per_unit": "1663",
        "price_unit": "ML"
      },
      {
        "state": "WA",
        "price": "1996",
        "price_per_unit": "1663",
        "price_unit": "ML"
      },
      {
        "state": "SA",
        "price": "1996",
        "price_per_unit": "1663",
        "price_unit": "ML"
      },
      {
        "state": "TAS",
        "price": "1996",
        "price_per_unit": "1663",
        "price_unit": "ML"
      },
      {
        "state": "ACT",
        "price": "1996",
        "price_per_unit": "1663",
        "price_unit": "ML"
      },
      {
        "state": "NT",
        "price": "1996",
        "price_per_unit": "1663",
        "price_unit": "ML"
      }
    ]
  },
  {
    "source_url": "https://www.woolworths.com.au/shop/productdetails/1075479522/dr-lewinns-private-formula-refining-toner-120ml",
    "name": "Dr Lewinns Private Formula Refining Toner 120ml",
    "image_url": "https://cdn1.woolworths.media/content/wowproductimages/large/1075479522.jpg",
    "source_id": "Woolworths - 1075479522",
    "barcode": null,
    "shop": "Woolworths",
    "weight": "100ML",
    "prices": [
      {
        "state": "NSW",
        "price": "1996",
        "price_per_unit": "1663",
        "price_unit": "ML"
      },
      {
        "state": "VIC",
        "price": "1996",
        "price_per_unit": "1663",
        "price_unit": "ML"
      },
      {
        "state": "QLD",
        "price": "1996",
        "price_per_unit": "1663",
        "price_unit": "ML"
      },
      {
        "state": "WA",
        "price": "1996",
        "price_per_unit": "1663",
        "price_unit": "ML"
      },
      {
        "state": "SA",
        "price": "1996",
        "price_per_unit": "1663",
        "price_unit": "ML"
      },
      {
        "state": "TAS",
        "price": "1996",
        "price_per_unit": "1663",
        "price_unit": "ML"
      },
      {
        "state": "ACT",
        "price": "1996",
        "price_per_unit": "1663",
        "price_unit": "ML"
      },
      {
        "state": "NT",
        "price": "1996",
        "price_per_unit": "1663",
        "price_unit": "ML"
      }
    ]
  },
  {
    "source_url": "https://www.woolworths.com.au/shop/productdetails/1075478416/dr-lewinns-private-formula-sensitive-cleansing-milk-120ml",
    "name": "Dr Lewinns Private Formula Sensitive Cleansing Milk 120ml",
    "image_url": "https://cdn1.woolworths.media/content/wowproductimages/large/1075478416.jpg",
    "source_id": "Woolworths - 1075478416",
    "barcode": null,
    "shop": "Woolworths",
    "weight": "100ML",
    "prices": [
      {
        "state": "NSW",
        "price": "1996",
        "price_per_unit": "1663",
        "price_unit": "ML"
      },
      {
        "state": "VIC",
        "price": "1996",
        "price_per_unit": "1663",
        "price_unit": "ML"
      },
      {
        "state": "QLD",
        "price": "1996",
        "price_per_unit": "1663",
        "price_unit": "ML"
      },
      {
        "state": "WA",
        "price": "1996",
        "price_per_unit": "1663",
        "price_unit": "ML"
      },
      {
        "state": "SA",
        "price": "1996",
        "price_per_unit": "1663",
        "price_unit": "ML"
      },
      {
        "state": "TAS",
        "price": "1996",
        "price_per_unit": "1663",
        "price_unit": "ML"
      },
      {
        "state": "ACT",
        "price": "1996",
        "price_per_unit": "1663",
        "price_unit": "ML"
      },
      {
        "state": "NT",
        "price": "1996",
        "price_per_unit": "1663",
        "price_unit": "ML"
      }
    ]
  },
  {
    "source_url": "https://www.woolworths.com.au/shop/productdetails/1075345863/dr-organic-charcoal-face-scrub-125ml",
    "name": "Dr Organic Charcoal Face Scrub 125ml",
    "image_url": "https://cdn1.woolworths.media/content/wowproductimages/large/1075345863.jpg",
    "source_id": "Woolworths - 1075345863",
    "barcode": null,
    "shop": "Woolworths",
    "weight": "100ML",
    "prices": [
      {
        "state": "NSW",
        "price": "1356",
        "price_per_unit": "1085",
        "price_unit": "ML"
      },
      {
        "state": "VIC",
        "price": "1356",
        "price_per_unit": "1085",
        "price_unit": "ML"
      },
      {
        "state": "QLD",
        "price": "1356",
        "price_per_unit": "1085",
        "price_unit": "ML"
      },
      {
        "state": "WA",
        "price": "1356",
        "price_per_unit": "1085",
        "price_unit": "ML"
      },
      {
        "state": "SA",
        "price": "1356",
        "price_per_unit": "1085",
        "price_unit": "ML"
      },
      {
        "state": "TAS",
        "price": "1356",
        "price_per_unit": "1085",
        "price_unit": "ML"
      },
      {
        "state": "ACT",
        "price": "1356",
        "price_per_unit": "1085",
        "price_unit": "ML"
      },
      {
        "state": "NT",
        "price": "1356",
        "price_per_unit": "1085",
        "price_unit": "ML"
      }
    ]
  },
  {
    "source_url": "https://www.woolworths.com.au/shop/productdetails/1075341038/dr-organic-charcoal-face-wash-200ml",
    "name": "Dr Organic Charcoal Face Wash 200ml",
    "image_url": "https://cdn1.woolworths.media/content/wowproductimages/large/1075341038.jpg",
    "source_id": "Woolworths - 1075341038",
    "barcode": null,
    "shop": "Woolworths",
    "weight": "100ML",
    "prices": [
      {
        "state": "NSW",
        "price": "1356",
        "price_per_unit": "678",
        "price_unit": "ML"
      },
      {
        "state": "VIC",
        "price": "1356",
        "price_per_unit": "678",
        "price_unit": "ML"
      },
      {
        "state": "QLD",
        "price": "1356",
        "price_per_unit": "678",
        "price_unit": "ML"
      },
      {
        "state": "WA",
        "price": "1356",
        "price_per_unit": "678",
        "price_unit": "ML"
      },
      {
        "state": "SA",
        "price": "1356",
        "price_per_unit": "678",
        "price_unit": "ML"
      },
      {
        "state": "TAS",
        "price": "1356",
        "price_per_unit": "678",
        "price_unit": "ML"
      },
      {
        "state": "ACT",
        "price": "1356",
        "price_per_unit": "678",
        "price_unit": "ML"
      },
      {
        "state": "NT",
        "price": "1356",
        "price_per_unit": "678",
        "price_unit": "ML"
      }
    ]
  },
  {
    "source_url": "https://www.woolworths.com.au/shop/productdetails/1075720560/dr-organic-deep-cleansing-face-wash-skin-clear-125ml",
    "name": "Dr Organic Deep Cleansing Face Wash Skin Clear 125ml",
    "image_url": "https://cdn1.woolworths.media/content/wowproductimages/large/1075720560.jpg",
    "source_id": "Woolworths - 1075720560",
    "barcode": null,
    "shop": "Woolworths",
    "weight": "100ML",
    "prices": [
      {
        "state": "NSW",
        "price": "6270",
        "price_per_unit": "5016",
        "price_unit": "ML"
      },
      {
        "state": "VIC",
        "price": "6270",
        "price_per_unit": "5016",
        "price_unit": "ML"
      },
      {
        "state": "QLD",
        "price": "6270",
        "price_per_unit": "5016",
        "price_unit": "ML"
      },
      {
        "state": "WA",
        "price": "6270",
        "price_per_unit": "5016",
        "price_unit": "ML"
      },
      {
        "state": "SA",
        "price": "6270",
        "price_per_unit": "5016",
        "price_unit": "ML"
      },
      {
        "state": "TAS",
        "price": "6270",
        "price_per_unit": "5016",
        "price_unit": "ML"
      },
      {
        "state": "ACT",
        "price": "6270",
        "price_per_unit": "5016",
        "price_unit": "ML"
      },
      {
        "state": "NT",
        "price": "6270",
        "price_per_unit": "5016",
        "price_unit": "ML"
      }
    ]
  },
  {
    "source_url": "https://www.woolworths.com.au/shop/productdetails/1075720561/dr-organic-exfoliating-face-scrub-skin-clear-tea-tree-150ml",
    "name": "Dr Organic Exfoliating Face Scrub Skin Clear Tea Tree 150ml",
    "image_url": "https://cdn1.woolworths.media/content/wowproductimages/large/1075720561.jpg",
    "source_id": "Woolworths - 1075720561",
    "barcode": null,
    "shop": "Woolworths",
    "weight": "100ML",
    "prices": [
      {
        "state": "NSW",
        "price": "6270",
        "price_per_unit": "4180",
        "price_unit": "ML"
      },
      {
        "state": "VIC",
        "price": "6270",
        "price_per_unit": "4180",
        "price_unit": "ML"
      },
      {
        "state": "QLD",
        "price": "6270",
        "price_per_unit": "4180",
        "price_unit": "ML"
      },
      {
        "state": "WA",
        "price": "6270",
        "price_per_unit": "4180",
        "price_unit": "ML"
      },
      {
        "state": "SA",
        "price": "6270",
        "price_per_unit": "4180",
        "price_unit": "ML"
      },
      {
        "state": "TAS",
        "price": "6270",
        "price_per_unit": "4180",
        "price_unit": "ML"
      },
      {
        "state": "ACT",
        "price": "6270",
        "price_per_unit": "4180",
        "price_unit": "ML"
      },
      {
        "state": "NT",
        "price": "6270",
        "price_per_unit": "4180",
        "price_unit": "ML"
      }
    ]
  },
  {
    "source_url": "https://www.woolworths.com.au/shop/productdetails/1075720562/dr-organic-exfoliating-face-wash-organic-guava-150ml",
    "name": "Dr Organic Exfoliating Face Wash Organic Guava 150ml",
    "image_url": "https://cdn1.woolworths.media/content/wowproductimages/large/1075720562.jpg",
    "source_id": "Woolworths - 1075720562",
    "barcode": null,
    "shop": "Woolworths",
    "weight": "100ML",
    "prices": [
      {
        "state": "NSW",
        "price": "6270",
        "price_per_unit": "4180",
        "price_unit": "ML"
      },
      {
        "state": "VIC",
        "price": "6270",
        "price_per_unit": "4180",
        "price_unit": "ML"
      },
      {
        "state": "QLD",
        "price": "6270",
        "price_per_unit": "4180",
        "price_unit": "ML"
      },
      {
        "state": "WA",
        "price": "6270",
        "price_per_unit": "4180",
        "price_unit": "ML"
      },
      {
        "state": "SA",
        "price": "6270",
        "price_per_unit": "4180",
        "price_unit": "ML"
      },
      {
        "state": "TAS",
        "price": "6270",
        "price_per_unit": "4180",
        "price_unit": "ML"
      },
      {
        "state": "ACT",
        "price": "6270",
        "price_per_unit": "4180",
        "price_unit": "ML"
      },
      {
        "state": "NT",
        "price": "6270",
        "price_per_unit": "4180",
        "price_unit": "ML"
      }
    ]
  },
  {
    "source_url": "https://www.woolworths.com.au/shop/productdetails/1075720569/dr-organic-face-scrub-charcoal-125ml",
    "name": "Dr Organic Face Scrub Charcoal 125ml",
    "image_url": "https://cdn1.woolworths.media/content/wowproductimages/large/1075720569.jpg",
    "source_id": "Woolworths - 1075720569",
    "barcode": null,
    "shop": "Woolworths",
    "weight": "100ML",
    "prices": [
      {
        "state": "NSW",
        "price": "6270",
        "price_per_unit": "5016",
        "price_unit": "ML"
      },
      {
        "state": "VIC",
        "price": "6270",
        "price_per_unit": "5016",
        "price_unit": "ML"
      },
      {
        "state": "QLD",
        "price": "6270",
        "price_per_unit": "5016",
        "price_unit": "ML"
      },
      {
        "state": "WA",
        "price": "6270",
        "price_per_unit": "5016",
        "price_unit": "ML"
      },
      {
        "state": "SA",
        "price": "6270",
        "price_per_unit": "5016",
        "price_unit": "ML"
      },
      {
        "state": "TAS",
        "price": "6270",
        "price_per_unit": "5016",
        "price_unit": "ML"
      },
      {
        "state": "ACT",
        "price": "6270",
        "price_per_unit": "5016",
        "price_unit": "ML"
      },
      {
        "state": "NT",
        "price": "6270",
        "price_per_unit": "5016",
        "price_unit": "ML"
      }
    ]
  },
  {
    "source_url": "https://www.woolworths.com.au/shop/productdetails/1075720570/dr-organic-face-scrub-manuka-honey-125ml",
    "name": "Dr Organic Face Scrub Manuka Honey 125ml",
    "image_url": "https://cdn1.woolworths.media/content/wowproductimages/large/1075720570.jpg",
    "source_id": "Woolworths - 1075720570",
    "barcode": null,
    "shop": "Woolworths",
    "weight": "100ML",
    "prices": [
      {
        "state": "NSW",
        "price": "6270",
        "price_per_unit": "5016",
        "price_unit": "ML"
      },
      {
        "state": "VIC",
        "price": "6270",
        "price_per_unit": "5016",
        "price_unit": "ML"
      },
      {
        "state": "QLD",
        "price": "6270",
        "price_per_unit": "5016",
        "price_unit": "ML"
      },
      {
        "state": "WA",
        "price": "6270",
        "price_per_unit": "5016",
        "price_unit": "ML"
      },
      {
        "state": "SA",
        "price": "6270",
        "price_per_unit": "5016",
        "price_unit": "ML"
      },
      {
        "state": "TAS",
        "price": "6270",
        "price_per_unit": "5016",
        "price_unit": "ML"
      },
      {
        "state": "ACT",
        "price": "6270",
        "price_per_unit": "5016",
        "price_unit": "ML"
      },
      {
        "state": "NT",
        "price": "6270",
        "price_per_unit": "5016",
        "price_unit": "ML"
      }
    ]
  },
  {
    "source_url": "https://www.woolworths.com.au/shop/productdetails/1075720571/dr-organic-face-scrub-rose-otto-125ml",
    "name": "Dr Organic Face Scrub Rose Otto 125ml",
    "image_url": "https://cdn1.woolworths.media/content/wowproductimages/large/1075720571.jpg",
    "source_id": "Woolworths - 1075720571",
    "barcode": null,
    "shop": "Woolworths",
    "weight": "100ML",
    "prices": [
      {
        "state": "NSW",
        "price": "6380",
        "price_per_unit": "5104",
        "price_unit": "ML"
      },
      {
        "state": "VIC",
        "price": "6380",
        "price_per_unit": "5104",
        "price_unit": "ML"
      },
      {
        "state": "QLD",
        "price": "6380",
        "price_per_unit": "5104",
        "price_unit": "ML"
      },
      {
        "state": "WA",
        "price": "6380",
        "price_per_unit": "5104",
        "price_unit": "ML"
      },
      {
        "state": "SA",
        "price": "6380",
        "price_per_unit": "5104",
        "price_unit": "ML"
      },
      {
        "state": "TAS",
        "price": "6380",
        "price_per_unit": "5104",
        "price_unit": "ML"
      },
      {
        "state": "ACT",
        "price": "6380",
        "price_per_unit": "5104",
        "price_unit": "ML"
      },
      {
        "state": "NT",
        "price": "6380",
        "price_per_unit": "5104",
        "price_unit": "ML"
      }
    ]
  },
  {
    "source_url": "https://www.woolworths.com.au/shop/productdetails/1075720574/dr-organic-face-wash-moroccan-argan-oil-150ml",
    "name": "Dr Organic Face Wash Moroccan Argan Oil 150ml",
    "image_url": "https://cdn1.woolworths.media/content/wowproductimages/large/1075720574.jpg",
    "source_id": "Woolworths - 1075720574",
    "barcode": null,
    "shop": "Woolworths",
    "weight": "100ML",
    "prices": [
      {
        "state": "NSW",
        "price": "6600",
        "price_per_unit": "4400",
        "price_unit": "ML"
      },
      {
        "state": "VIC",
        "price": "6600",
        "price_per_unit": "4400",
        "price_unit": "ML"
      },
      {
        "state": "QLD",
        "price": "6600",
        "price_per_unit": "4400",
        "price_unit": "ML"
      },
      {
        "state": "WA",
        "price": "6600",
        "price_per_unit": "4400",
        "price_unit": "ML"
      },
      {
        "state": "SA",
        "price": "6600",
        "price_per_unit": "4400",
        "price_unit": "ML"
      },
      {
        "state": "TAS",
        "price": "6600",
        "price_per_unit": "4400",
        "price_unit": "ML"
      },
      {
        "state": "ACT",
        "price": "6600",
        "price_per_unit": "4400",
        "price_unit": "ML"
      },
      {
        "state": "NT",
        "price": "6600",
        "price_per_unit": "4400",
        "price_unit": "ML"
      }
    ]
  },
  {
    "source_url": "https://www.woolworths.com.au/shop/productdetails/1075720575/dr-organic-face-wash-rose-otto-150ml",
    "name": "Dr Organic Face Wash Rose Otto 150ml",
    "image_url": "https://cdn1.woolworths.media/content/wowproductimages/large/1075720575.jpg",
    "source_id": "Woolworths - 1075720575",
    "barcode": null,
    "shop": "Woolworths",
    "weight": "100ML",
    "prices": [
      {
        "state": "NSW",
        "price": "6270",
        "price_per_unit": "4180",
        "price_unit": "ML"
      },
      {
        "state": "VIC",
        "price": "6270",
        "price_per_unit": "4180",
        "price_unit": "ML"
      },
      {
        "state": "QLD",
        "price": "6270",
        "price_per_unit": "4180",
        "price_unit": "ML"
      },
      {
        "state": "WA",
        "price": "6270",
        "price_per_unit": "4180",
        "price_unit": "ML"
      },
      {
        "state": "SA",
        "price": "6270",
        "price_per_unit": "4180",
        "price_unit": "ML"
      },
      {
        "state": "TAS",
        "price": "6270",
        "price_per_unit": "4180",
        "price_unit": "ML"
      },
      {
        "state": "ACT",
        "price": "6270",
        "price_per_unit": "4180",
        "price_unit": "ML"
      },
      {
        "state": "NT",
        "price": "6270",
        "price_per_unit": "4180",
        "price_unit": "ML"
      }
    ]
  },
  {
    "source_url": "https://www.woolworths.com.au/shop/productdetails/1075478348/dr-organic-manuka-honey-face-scrub-125ml",
    "name": "Dr Organic Manuka Honey Face Scrub 125ml",
    "image_url": "https://cdn1.woolworths.media/content/wowproductimages/large/1075478348.jpg",
    "source_id": "Woolworths - 1075478348",
    "barcode": null,
    "shop": "Woolworths",
    "weight": "100ML",
    "prices": [
      {
        "state": "NSW",
        "price": "1121",
        "price_per_unit": "897",
        "price_unit": "ML"
      },
      {
        "state": "VIC",
        "price": "1121",
        "price_per_unit": "897",
        "price_unit": "ML"
      },
      {
        "state": "QLD",
        "price": "1121",
        "price_per_unit": "897",
        "price_unit": "ML"
      },
      {
        "state": "WA",
        "price": "1121",
        "price_per_unit": "897",
        "price_unit": "ML"
      },
      {
        "state": "SA",
        "price": "1121",
        "price_per_unit": "897",
        "price_unit": "ML"
      },
      {
        "state": "TAS",
        "price": "1121",
        "price_per_unit": "897",
        "price_unit": "ML"
      },
      {
        "state": "ACT",
        "price": "1121",
        "price_per_unit": "897",
        "price_unit": "ML"
      },
      {
        "state": "NT",
        "price": "1121",
        "price_per_unit": "897",
        "price_unit": "ML"
      }
    ]
  },
  {
    "source_url": "https://www.woolworths.com.au/shop/productdetails/1075481309/dr-organic-manuka-honey-face-wash-150ml",
    "name": "Dr Organic Manuka Honey Face Wash 150ml",
    "image_url": "https://cdn1.woolworths.media/content/wowproductimages/large/1075481309.jpg",
    "source_id": "Woolworths - 1075481309",
    "barcode": null,
    "shop": "Woolworths",
    "weight": "100ML",
    "prices": [
      {
        "state": "NSW",
        "price": "1356",
        "price_per_unit": "904",
        "price_unit": "ML"
      },
      {
        "state": "VIC",
        "price": "1356",
        "price_per_unit": "904",
        "price_unit": "ML"
      },
      {
        "state": "QLD",
        "price": "1356",
        "price_per_unit": "904",
        "price_unit": "ML"
      },
      {
        "state": "WA",
        "price": "1356",
        "price_per_unit": "904",
        "price_unit": "ML"
      },
      {
        "state": "SA",
        "price": "1356",
        "price_per_unit": "904",
        "price_unit": "ML"
      },
      {
        "state": "TAS",
        "price": "1356",
        "price_per_unit": "904",
        "price_unit": "ML"
      },
      {
        "state": "ACT",
        "price": "1356",
        "price_per_unit": "904",
        "price_unit": "ML"
      },
      {
        "state": "NT",
        "price": "1356",
        "price_per_unit": "904",
        "price_unit": "ML"
      }
    ]
  },
  {
    "source_url": "https://www.woolworths.com.au/shop/productdetails/1075344708/dr-organic-organic-skin-clear-deep-cleansing-face-wash-125ml",
    "name": "Dr Organic Organic Skin Clear Deep Cleansing Face Wash 125ml",
    "image_url": "https://cdn1.woolworths.media/content/wowproductimages/large/1075344708.jpg",
    "source_id": "Woolworths - 1075344708",
    "barcode": null,
    "shop": "Woolworths",
    "weight": "100ML",
    "prices": [
      {
        "state": "NSW",
        "price": "1356",
        "price_per_unit": "1085",
        "price_unit": "ML"
      },
      {
        "state": "VIC",
        "price": "1356",
        "price_per_unit": "1085",
        "price_unit": "ML"
      },
      {
        "state": "QLD",
        "price": "1356",
        "price_per_unit": "1085",
        "price_unit": "ML"
      },
      {
        "state": "WA",
        "price": "1356",
        "price_per_unit": "1085",
        "price_unit": "ML"
      },
      {
        "state": "SA",
        "price": "1356",
        "price_per_unit": "1085",
        "price_unit": "ML"
      },
      {
        "state": "TAS",
        "price": "1356",
        "price_per_unit": "1085",
        "price_unit": "ML"
      },
      {
        "state": "ACT",
        "price": "1356",
        "price_per_unit": "1085",
        "price_unit": "ML"
      },
      {
        "state": "NT",
        "price": "1356",
        "price_per_unit": "1085",
        "price_unit": "ML"
      }
    ]
  },
  {
    "source_url": "https://www.woolworths.com.au/shop/productdetails/1075720598/dr-organic-purifying-toner-skin-clear-organic-tea-tree-200ml",
    "name": "Dr Organic Purifying Toner Skin Clear Organic Tea Tree 200ml",
    "image_url": "https://cdn1.woolworths.media/content/wowproductimages/large/1075720598.jpg",
    "source_id": "Woolworths - 1075720598",
    "barcode": null,
    "shop": "Woolworths",
    "weight": "100ML",
    "prices": [
      {
        "state": "NSW",
        "price": "6270",
        "price_per_unit": "3135",
        "price_unit": "ML"
      },
      {
        "state": "VIC",
        "price": "6270",
        "price_per_unit": "3135",
        "price_unit": "ML"
      },
      {
        "state": "QLD",
        "price": "6270",
        "price_per_unit": "3135",
        "price_unit": "ML"
      },
      {
        "state": "WA",
        "price": "6270",
        "price_per_unit": "3135",
        "price_unit": "ML"
      },
      {
        "state": "SA",
        "price": "6270",
        "price_per_unit": "3135",
        "price_unit": "ML"
      },
      {
        "state": "TAS",
        "price": "6270",
        "price_per_unit": "3135",
        "price_unit": "ML"
      },
      {
        "state": "ACT",
        "price": "6270",
        "price_per_unit": "3135",
        "price_unit": "ML"
      },
      {
        "state": "NT",
        "price": "6270",
        "price_per_unit": "3135",
        "price_unit": "ML"
      }
    ]
  },
  {
    "source_url": "https://www.woolworths.com.au/shop/productdetails/1075347567/dr-organic-skin-clear-exfoliating-scrub-150ml",
    "name": "Dr Organic Skin Clear Exfoliating Scrub 150ml",
    "image_url": "https://cdn1.woolworths.media/content/wowproductimages/large/1075347567.jpg",
    "source_id": "Woolworths - 1075347567",
    "barcode": null,
    "shop": "Woolworths",
    "weight": "100ML",
    "prices": [
      {
        "state": "NSW",
        "price": "1356",
        "price_per_unit": "904",
        "price_unit": "ML"
      },
      {
        "state": "VIC",
        "price": "1356",
        "price_per_unit": "904",
        "price_unit": "ML"
      },
      {
        "state": "QLD",
        "price": "1356",
        "price_per_unit": "904",
        "price_unit": "ML"
      },
      {
        "state": "WA",
        "price": "1356",
        "price_per_unit": "904",
        "price_unit": "ML"
      },
      {
        "state": "SA",
        "price": "1356",
        "price_per_unit": "904",
        "price_unit": "ML"
      },
      {
        "state": "TAS",
        "price": "1356",
        "price_per_unit": "904",
        "price_unit": "ML"
      },
      {
        "state": "ACT",
        "price": "1356",
        "price_per_unit": "904",
        "price_unit": "ML"
      },
      {
        "state": "NT",
        "price": "1356",
        "price_per_unit": "904",
        "price_unit": "ML"
      }
    ]
  },
  {
    "source_url": "https://www.woolworths.com.au/shop/productdetails/1075843175/dr-organic-skin-toner-organic-rose-otto-150ml",
    "name": "Dr Organic Skin Toner Organic Rose Otto 150ml",
    "image_url": "https://cdn1.woolworths.media/content/wowproductimages/large/1075843175.jpg",
    "source_id": "Woolworths - 1075843175",
    "barcode": null,
    "shop": "Woolworths",
    "weight": "100ML",
    "prices": [
      {
        "state": "NSW",
        "price": "5940",
        "price_per_unit": "3960",
        "price_unit": "ML"
      },
      {
        "state": "VIC",
        "price": "5940",
        "price_per_unit": "3960",
        "price_unit": "ML"
      },
      {
        "state": "QLD",
        "price": "5940",
        "price_per_unit": "3960",
        "price_unit": "ML"
      },
      {
        "state": "WA",
        "price": "5940",
        "price_per_unit": "3960",
        "price_unit": "ML"
      },
      {
        "state": "SA",
        "price": "5940",
        "price_per_unit": "3960",
        "price_unit": "ML"
      },
      {
        "state": "TAS",
        "price": "5940",
        "price_per_unit": "3960",
        "price_unit": "ML"
      },
      {
        "state": "ACT",
        "price": "5940",
        "price_per_unit": "3960",
        "price_unit": "ML"
      },
      {
        "state": "NT",
        "price": "5940",
        "price_per_unit": "3960",
        "price_unit": "ML"
      }
    ]
  },
  {
    "source_url": "https://www.woolworths.com.au/shop/productdetails/1074132091/dr-wheatgrass-skin-recovery-cream-85ml",
    "name": "Dr Wheatgrass Skin Recovery Cream 85ml",
    "image_url": "https://cdn1.woolworths.media/content/wowproductimages/large/1074132091.jpg",
    "source_id": "Woolworths - 1074132091",
    "barcode": null,
    "shop": "Woolworths",
    "weight": "100ML",
    "prices": [
      {
        "state": "NSW",
        "price": "7700",
        "price_per_unit": "9059",
        "price_unit": "ML"
      },
      {
        "state": "VIC",
        "price": "7700",
        "price_per_unit": "9059",
        "price_unit": "ML"
      },
      {
        "state": "QLD",
        "price": "7700",
        "price_per_unit": "9059",
        "price_unit": "ML"
      },
      {
        "state": "WA",
        "price": "7700",
        "price_per_unit": "9059",
        "price_unit": "ML"
      },
      {
        "state": "SA",
        "price": "7700",
        "price_per_unit": "9059",
        "price_unit": "ML"
      },
      {
        "state": "TAS",
        "price": "7700",
        "price_per_unit": "9059",
        "price_unit": "ML"
      },
      {
        "state": "ACT",
        "price": "7700",
        "price_per_unit": "9059",
        "price_unit": "ML"
      },
      {
        "state": "NT",
        "price": "7700",
        "price_per_unit": "9059",
        "price_unit": "ML"
      }
    ]
  },
  {
    "source_url": "https://www.woolworths.com.au/shop/productdetails/1074132093/dr-wheatgrass-skin-recovery-spray-175ml",
    "name": "Dr Wheatgrass Skin Recovery Spray 175ml",
    "image_url": "https://cdn1.woolworths.media/content/wowproductimages/large/1074132093.jpg",
    "source_id": "Woolworths - 1074132093",
    "barcode": null,
    "shop": "Woolworths",
    "weight": "100ML",
    "prices": [
      {
        "state": "NSW",
        "price": "8360",
        "price_per_unit": "4777",
        "price_unit": "ML"
      },
      {
        "state": "VIC",
        "price": "8360",
        "price_per_unit": "4777",
        "price_unit": "ML"
      },
      {
        "state": "QLD",
        "price": "8360",
        "price_per_unit": "4777",
        "price_unit": "ML"
      },
      {
        "state": "WA",
        "price": "8360",
        "price_per_unit": "4777",
        "price_unit": "ML"
      },
      {
        "state": "SA",
        "price": "8360",
        "price_per_unit": "4777",
        "price_unit": "ML"
      },
      {
        "state": "TAS",
        "price": "8360",
        "price_per_unit": "4777",
        "price_unit": "ML"
      },
      {
        "state": "ACT",
        "price": "8360",
        "price_per_unit": "4777",
        "price_unit": "ML"
      },
      {
        "state": "NT",
        "price": "8360",
        "price_per_unit": "4777",
        "price_unit": "ML"
      }
    ]
  },
  {
    "source_url": "https://www.woolworths.com.au/shop/productdetails/1074132094/dr-wheatgrass-superbalm-160ml",
    "name": "Dr Wheatgrass SuperBalm 160ml",
    "image_url": "https://cdn1.woolworths.media/content/wowproductimages/large/1074132094.jpg",
    "source_id": "Woolworths - 1074132094",
    "barcode": null,
    "shop": "Woolworths",
    "weight": "100ML",
    "prices": [
      {
        "state": "NSW",
        "price": "9460",
        "price_per_unit": "5913",
        "price_unit": "ML"
      },
      {
        "state": "VIC",
        "price": "9460",
        "price_per_unit": "5913",
        "price_unit": "ML"
      },
      {
        "state": "QLD",
        "price": "9460",
        "price_per_unit": "5913",
        "price_unit": "ML"
      },
      {
        "state": "WA",
        "price": "9460",
        "price_per_unit": "5913",
        "price_unit": "ML"
      },
      {
        "state": "SA",
        "price": "9460",
        "price_per_unit": "5913",
        "price_unit": "ML"
      },
      {
        "state": "TAS",
        "price": "9460",
        "price_per_unit": "5913",
        "price_unit": "ML"
      },
      {
        "state": "ACT",
        "price": "9460",
        "price_per_unit": "5913",
        "price_unit": "ML"
      },
      {
        "state": "NT",
        "price": "9460",
        "price_per_unit": "5913",
        "price_unit": "ML"
      }
    ]
  },
  {
    "source_url": "https://www.woolworths.com.au/shop/productdetails/1074132095/dr-wheatgrass-supershots-150ml",
    "name": "Dr Wheatgrass Supershots 150ml",
    "image_url": "https://cdn1.woolworths.media/content/wowproductimages/large/1074132095.jpg",
    "source_id": "Woolworths - 1074132095",
    "barcode": null,
    "shop": "Woolworths",
    "weight": "100ML",
    "prices": [
      {
        "state": "NSW",
        "price": "8140",
        "price_per_unit": "5427",
        "price_unit": "ML"
      },
      {
        "state": "VIC",
        "price": "8140",
        "price_per_unit": "5427",
        "price_unit": "ML"
      },
      {
        "state": "QLD",
        "price": "8140",
        "price_per_unit": "5427",
        "price_unit": "ML"
      },
      {
        "state": "WA",
        "price": "8140",
        "price_per_unit": "5427",
        "price_unit": "ML"
      },
      {
        "state": "SA",
        "price": "8140",
        "price_per_unit": "5427",
        "price_unit": "ML"
      },
      {
        "state": "TAS",
        "price": "8140",
        "price_per_unit": "5427",
        "price_unit": "ML"
      },
      {
        "state": "ACT",
        "price": "8140",
        "price_per_unit": "5427",
        "price_unit": "ML"
      },
      {
        "state": "NT",
        "price": "8140",
        "price_per_unit": "5427",
        "price_unit": "ML"
      }
    ]
  },
  {
    "source_url": "https://www.woolworths.com.au/shop/productdetails/1074651184/dr-barbara-sturm-brightening-face-cream-50ml-1-69oz",
    "name": "Dr. Barbara Sturm BRIGHTENING FACE CREAM 50ml/1.69oz",
    "image_url": "https://cdn1.woolworths.media/content/wowproductimages/large/1074651184.jpg",
    "source_id": "Woolworths - 1074651184",
    "barcode": null,
    "shop": "Woolworths",
    "weight": "100ML",
    "prices": [
      {
        "state": "NSW",
        "price": "23300",
        "price_per_unit": "46600",
        "price_unit": "ML"
      },
      {
        "state": "VIC",
        "price": "23300",
        "price_per_unit": "46600",
        "price_unit": "ML"
      },
      {
        "state": "QLD",
        "price": "23300",
        "price_per_unit": "46600",
        "price_unit": "ML"
      },
      {
        "state": "WA",
        "price": "23300",
        "price_per_unit": "46600",
        "price_unit": "ML"
      },
      {
        "state": "SA",
        "price": "23300",
        "price_per_unit": "46600",
        "price_unit": "ML"
      },
      {
        "state": "TAS",
        "price": "23300",
        "price_per_unit": "46600",
        "price_unit": "ML"
      },
      {
        "state": "ACT",
        "price": "23300",
        "price_per_unit": "46600",
        "price_unit": "ML"
      },
      {
        "state": "NT",
        "price": "23300",
        "price_per_unit": "46600",
        "price_unit": "ML"
      }
    ]
  },
  {
    "source_url": "https://www.woolworths.com.au/shop/productdetails/1075565682/dr-barbara-sturm-super-anti-aging-cleansing-cream-125ml-4-22oz",
    "name": "Dr. Barbara Sturm Super Anti-Aging Cleansing Cream 125ml/4.22oz",
    "image_url": "https://cdn1.woolworths.media/content/wowproductimages/large/1075565682.jpg",
    "source_id": "Woolworths - 1075565682",
    "barcode": null,
    "shop": "Woolworths",
    "weight": "100ML",
    "prices": [
      {
        "state": "NSW",
        "price": "14200",
        "price_per_unit": "11360",
        "price_unit": "ML"
      },
      {
        "state": "VIC",
        "price": "14200",
        "price_per_unit": "11360",
        "price_unit": "ML"
      },
      {
        "state": "QLD",
        "price": "14200",
        "price_per_unit": "11360",
        "price_unit": "ML"
      },
      {
        "state": "WA",
        "price": "14200",
        "price_per_unit": "11360",
        "price_unit": "ML"
      },
      {
        "state": "SA",
        "price": "14200",
        "price_per_unit": "11360",
        "price_unit": "ML"
      },
      {
        "state": "TAS",
        "price": "14200",
        "price_per_unit": "11360",
        "price_unit": "ML"
      },
      {
        "state": "ACT",
        "price": "14200",
        "price_per_unit": "11360",
        "price_unit": "ML"
      },
      {
        "state": "NT",
        "price": "14200",
        "price_per_unit": "11360",
        "price_unit": "ML"
      }
    ]
  },
  {
    "source_url": "https://www.woolworths.com.au/shop/productdetails/1074651219/dr-brandt-microdermabrasion-body-exfoliator-150g-5-3oz",
    "name": "Dr. Brandt Microdermabrasion Body Exfoliator 150g/5.3oz",
    "image_url": "https://cdn1.woolworths.media/content/wowproductimages/large/1074651219.jpg",
    "source_id": "Woolworths - 1074651219",
    "barcode": null,
    "shop": "Woolworths",
    "weight": "100G",
    "prices": [
      {
        "state": "NSW",
        "price": "6200",
        "price_per_unit": "4133",
        "price_unit": "G"
      },
      {
        "state": "VIC",
        "price": "6200",
        "price_per_unit": "4133",
        "price_unit": "G"
      },
      {
        "state": "QLD",
        "price": "6200",
        "price_per_unit": "4133",
        "price_unit": "G"
      },
      {
        "state": "WA",
        "price": "6200",
        "price_per_unit": "4133",
        "price_unit": "G"
      },
      {
        "state": "SA",
        "price": "6200",
        "price_per_unit": "4133",
        "price_unit": "G"
      },
      {
        "state": "TAS",
        "price": "6200",
        "price_per_unit": "4133",
        "price_unit": "G"
      },
      {
        "state": "ACT",
        "price": "6200",
        "price_per_unit": "4133",
        "price_unit": "G"
      },
      {
        "state": "NT",
        "price": "6200",
        "price_per_unit": "4133",
        "price_unit": "G"
      }
    ]
  },
  {
    "source_url": "https://www.woolworths.com.au/shop/productdetails/1074132105/dr-bronner-s-toothpaste-all-one-cinnamon-140g",
    "name": "Dr. Bronner's Toothpaste (All-One) Cinnamon 140g",
    "image_url": "https://cdn1.woolworths.media/content/wowproductimages/large/1074132105.jpg",
    "source_id": "Woolworths - 1074132105",
    "barcode": null,
    "shop": "Woolworths",
    "weight": "100G",
    "prices": [
      {
        "state": "NSW",
        "price": "6160",
        "price_per_unit": "4400",
        "price_unit": "G"
      },
      {
        "state": "VIC",
        "price": "6160",
        "price_per_unit": "4400",
        "price_unit": "G"
      }
    ]
  },
  {
    "source_url": "https://www.woolworths.com.au/shop/productdetails/1074446142/dr-ceuracle-tea-tree-purifine-70-toner-100ml",
    "name": "Dr. Ceuracle Tea Tree Purifine 70 Toner 100ml",
    "image_url": "https://cdn1.woolworths.media/content/wowproductimages/large/1074446142.jpg",
    "source_id": "Woolworths - 1074446142",
    "barcode": null,
    "shop": "Woolworths",
    "weight": "100ML",
    "prices": [
      {
        "state": "NSW",
        "price": "3900",
        "price_per_unit": "3900",
        "price_unit": "ML"
      },
      {
        "state": "VIC",
        "price": "3900",
        "price_per_unit": "3900",
        "price_unit": "ML"
      },
      {
        "state": "QLD",
        "price": "3900",
        "price_per_unit": "3900",
        "price_unit": "ML"
      },
      {
        "state": "WA",
        "price": "3900",
        "price_per_unit": "3900",
        "price_unit": "ML"
      },
      {
        "state": "SA",
        "price": "3900",
        "price_per_unit": "3900",
        "price_unit": "ML"
      },
      {
        "state": "TAS",
        "price": "3900",
        "price_per_unit": "3900",
        "price_unit": "ML"
      },
      {
        "state": "ACT",
        "price": "3900",
        "price_per_unit": "3900",
        "price_unit": "ML"
      },
      {
        "state": "NT",
        "price": "3900",
        "price_per_unit": "3900",
        "price_unit": "ML"
      }
    ]
  },
  {
    "source_url": "https://www.woolworths.com.au/shop/productdetails/1074651231/dr-hauschka-clarifying-intensive-treatment-up-to-age-25-specialized-care-for-blemish-skin-40ml-1-3oz",
    "name": "Dr. Hauschka Clarifying Intensive Treatment (Up to Age 25) - Specialized Care for Blemish Skin 40ml/1.3oz",
    "image_url": "https://cdn1.woolworths.media/content/wowproductimages/large/1074651231.jpg",
    "source_id": "Woolworths - 1074651231",
    "barcode": null,
    "shop": "Woolworths",
    "weight": "100ML",
    "prices": [
      {
        "state": "NSW",
        "price": "6400",
        "price_per_unit": "16000",
        "price_unit": "ML"
      },
      {
        "state": "VIC",
        "price": "6400",
        "price_per_unit": "16000",
        "price_unit": "ML"
      },
      {
        "state": "QLD",
        "price": "6400",
        "price_per_unit": "16000",
        "price_unit": "ML"
      },
      {
        "state": "WA",
        "price": "6400",
        "price_per_unit": "16000",
        "price_unit": "ML"
      },
      {
        "state": "SA",
        "price": "6400",
        "price_per_unit": "16000",
        "price_unit": "ML"
      },
      {
        "state": "TAS",
        "price": "6400",
        "price_per_unit": "16000",
        "price_unit": "ML"
      },
      {
        "state": "ACT",
        "price": "6400",
        "price_per_unit": "16000",
        "price_unit": "ML"
      },
      {
        "state": "NT",
        "price": "6400",
        "price_per_unit": "16000",
        "price_unit": "ML"
      }
    ]
  },
  {
    "source_url": "https://www.woolworths.com.au/shop/productdetails/1074651351/edible-beauty-edible-beauty-on-the-fly-travel-mini-kit-cleansing-milk-15ml-toner-mist-30ml-ageless-serum-10ml-hydrating-lotion-15ml-4pcs",
    "name": "Edible Beauty & Edible Beauty On The Fly Travel Mini Kit: Cleansing Milk 15ml+ Toner Mist 30ml+ Ageless Serum 10ml+ Hydrating Lotion 15ml 4pcs",
    "image_url": "https://cdn1.woolworths.media/content/wowproductimages/large/1074651351.jpg",
    "source_id": "Woolworths - 1074651351",
    "barcode": null,
    "shop": "Woolworths",
    "weight": "1EA",
    "prices": [
      {
        "state": "NSW",
        "price": "10600",
        "price_per_unit": "2650",
        "price_unit": "EA"
      },
      {
        "state": "VIC",
        "price": "10600",
        "price_per_unit": "2650",
        "price_unit": "EA"
      },
      {
        "state": "QLD",
        "price": "10600",
        "price_per_unit": "2650",
        "price_unit": "EA"
      },
      {
        "state": "WA",
        "price": "10600",
        "price_per_unit": "2650",
        "price_unit": "EA"
      },
      {
        "state": "SA",
        "price": "10600",
        "price_per_unit": "2650",
        "price_unit": "EA"
      },
      {
        "state": "TAS",
        "price": "10600",
        "price_per_unit": "2650",
        "price_unit": "EA"
      },
      {
        "state": "ACT",
        "price": "10600",
        "price_per_unit": "2650",
        "price_unit": "EA"
      },
      {
        "state": "NT",
        "price": "10600",
        "price_per_unit": "2650",
        "price_unit": "EA"
      }
    ]
  },
  {
    "source_url": "https://www.woolworths.com.au/shop/productdetails/1075481779/edible-beauty-australia-no-1-belle-frais-cleansing-milk-200-ml",
    "name": "Edible Beauty Australia No. 1 Belle Frais Cleansing Milk 200 ml",
    "image_url": "https://cdn1.woolworths.media/content/wowproductimages/large/1075481779.jpg",
    "source_id": "Woolworths - 1075481779",
    "barcode": null,
    "shop": "Woolworths",
    "weight": "100ML",
    "prices": [
      {
        "state": "NSW",
        "price": "6000",
        "price_per_unit": "3000",
        "price_unit": "ML"
      },
      {
        "state": "VIC",
        "price": "6000",
        "price_per_unit": "3000",
        "price_unit": "ML"
      },
      {
        "state": "QLD",
        "price": "6000",
        "price_per_unit": "3000",
        "price_unit": "ML"
      },
      {
        "state": "WA",
        "price": "6000",
        "price_per_unit": "3000",
        "price_unit": "ML"
      },
      {
        "state": "SA",
        "price": "6000",
        "price_per_unit": "3000",
        "price_unit": "ML"
      },
      {
        "state": "TAS",
        "price": "6000",
        "price_per_unit": "3000",
        "price_unit": "ML"
      },
      {
        "state": "ACT",
        "price": "6000",
        "price_per_unit": "3000",
        "price_unit": "ML"
      },
      {
        "state": "NT",
        "price": "6000",
        "price_per_unit": "3000",
        "price_unit": "ML"
      }
    ]
  },
  {
    "source_url": "https://www.woolworths.com.au/shop/productdetails/1075853071/edible-beauty-no-1-belle-frais-cleansing-milk-200ml-6-8oz",
    "name": "Edible Beauty No. 1 Belle Frais Cleansing Milk 200ml/6.8oz",
    "image_url": "https://cdn1.woolworths.media/content/wowproductimages/large/1075853071.jpg",
    "source_id": "Woolworths - 1075853071",
    "barcode": null,
    "shop": "Woolworths",
    "weight": "100ML",
    "prices": [
      {
        "state": "NSW",
        "price": "11330",
        "price_per_unit": "5665",
        "price_unit": "ML"
      },
      {
        "state": "VIC",
        "price": "11330",
        "price_per_unit": "5665",
        "price_unit": "ML"
      },
      {
        "state": "QLD",
        "price": "11330",
        "price_per_unit": "5665",
        "price_unit": "ML"
      },
      {
        "state": "WA",
        "price": "11330",
        "price_per_unit": "5665",
        "price_unit": "ML"
      },
      {
        "state": "SA",
        "price": "11330",
        "price_per_unit": "5665",
        "price_unit": "ML"
      },
      {
        "state": "TAS",
        "price": "11330",
        "price_per_unit": "5665",
        "price_unit": "ML"
      },
      {
        "state": "ACT",
        "price": "11330",
        "price_per_unit": "5665",
        "price_unit": "ML"
      },
      {
        "state": "NT",
        "price": "11330",
        "price_per_unit": "5665",
        "price_unit": "ML"
      }
    ]
  },
  {
    "source_url": "https://www.woolworths.com.au/shop/productdetails/1075477914/ego-azclear-action-day-moisturiser-spf30-120ml",
    "name": "Ego Azclear Action Day Moisturiser SPF30 120ml",
    "image_url": "https://cdn1.woolworths.media/content/wowproductimages/large/1075477914.jpg",
    "source_id": "Woolworths - 1075477914",
    "barcode": null,
    "shop": "Woolworths",
    "weight": "100ML",
    "prices": [
      {
        "state": "NSW",
        "price": "1699",
        "price_per_unit": "1416",
        "price_unit": "ML"
      },
      {
        "state": "VIC",
        "price": "1699",
        "price_per_unit": "1416",
        "price_unit": "ML"
      },
      {
        "state": "QLD",
        "price": "1699",
        "price_per_unit": "1416",
        "price_unit": "ML"
      },
      {
        "state": "WA",
        "price": "1699",
        "price_per_unit": "1416",
        "price_unit": "ML"
      },
      {
        "state": "SA",
        "price": "1699",
        "price_per_unit": "1416",
        "price_unit": "ML"
      },
      {
        "state": "TAS",
        "price": "1699",
        "price_per_unit": "1416",
        "price_unit": "ML"
      },
      {
        "state": "ACT",
        "price": "1699",
        "price_per_unit": "1416",
        "price_unit": "ML"
      },
      {
        "state": "NT",
        "price": "1699",
        "price_per_unit": "1416",
        "price_unit": "ML"
      }
    ]
  },
  {
    "source_url": "https://www.woolworths.com.au/shop/productdetails/1075480504/ego-azclear-action-foaming-wash-150ml",
    "name": "Ego Azclear Action Foaming Wash 150ml",
    "image_url": "https://cdn1.woolworths.media/content/wowproductimages/large/1075480504.jpg",
    "source_id": "Woolworths - 1075480504",
    "barcode": null,
    "shop": "Woolworths",
    "weight": "100ML",
    "prices": [
      {
        "state": "NSW",
        "price": "1460",
        "price_per_unit": "973",
        "price_unit": "ML"
      },
      {
        "state": "VIC",
        "price": "1460",
        "price_per_unit": "973",
        "price_unit": "ML"
      },
      {
        "state": "QLD",
        "price": "1460",
        "price_per_unit": "973",
        "price_unit": "ML"
      },
      {
        "state": "WA",
        "price": "1460",
        "price_per_unit": "973",
        "price_unit": "ML"
      },
      {
        "state": "SA",
        "price": "1460",
        "price_per_unit": "973",
        "price_unit": "ML"
      },
      {
        "state": "TAS",
        "price": "1460",
        "price_per_unit": "973",
        "price_unit": "ML"
      },
      {
        "state": "ACT",
        "price": "1460",
        "price_per_unit": "973",
        "price_unit": "ML"
      },
      {
        "state": "NT",
        "price": "1460",
        "price_per_unit": "973",
        "price_unit": "ML"
      }
    ]
  },
  {
    "source_url": "https://www.woolworths.com.au/shop/productdetails/1075477326/ego-qv-face-gentle-foaming-cleanser-150ml",
    "name": "Ego QV Face Gentle Foaming Cleanser 150ml",
    "image_url": "https://cdn1.woolworths.media/content/wowproductimages/large/1075477326.jpg",
    "source_id": "Woolworths - 1075477326",
    "barcode": null,
    "shop": "Woolworths",
    "weight": "100ML",
    "prices": [
      {
        "state": "NSW",
        "price": "1399",
        "price_per_unit": "933",
        "price_unit": "ML"
      },
      {
        "state": "VIC",
        "price": "1399",
        "price_per_unit": "933",
        "price_unit": "ML"
      },
      {
        "state": "QLD",
        "price": "1399",
        "price_per_unit": "933",
        "price_unit": "ML"
      },
      {
        "state": "WA",
        "price": "1399",
        "price_per_unit": "933",
        "price_unit": "ML"
      },
      {
        "state": "SA",
        "price": "1399",
        "price_per_unit": "933",
        "price_unit": "ML"
      },
      {
        "state": "TAS",
        "price": "1399",
        "price_per_unit": "933",
        "price_unit": "ML"
      },
      {
        "state": "ACT",
        "price": "1399",
        "price_per_unit": "933",
        "price_unit": "ML"
      },
      {
        "state": "NT",
        "price": "1399",
        "price_per_unit": "933",
        "price_unit": "ML"
      }
    ]
  },
  {
    "source_url": "https://www.woolworths.com.au/shop/productdetails/1074132127/elemis-gentle-rose-exfoliator-50ml-1-6oz",
    "name": "Elemis Gentle Rose Exfoliator 50ml/1.6oz",
    "image_url": "https://cdn1.woolworths.media/content/wowproductimages/large/1074132127.jpg",
    "source_id": "Woolworths - 1074132127",
    "barcode": null,
    "shop": "Woolworths",
    "weight": "100ML",
    "prices": [
      {
        "state": "NSW",
        "price": "6400",
        "price_per_unit": "12800",
        "price_unit": "ML"
      },
      {
        "state": "VIC",
        "price": "6400",
        "price_per_unit": "12800",
        "price_unit": "ML"
      },
      {
        "state": "QLD",
        "price": "6400",
        "price_per_unit": "12800",
        "price_unit": "ML"
      },
      {
        "state": "WA",
        "price": "6400",
        "price_per_unit": "12800",
        "price_unit": "ML"
      },
      {
        "state": "SA",
        "price": "6400",
        "price_per_unit": "12800",
        "price_unit": "ML"
      },
      {
        "state": "TAS",
        "price": "6400",
        "price_per_unit": "12800",
        "price_unit": "ML"
      },
      {
        "state": "ACT",
        "price": "6400",
        "price_per_unit": "12800",
        "price_unit": "ML"
      },
      {
        "state": "NT",
        "price": "6400",
        "price_per_unit": "12800",
        "price_unit": "ML"
      }
    ]
  },
  {
    "source_url": "https://www.woolworths.com.au/shop/productdetails/1074132130/elemis-nourishing-omega-rich-cleansing-oil-195ml-6-5oz",
    "name": "Elemis Nourishing Omega-Rich Cleansing Oil 195ml/6.5oz",
    "image_url": "https://cdn1.woolworths.media/content/wowproductimages/large/1074132130.jpg",
    "source_id": "Woolworths - 1074132130",
    "barcode": null,
    "shop": "Woolworths",
    "weight": "100ML",
    "prices": [
      {
        "state": "NSW",
        "price": "6300",
        "price_per_unit": "3231",
        "price_unit": "ML"
      },
      {
        "state": "VIC",
        "price": "6300",
        "price_per_unit": "3231",
        "price_unit": "ML"
      },
      {
        "state": "QLD",
        "price": "6300",
        "price_per_unit": "3231",
        "price_unit": "ML"
      },
      {
        "state": "WA",
        "price": "6300",
        "price_per_unit": "3231",
        "price_unit": "ML"
      },
      {
        "state": "SA",
        "price": "6300",
        "price_per_unit": "3231",
        "price_unit": "ML"
      },
      {
        "state": "TAS",
        "price": "6300",
        "price_per_unit": "3231",
        "price_unit": "ML"
      },
      {
        "state": "ACT",
        "price": "6300",
        "price_per_unit": "3231",
        "price_unit": "ML"
      },
      {
        "state": "NT",
        "price": "6300",
        "price_per_unit": "3231",
        "price_unit": "ML"
      }
    ]
  },
  {
    "source_url": "https://www.woolworths.com.au/shop/productdetails/1075953003/elemis-pro-collagen-glow-boost-exfoliator-100ml",
    "name": "Elemis Pro Collagen Glow Boost Exfoliator 100ml",
    "image_url": "https://cdn1.woolworths.media/content/wowproductimages/large/1075953003.jpg",
    "source_id": "Woolworths - 1075953003",
    "barcode": null,
    "shop": "Woolworths",
    "weight": "100ML",
    "prices": [
      {
        "state": "NSW",
        "price": "8800",
        "price_per_unit": "8800",
        "price_unit": "ML"
      },
      {
        "state": "VIC",
        "price": "8800",
        "price_per_unit": "8800",
        "price_unit": "ML"
      },
      {
        "state": "QLD",
        "price": "8800",
        "price_per_unit": "8800",
        "price_unit": "ML"
      },
      {
        "state": "WA",
        "price": "8800",
        "price_per_unit": "8800",
        "price_unit": "ML"
      },
      {
        "state": "SA",
        "price": "8800",
        "price_per_unit": "8800",
        "price_unit": "ML"
      },
      {
        "state": "TAS",
        "price": "8800",
        "price_per_unit": "8800",
        "price_unit": "ML"
      },
      {
        "state": "ACT",
        "price": "8800",
        "price_per_unit": "8800",
        "price_unit": "ML"
      },
      {
        "state": "NT",
        "price": "8800",
        "price_per_unit": "8800",
        "price_unit": "ML"
      }
    ]
  },
  {
    "source_url": "https://www.woolworths.com.au/shop/productdetails/1075953004/elemis-pro-collagen-glow-boost-exfoliator-200ml",
    "name": "Elemis Pro Collagen Glow Boost Exfoliator 200ml",
    "image_url": "https://cdn1.woolworths.media/content/wowproductimages/large/1075953004.jpg",
    "source_id": "Woolworths - 1075953004",
    "barcode": null,
    "shop": "Woolworths",
    "weight": "100ML",
    "prices": [
      {
        "state": "NSW",
        "price": "10800",
        "price_per_unit": "5400",
        "price_unit": "ML"
      },
      {
        "state": "VIC",
        "price": "10800",
        "price_per_unit": "5400",
        "price_unit": "ML"
      },
      {
        "state": "QLD",
        "price": "10800",
        "price_per_unit": "5400",
        "price_unit": "ML"
      },
      {
        "state": "WA",
        "price": "10800",
        "price_per_unit": "5400",
        "price_unit": "ML"
      },
      {
        "state": "SA",
        "price": "10800",
        "price_per_unit": "5400",
        "price_unit": "ML"
      },
      {
        "state": "TAS",
        "price": "10800",
        "price_per_unit": "5400",
        "price_unit": "ML"
      },
      {
        "state": "ACT",
        "price": "10800",
        "price_per_unit": "5400",
        "price_unit": "ML"
      },
      {
        "state": "NT",
        "price": "10800",
        "price_per_unit": "5400",
        "price_unit": "ML"
      }
    ]
  },
  {
    "source_url": "https://www.woolworths.com.au/shop/productdetails/1074651413/elizabeth-arden-ceramide-purifying-cream-cleanser-125ml-4-2oz",
    "name": "Elizabeth Arden Ceramide Purifying Cream Cleanser 125ml/4.2oz",
    "image_url": "https://cdn1.woolworths.media/content/wowproductimages/large/1074651413.jpg",
    "source_id": "Woolworths - 1074651413",
    "barcode": null,
    "shop": "Woolworths",
    "weight": "100ML",
    "prices": [
      {
        "state": "NSW",
        "price": "6000",
        "price_per_unit": "4800",
        "price_unit": "ML"
      },
      {
        "state": "VIC",
        "price": "6000",
        "price_per_unit": "4800",
        "price_unit": "ML"
      },
      {
        "state": "QLD",
        "price": "6000",
        "price_per_unit": "4800",
        "price_unit": "ML"
      },
      {
        "state": "WA",
        "price": "6000",
        "price_per_unit": "4800",
        "price_unit": "ML"
      },
      {
        "state": "SA",
        "price": "6000",
        "price_per_unit": "4800",
        "price_unit": "ML"
      },
      {
        "state": "TAS",
        "price": "6000",
        "price_per_unit": "4800",
        "price_unit": "ML"
      },
      {
        "state": "ACT",
        "price": "6000",
        "price_per_unit": "4800",
        "price_unit": "ML"
      },
      {
        "state": "NT",
        "price": "6000",
        "price_per_unit": "4800",
        "price_unit": "ML"
      }
    ]
  },
  {
    "source_url": "https://www.woolworths.com.au/shop/productdetails/1075760187/elizabeth-arden-visible-difference-skin-balancing-exfoliating-cleanser-combination-skin-125ml-4-2oz",
    "name": "Elizabeth Arden Visible Difference Skin Balancing Exfoliating Cleanser (Combination Skin) 125ml/4.2oz",
    "image_url": "https://cdn1.woolworths.media/content/wowproductimages/large/1075760187.jpg",
    "source_id": "Woolworths - 1075760187",
    "barcode": null,
    "shop": "Woolworths",
    "weight": "100ML",
    "prices": [
      {
        "state": "NSW",
        "price": "4200",
        "price_per_unit": "3360",
        "price_unit": "ML"
      },
      {
        "state": "VIC",
        "price": "4200",
        "price_per_unit": "3360",
        "price_unit": "ML"
      },
      {
        "state": "QLD",
        "price": "4200",
        "price_per_unit": "3360",
        "price_unit": "ML"
      },
      {
        "state": "WA",
        "price": "4200",
        "price_per_unit": "3360",
        "price_unit": "ML"
      },
      {
        "state": "SA",
        "price": "4200",
        "price_per_unit": "3360",
        "price_unit": "ML"
      },
      {
        "state": "TAS",
        "price": "4200",
        "price_per_unit": "3360",
        "price_unit": "ML"
      },
      {
        "state": "ACT",
        "price": "4200",
        "price_per_unit": "3360",
        "price_unit": "ML"
      },
      {
        "state": "NT",
        "price": "4200",
        "price_per_unit": "3360",
        "price_unit": "ML"
      }
    ]
  },
  {
    "source_url": "https://www.woolworths.com.au/shop/productdetails/1074734753/elizabeth-arden-white-tea-skin-solutions-gentle-purifying-cleanser-125ml-4-2oz",
    "name": "Elizabeth Arden White Tea Skin Solutions Gentle Purifying Cleanser 125ml/4.2oz",
    "image_url": "https://cdn1.woolworths.media/content/wowproductimages/large/1074734753.jpg",
    "source_id": "Woolworths - 1074734753",
    "barcode": null,
    "shop": "Woolworths",
    "weight": "100ML",
    "prices": [
      {
        "state": "NSW",
        "price": "4200",
        "price_per_unit": "3360",
        "price_unit": "ML"
      },
      {
        "state": "VIC",
        "price": "4200",
        "price_per_unit": "3360",
        "price_unit": "ML"
      },
      {
        "state": "QLD",
        "price": "4200",
        "price_per_unit": "3360",
        "price_unit": "ML"
      },
      {
        "state": "WA",
        "price": "4200",
        "price_per_unit": "3360",
        "price_unit": "ML"
      },
      {
        "state": "SA",
        "price": "4200",
        "price_per_unit": "3360",
        "price_unit": "ML"
      },
      {
        "state": "TAS",
        "price": "4200",
        "price_per_unit": "3360",
        "price_unit": "ML"
      },
      {
        "state": "ACT",
        "price": "4200",
        "price_per_unit": "3360",
        "price_unit": "ML"
      },
      {
        "state": "NT",
        "price": "4200",
        "price_per_unit": "3360",
        "price_unit": "ML"
      }
    ]
  },
  {
    "source_url": "https://www.woolworths.com.au/shop/productdetails/1074651446/ella-bache-tomato-cleansing-oil-for-face-eyes-long-wearing-make-up-200ml-6-76oz",
    "name": "Ella Bache Tomato Cleansing Oil for Face & Eyes, Long-Wearing Make-Up 200ml/6.76oz",
    "image_url": "https://cdn1.woolworths.media/content/wowproductimages/large/1074651446.jpg",
    "source_id": "Woolworths - 1074651446",
    "barcode": null,
    "shop": "Woolworths",
    "weight": "100ML",
    "prices": [
      {
        "state": "NSW",
        "price": "6800",
        "price_per_unit": "3400",
        "price_unit": "ML"
      },
      {
        "state": "VIC",
        "price": "6800",
        "price_per_unit": "3400",
        "price_unit": "ML"
      },
      {
        "state": "QLD",
        "price": "6800",
        "price_per_unit": "3400",
        "price_unit": "ML"
      },
      {
        "state": "WA",
        "price": "6800",
        "price_per_unit": "3400",
        "price_unit": "ML"
      },
      {
        "state": "SA",
        "price": "6800",
        "price_per_unit": "3400",
        "price_unit": "ML"
      },
      {
        "state": "TAS",
        "price": "6800",
        "price_per_unit": "3400",
        "price_unit": "ML"
      },
      {
        "state": "ACT",
        "price": "6800",
        "price_per_unit": "3400",
        "price_unit": "ML"
      },
      {
        "state": "NT",
        "price": "6800",
        "price_per_unit": "3400",
        "price_unit": "ML"
      }
    ]
  },
  {
    "source_url": "https://www.woolworths.com.au/shop/productdetails/1074932937/eltamd-gentle-enzyme-foaming-facial-cleanser-exp-date-12-2024-207ml-7oz",
    "name": "EltaMD Gentle Enzyme Foaming Facial Cleanser  (Exp. Date: 12/2024) 207ml/7oz",
    "image_url": "https://cdn1.woolworths.media/content/wowproductimages/large/1074932937.jpg",
    "source_id": "Woolworths - 1074932937",
    "barcode": null,
    "shop": "Woolworths",
    "weight": "100ML",
    "prices": [
      {
        "state": "NSW",
        "price": "4000",
        "price_per_unit": "1932",
        "price_unit": "ML"
      },
      {
        "state": "VIC",
        "price": "4000",
        "price_per_unit": "1932",
        "price_unit": "ML"
      },
      {
        "state": "QLD",
        "price": "4000",
        "price_per_unit": "1932",
        "price_unit": "ML"
      },
      {
        "state": "WA",
        "price": "4000",
        "price_per_unit": "1932",
        "price_unit": "ML"
      },
      {
        "state": "SA",
        "price": "4000",
        "price_per_unit": "1932",
        "price_unit": "ML"
      },
      {
        "state": "TAS",
        "price": "4000",
        "price_per_unit": "1932",
        "price_unit": "ML"
      },
      {
        "state": "ACT",
        "price": "4000",
        "price_per_unit": "1932",
        "price_unit": "ML"
      },
      {
        "state": "NT",
        "price": "4000",
        "price_per_unit": "1932",
        "price_unit": "ML"
      }
    ]
  },
  {
    "source_url": "https://www.woolworths.com.au/shop/productdetails/1074651453/eltamd-oil-in-gel-cleanser-100ml-3-4oz",
    "name": "EltaMD Oil-In-Gel Cleanser 100ml/3.4oz",
    "image_url": "https://cdn1.woolworths.media/content/wowproductimages/large/1074651453.jpg",
    "source_id": "Woolworths - 1074651453",
    "barcode": null,
    "shop": "Woolworths",
    "weight": "100ML",
    "prices": [
      {
        "state": "NSW",
        "price": "6700",
        "price_per_unit": "6700",
        "price_unit": "ML"
      },
      {
        "state": "VIC",
        "price": "6700",
        "price_per_unit": "6700",
        "price_unit": "ML"
      },
      {
        "state": "QLD",
        "price": "6700",
        "price_per_unit": "6700",
        "price_unit": "ML"
      },
      {
        "state": "WA",
        "price": "6700",
        "price_per_unit": "6700",
        "price_unit": "ML"
      },
      {
        "state": "SA",
        "price": "6700",
        "price_per_unit": "6700",
        "price_unit": "ML"
      },
      {
        "state": "TAS",
        "price": "6700",
        "price_per_unit": "6700",
        "price_unit": "ML"
      },
      {
        "state": "ACT",
        "price": "6700",
        "price_per_unit": "6700",
        "price_unit": "ML"
      },
      {
        "state": "NT",
        "price": "6700",
        "price_per_unit": "6700",
        "price_unit": "ML"
      }
    ]
  },
  {
    "source_url": "https://www.woolworths.com.au/shop/productdetails/1074651502/eminence-lemon-grass-cleanser-50ml-1-7oz",
    "name": "Eminence Lemon Grass Cleanser 50ml/1.7oz",
    "image_url": "https://cdn1.woolworths.media/content/wowproductimages/large/1074651502.jpg",
    "source_id": "Woolworths - 1074651502",
    "barcode": null,
    "shop": "Woolworths",
    "weight": "100ML",
    "prices": [
      {
        "state": "NSW",
        "price": "9700",
        "price_per_unit": "19400",
        "price_unit": "ML"
      },
      {
        "state": "VIC",
        "price": "9700",
        "price_per_unit": "19400",
        "price_unit": "ML"
      },
      {
        "state": "QLD",
        "price": "9700",
        "price_per_unit": "19400",
        "price_unit": "ML"
      },
      {
        "state": "WA",
        "price": "9700",
        "price_per_unit": "19400",
        "price_unit": "ML"
      },
      {
        "state": "SA",
        "price": "9700",
        "price_per_unit": "19400",
        "price_unit": "ML"
      },
      {
        "state": "TAS",
        "price": "9700",
        "price_per_unit": "19400",
        "price_unit": "ML"
      },
      {
        "state": "ACT",
        "price": "9700",
        "price_per_unit": "19400",
        "price_unit": "ML"
      },
      {
        "state": "NT",
        "price": "9700",
        "price_per_unit": "19400",
        "price_unit": "ML"
      }
    ]
  },
  {
    "source_url": "https://www.woolworths.com.au/shop/productdetails/1074651503/eminence-pink-grapefruit-vitality-masque-for-normal-to-dry-skin-60ml-2oz",
    "name": "Eminence Pink Grapefruit Vitality Masque - For Normal to Dry Skin 60ml/2oz",
    "image_url": "https://cdn1.woolworths.media/content/wowproductimages/large/1074651503.jpg",
    "source_id": "Woolworths - 1074651503",
    "barcode": null,
    "shop": "Woolworths",
    "weight": "100ML",
    "prices": [
      {
        "state": "NSW",
        "price": "9700",
        "price_per_unit": "16167",
        "price_unit": "ML"
      },
      {
        "state": "VIC",
        "price": "9700",
        "price_per_unit": "16167",
        "price_unit": "ML"
      },
      {
        "state": "QLD",
        "price": "9700",
        "price_per_unit": "16167",
        "price_unit": "ML"
      },
      {
        "state": "WA",
        "price": "9700",
        "price_per_unit": "16167",
        "price_unit": "ML"
      },
      {
        "state": "SA",
        "price": "9700",
        "price_per_unit": "16167",
        "price_unit": "ML"
      },
      {
        "state": "TAS",
        "price": "9700",
        "price_per_unit": "16167",
        "price_unit": "ML"
      },
      {
        "state": "ACT",
        "price": "9700",
        "price_per_unit": "16167",
        "price_unit": "ML"
      },
      {
        "state": "NT",
        "price": "9700",
        "price_per_unit": "16167",
        "price_unit": "ML"
      }
    ]
  },
  {
    "source_url": "https://www.woolworths.com.au/shop/productdetails/1075797727/endota-ceramide-cleansing-balm-80g",
    "name": "Endota Ceramide Cleansing Balm 80g",
    "image_url": "https://cdn1.woolworths.media/content/wowproductimages/large/1075797727.jpg",
    "source_id": "Woolworths - 1075797727",
    "barcode": null,
    "shop": "Woolworths",
    "weight": "100G",
    "prices": [
      {
        "state": "NSW",
        "price": "5500",
        "price_per_unit": "9167",
        "price_unit": "G"
      },
      {
        "state": "VIC",
        "price": "5500",
        "price_per_unit": "9167",
        "price_unit": "G"
      },
      {
        "state": "QLD",
        "price": "5500",
        "price_per_unit": "9167",
        "price_unit": "G"
      },
      {
        "state": "WA",
        "price": "5500",
        "price_per_unit": "9167",
        "price_unit": "G"
      },
      {
        "state": "SA",
        "price": "5500",
        "price_per_unit": "9167",
        "price_unit": "G"
      },
      {
        "state": "TAS",
        "price": "5500",
        "price_per_unit": "9167",
        "price_unit": "G"
      },
      {
        "state": "ACT",
        "price": "5500",
        "price_per_unit": "9167",
        "price_unit": "G"
      },
      {
        "state": "NT",
        "price": "5500",
        "price_per_unit": "9167",
        "price_unit": "G"
      }
    ]
  },
  {
    "source_url": "https://www.woolworths.com.au/shop/productdetails/1074424795/envirocare-envirocare-plant-based-body-hair-cleanser-sensitive-2000ml",
    "name": "Envirocare EnviroCare Plant-Based Body & Hair Cleanser Sensitive 2000ml",
    "image_url": "https://cdn1.woolworths.media/content/wowproductimages/large/1074424795.jpg",
    "source_id": "Woolworths - 1074424795",
    "barcode": null,
    "shop": "Woolworths",
    "weight": "100ML",
    "prices": [
      {
        "state": "NSW",
        "price": "9680",
        "price_per_unit": "484",
        "price_unit": "ML"
      },
      {
        "state": "VIC",
        "price": "9680",
        "price_per_unit": "484",
        "price_unit": "ML"
      },
      {
        "state": "QLD",
        "price": "9680",
        "price_per_unit": "484",
        "price_unit": "ML"
      },
      {
        "state": "WA",
        "price": "9680",
        "price_per_unit": "484",
        "price_unit": "ML"
      },
      {
        "state": "SA",
        "price": "9680",
        "price_per_unit": "484",
        "price_unit": "ML"
      },
      {
        "state": "TAS",
        "price": "9680",
        "price_per_unit": "484",
        "price_unit": "ML"
      },
      {
        "state": "ACT",
        "price": "9680",
        "price_per_unit": "484",
        "price_unit": "ML"
      },
      {
        "state": "NT",
        "price": "9680",
        "price_per_unit": "484",
        "price_unit": "ML"
      }
    ]
  },
  {
    "source_url": "https://www.woolworths.com.au/shop/productdetails/1074412573/envirocare-envirocare-plant-based-body-hair-cleanser-sensitive-5000ml",
    "name": "Envirocare EnviroCare Plant-Based Body & Hair Cleanser Sensitive 5000ml",
    "image_url": "https://cdn1.woolworths.media/content/wowproductimages/large/1074412573.jpg",
    "source_id": "Woolworths - 1074412573",
    "barcode": null,
    "shop": "Woolworths",
    "weight": "100ML",
    "prices": [
      {
        "state": "NSW",
        "price": "15620",
        "price_per_unit": "312",
        "price_unit": "ML"
      },
      {
        "state": "VIC",
        "price": "15620",
        "price_per_unit": "312",
        "price_unit": "ML"
      },
      {
        "state": "QLD",
        "price": "15620",
        "price_per_unit": "312",
        "price_unit": "ML"
      },
      {
        "state": "WA",
        "price": "15620",
        "price_per_unit": "312",
        "price_unit": "ML"
      },
      {
        "state": "SA",
        "price": "15620",
        "price_per_unit": "312",
        "price_unit": "ML"
      },
      {
        "state": "TAS",
        "price": "15620",
        "price_per_unit": "312",
        "price_unit": "ML"
      },
      {
        "state": "ACT",
        "price": "15620",
        "price_per_unit": "312",
        "price_unit": "ML"
      },
      {
        "state": "NT",
        "price": "15620",
        "price_per_unit": "312",
        "price_unit": "ML"
      }
    ]
  },
  {
    "source_url": "https://www.woolworths.com.au/shop/productdetails/1074412574/envirocare-envirocare-plant-based-body-hair-cleanser-sensitive-500ml",
    "name": "Envirocare EnviroCare Plant-Based Body & Hair Cleanser Sensitive 500ml",
    "image_url": "https://cdn1.woolworths.media/content/wowproductimages/large/1074412574.jpg",
    "source_id": "Woolworths - 1074412574",
    "barcode": null,
    "shop": "Woolworths",
    "weight": "100ML",
    "prices": [
      {
        "state": "NSW",
        "price": "6380",
        "price_per_unit": "1276",
        "price_unit": "ML"
      },
      {
        "state": "VIC",
        "price": "6380",
        "price_per_unit": "1276",
        "price_unit": "ML"
      },
      {
        "state": "QLD",
        "price": "6380",
        "price_per_unit": "1276",
        "price_unit": "ML"
      },
      {
        "state": "WA",
        "price": "6380",
        "price_per_unit": "1276",
        "price_unit": "ML"
      },
      {
        "state": "SA",
        "price": "6380",
        "price_per_unit": "1276",
        "price_unit": "ML"
      },
      {
        "state": "TAS",
        "price": "6380",
        "price_per_unit": "1276",
        "price_unit": "ML"
      },
      {
        "state": "ACT",
        "price": "6380",
        "price_per_unit": "1276",
        "price_unit": "ML"
      },
      {
        "state": "NT",
        "price": "6380",
        "price_per_unit": "1276",
        "price_unit": "ML"
      }
    ]
  },
  {
    "source_url": "https://www.woolworths.com.au/shop/productdetails/1074651567/epicuren-skin-conditioner-enzyme-toner-for-dry-normal-combination-skin-types-60ml-2oz",
    "name": "Epicuren Skin Conditioner Enzyme Toner - For Dry, Normal & Combination Skin Types 60ml/2oz",
    "image_url": "https://cdn1.woolworths.media/content/wowproductimages/large/1074651567.jpg",
    "source_id": "Woolworths - 1074651567",
    "barcode": null,
    "shop": "Woolworths",
    "weight": "100ML",
    "prices": [
      {
        "state": "NSW",
        "price": "6000",
        "price_per_unit": "10000",
        "price_unit": "ML"
      },
      {
        "state": "VIC",
        "price": "6000",
        "price_per_unit": "10000",
        "price_unit": "ML"
      },
      {
        "state": "QLD",
        "price": "6000",
        "price_per_unit": "10000",
        "price_unit": "ML"
      },
      {
        "state": "WA",
        "price": "6000",
        "price_per_unit": "10000",
        "price_unit": "ML"
      },
      {
        "state": "SA",
        "price": "6000",
        "price_per_unit": "10000",
        "price_unit": "ML"
      },
      {
        "state": "TAS",
        "price": "6000",
        "price_per_unit": "10000",
        "price_unit": "ML"
      },
      {
        "state": "ACT",
        "price": "6000",
        "price_per_unit": "10000",
        "price_unit": "ML"
      },
      {
        "state": "NT",
        "price": "6000",
        "price_per_unit": "10000",
        "price_unit": "ML"
      }
    ]
  },
  {
    "source_url": "https://www.woolworths.com.au/shop/productdetails/1074651574/epionce-balancing-toner-for-dry-sensitive-to-normal-skin-120ml-4oz",
    "name": "Epionce Balancing Toner - For Dry/ Sensitive to Normal Skin 120ml/4oz",
    "image_url": "https://cdn1.woolworths.media/content/wowproductimages/large/1074651574.jpg",
    "source_id": "Woolworths - 1074651574",
    "barcode": null,
    "shop": "Woolworths",
    "weight": "100ML",
    "prices": [
      {
        "state": "NSW",
        "price": "5900",
        "price_per_unit": "4917",
        "price_unit": "ML"
      },
      {
        "state": "VIC",
        "price": "5900",
        "price_per_unit": "4917",
        "price_unit": "ML"
      },
      {
        "state": "QLD",
        "price": "5900",
        "price_per_unit": "4917",
        "price_unit": "ML"
      },
      {
        "state": "WA",
        "price": "5900",
        "price_per_unit": "4917",
        "price_unit": "ML"
      },
      {
        "state": "SA",
        "price": "5900",
        "price_per_unit": "4917",
        "price_unit": "ML"
      },
      {
        "state": "TAS",
        "price": "5900",
        "price_per_unit": "4917",
        "price_unit": "ML"
      },
      {
        "state": "ACT",
        "price": "5900",
        "price_per_unit": "4917",
        "price_unit": "ML"
      },
      {
        "state": "NT",
        "price": "5900",
        "price_per_unit": "4917",
        "price_unit": "ML"
      }
    ]
  },
  {
    "source_url": "https://www.woolworths.com.au/shop/productdetails/1074651577/epionce-gentle-foaming-cleanser-for-normal-to-combination-skin-170ml-6oz",
    "name": "Epionce Gentle Foaming Cleanser - For Normal to Combination Skin 170ml/6oz",
    "image_url": "https://cdn1.woolworths.media/content/wowproductimages/large/1074651577.jpg",
    "source_id": "Woolworths - 1074651577",
    "barcode": null,
    "shop": "Woolworths",
    "weight": "100ML",
    "prices": [
      {
        "state": "NSW",
        "price": "6600",
        "price_per_unit": "3882",
        "price_unit": "ML"
      },
      {
        "state": "VIC",
        "price": "6600",
        "price_per_unit": "3882",
        "price_unit": "ML"
      },
      {
        "state": "QLD",
        "price": "6600",
        "price_per_unit": "3882",
        "price_unit": "ML"
      },
      {
        "state": "WA",
        "price": "6600",
        "price_per_unit": "3882",
        "price_unit": "ML"
      },
      {
        "state": "SA",
        "price": "6600",
        "price_per_unit": "3882",
        "price_unit": "ML"
      },
      {
        "state": "TAS",
        "price": "6600",
        "price_per_unit": "3882",
        "price_unit": "ML"
      },
      {
        "state": "ACT",
        "price": "6600",
        "price_per_unit": "3882",
        "price_unit": "ML"
      },
      {
        "state": "NT",
        "price": "6600",
        "price_per_unit": "3882",
        "price_unit": "ML"
      }
    ]
  },
  {
    "source_url": "https://www.woolworths.com.au/shop/productdetails/1074733495/epionce-lytic-gel-cleanser-for-combination-to-oily-problem-skin-170ml-6oz",
    "name": "Epionce Lytic Gel Cleanser - For Combination to Oily/ Problem Skin 170ml/6oz",
    "image_url": "https://cdn1.woolworths.media/content/wowproductimages/large/1074733495.jpg",
    "source_id": "Woolworths - 1074733495",
    "barcode": null,
    "shop": "Woolworths",
    "weight": "100ML",
    "prices": [
      {
        "state": "NSW",
        "price": "7000",
        "price_per_unit": "4118",
        "price_unit": "ML"
      },
      {
        "state": "VIC",
        "price": "7000",
        "price_per_unit": "4118",
        "price_unit": "ML"
      },
      {
        "state": "QLD",
        "price": "7000",
        "price_per_unit": "4118",
        "price_unit": "ML"
      },
      {
        "state": "WA",
        "price": "7000",
        "price_per_unit": "4118",
        "price_unit": "ML"
      },
      {
        "state": "SA",
        "price": "7000",
        "price_per_unit": "4118",
        "price_unit": "ML"
      },
      {
        "state": "TAS",
        "price": "7000",
        "price_per_unit": "4118",
        "price_unit": "ML"
      },
      {
        "state": "ACT",
        "price": "7000",
        "price_per_unit": "4118",
        "price_unit": "ML"
      },
      {
        "state": "NT",
        "price": "7000",
        "price_per_unit": "4118",
        "price_unit": "ML"
      }
    ]
  },
  {
    "source_url": "https://www.woolworths.com.au/shop/productdetails/1074651586/epionce-milky-lotion-cleanser-for-dry-sensitive-to-normal-skin-170ml-6oz",
    "name": "Epionce Milky Lotion Cleanser - For Dry/ Sensitive to Normal Skin 170ml/6oz",
    "image_url": "https://cdn1.woolworths.media/content/wowproductimages/large/1074651586.jpg",
    "source_id": "Woolworths - 1074651586",
    "barcode": null,
    "shop": "Woolworths",
    "weight": "100ML",
    "prices": [
      {
        "state": "NSW",
        "price": "6600",
        "price_per_unit": "3882",
        "price_unit": "ML"
      },
      {
        "state": "VIC",
        "price": "6600",
        "price_per_unit": "3882",
        "price_unit": "ML"
      },
      {
        "state": "QLD",
        "price": "6600",
        "price_per_unit": "3882",
        "price_unit": "ML"
      },
      {
        "state": "WA",
        "price": "6600",
        "price_per_unit": "3882",
        "price_unit": "ML"
      },
      {
        "state": "SA",
        "price": "6600",
        "price_per_unit": "3882",
        "price_unit": "ML"
      },
      {
        "state": "TAS",
        "price": "6600",
        "price_per_unit": "3882",
        "price_unit": "ML"
      },
      {
        "state": "ACT",
        "price": "6600",
        "price_per_unit": "3882",
        "price_unit": "ML"
      },
      {
        "state": "NT",
        "price": "6600",
        "price_per_unit": "3882",
        "price_unit": "ML"
      }
    ]
  },
  {
    "source_url": "https://www.woolworths.com.au/shop/productdetails/147879/essano-collagen-boost-cleanser",
    "name": "Essano Collagen Boost Cleanser 100ml",
    "image_url": "https://cdn1.woolworths.media/content/wowproductimages/large/147879.jpg",
    "source_id": "Woolworths - 147879",
    "barcode": "9421008706199",
    "shop": "Woolworths",
    "weight": "100ML",
    "prices": [
      {
        "state": "NSW",
        "price": "1000",
        "price_per_unit": "1000",
        "price_unit": "ML"
      },
      {
        "state": "VIC",
        "price": "1000",
        "price_per_unit": "1000",
        "price_unit": "ML"
      },
      {
        "state": "WA",
        "price": "1000",
        "price_per_unit": "1000",
        "price_unit": "ML"
      },
      {
        "state": "SA",
        "price": "1000",
        "price_per_unit": "1000",
        "price_unit": "ML"
      },
      {
        "state": "TAS",
        "price": "1000",
        "price_per_unit": "1000",
        "price_unit": "ML"
      },
      {
        "state": "ACT",
        "price": "1000",
        "price_per_unit": "1000",
        "price_unit": "ML"
      },
      {
        "state": "NT",
        "price": "1000",
        "price_per_unit": "1000",
        "price_unit": "ML"
      }
    ]
  },
  {
    "source_url": "https://www.woolworths.com.au/shop/productdetails/266708/essano-happy-skin-clean-canvas-jelly-cleanser",
    "name": "Essano Happy Skin Clean Canvas Jelly Cleanser 280ml",
    "image_url": "https://cdn1.woolworths.media/content/wowproductimages/large/266708.jpg",
    "source_id": "Woolworths - 266708",
    "barcode": "9421008707882",
    "shop": "Woolworths",
    "weight": "100ML",
    "prices": [
      {
        "state": "NSW",
        "price": "2700",
        "price_per_unit": "964",
        "price_unit": "ML"
      },
      {
        "state": "VIC",
        "price": "2700",
        "price_per_unit": "964",
        "price_unit": "ML"
      },
      {
        "state": "QLD",
        "price": "2700",
        "price_per_unit": "964",
        "price_unit": "ML"
      },
      {
        "state": "WA",
        "price": "2700",
        "price_per_unit": "964",
        "price_unit": "ML"
      },
      {
        "state": "SA",
        "price": "2700",
        "price_per_unit": "964",
        "price_unit": "ML"
      },
      {
        "state": "TAS",
        "price": "2700",
        "price_per_unit": "964",
        "price_unit": "ML"
      },
      {
        "state": "ACT",
        "price": "2700",
        "price_per_unit": "964",
        "price_unit": "ML"
      },
      {
        "state": "NT",
        "price": "2700",
        "price_per_unit": "964",
        "price_unit": "ML"
      }
    ]
  },
  {
    "source_url": "https://www.woolworths.com.au/shop/productdetails/453348/essano-happy-skin-milky-oil-cleanser",
    "name": "Essano Happy Skin Milky Oil Cleanser 200mL",
    "image_url": "https://cdn1.woolworths.media/content/wowproductimages/large/453348.jpg",
    "source_id": "Woolworths - 453348",
    "barcode": "9421008708391",
    "shop": "Woolworths",
    "weight": "100ML",
    "prices": [
      {
        "state": "NSW",
        "price": "2700",
        "price_per_unit": "1350",
        "price_unit": "ML"
      },
      {
        "state": "VIC",
        "price": "2700",
        "price_per_unit": "1350",
        "price_unit": "ML"
      },
      {
        "state": "QLD",
        "price": "2700",
        "price_per_unit": "1350",
        "price_unit": "ML"
      },
      {
        "state": "WA",
        "price": "2700",
        "price_per_unit": "1350",
        "price_unit": "ML"
      },
      {
        "state": "SA",
        "price": "2700",
        "price_per_unit": "1350",
        "price_unit": "ML"
      },
      {
        "state": "TAS",
        "price": "2700",
        "price_per_unit": "1350",
        "price_unit": "ML"
      },
      {
        "state": "ACT",
        "price": "2700",
        "price_per_unit": "1350",
        "price_unit": "ML"
      },
      {
        "state": "NT",
        "price": "2700",
        "price_per_unit": "1350",
        "price_unit": "ML"
      }
    ]
  },
  {
    "source_url": "https://www.woolworths.com.au/shop/productdetails/268713/essano-happy-skin-prep-balance-toner-mist",
    "name": "Essano Happy Skin Prep & Balance Toner Mist 150ml",
    "image_url": "https://cdn1.woolworths.media/content/wowproductimages/large/268713.jpg",
    "source_id": "Woolworths - 268713",
    "barcode": "9421008707899",
    "shop": "Woolworths",
    "weight": "100ML",
    "prices": [
      {
        "state": "NSW",
        "price": "2300",
        "price_per_unit": "1533",
        "price_unit": "ML"
      },
      {
        "state": "VIC",
        "price": "2300",
        "price_per_unit": "1533",
        "price_unit": "ML"
      },
      {
        "state": "WA",
        "price": "2300",
        "price_per_unit": "1533",
        "price_unit": "ML"
      },
      {
        "state": "SA",
        "price": "2300",
        "price_per_unit": "1533",
        "price_unit": "ML"
      },
      {
        "state": "TAS",
        "price": "2300",
        "price_per_unit": "1533",
        "price_unit": "ML"
      },
      {
        "state": "ACT",
        "price": "2300",
        "price_per_unit": "1533",
        "price_unit": "ML"
      }
    ]
  },
  {
    "source_url": "https://www.woolworths.com.au/shop/productdetails/335462/essano-hydration-gel-cleanser",
    "name": "Essano Hydration Gel Cleanser 140ml",
    "image_url": "https://cdn1.woolworths.media/content/wowproductimages/large/335462.jpg",
    "source_id": "Woolworths - 335462",
    "barcode": "9421008708117",
    "shop": "Woolworths",
    "weight": "100ML",
    "prices": [
      {
        "state": "NSW",
        "price": "850",
        "price_per_unit": "607",
        "price_unit": "ML"
      },
      {
        "state": "VIC",
        "price": "850",
        "price_per_unit": "607",
        "price_unit": "ML"
      },
      {
        "state": "QLD",
        "price": "850",
        "price_per_unit": "607",
        "price_unit": "ML"
      },
      {
        "state": "WA",
        "price": "850",
        "price_per_unit": "607",
        "price_unit": "ML"
      },
      {
        "state": "SA",
        "price": "850",
        "price_per_unit": "607",
        "price_unit": "ML"
      },
      {
        "state": "TAS",
        "price": "850",
        "price_per_unit": "607",
        "price_unit": "ML"
      },
      {
        "state": "ACT",
        "price": "850",
        "price_per_unit": "607",
        "price_unit": "ML"
      },
      {
        "state": "NT",
        "price": "850",
        "price_per_unit": "607",
        "price_unit": "ML"
      }
    ]
  },
  {
    "source_url": "https://www.woolworths.com.au/shop/productdetails/334709/essano-hydration-toning-mist",
    "name": "Essano Hydration Toning Mist 120ml",
    "image_url": "https://cdn1.woolworths.media/content/wowproductimages/large/334709.jpg",
    "source_id": "Woolworths - 334709",
    "barcode": "9421008708124",
    "shop": "Woolworths",
    "weight": "100ML",
    "prices": [
      {
        "state": "NSW",
        "price": "700",
        "price_per_unit": "583",
        "price_unit": "ML"
      },
      {
        "state": "VIC",
        "price": "700",
        "price_per_unit": "583",
        "price_unit": "ML"
      },
      {
        "state": "WA",
        "price": "700",
        "price_per_unit": "583",
        "price_unit": "ML"
      },
      {
        "state": "SA",
        "price": "700",
        "price_per_unit": "583",
        "price_unit": "ML"
      },
      {
        "state": "TAS",
        "price": "700",
        "price_per_unit": "583",
        "price_unit": "ML"
      },
      {
        "state": "ACT",
        "price": "700",
        "price_per_unit": "583",
        "price_unit": "ML"
      }
    ]
  },
  {
    "source_url": "https://www.woolworths.com.au/shop/productdetails/394976/essano-hydration-micellar-make-up-remover",
    "name": "Essano Hydration+ Micellar Make Up Remover 400mL",
    "image_url": "https://cdn1.woolworths.media/content/wowproductimages/large/394976.jpg",
    "source_id": "Woolworths - 394976",
    "barcode": "9421008708155",
    "shop": "Woolworths",
    "weight": "1EA",
    "prices": [
      {
        "state": "NSW",
        "price": "800",
        "price_per_unit": "800",
        "price_unit": "EA"
      },
      {
        "state": "VIC",
        "price": "800",
        "price_per_unit": "800",
        "price_unit": "EA"
      },
      {
        "state": "QLD",
        "price": "800",
        "price_per_unit": "800",
        "price_unit": "EA"
      },
      {
        "state": "WA",
        "price": "800",
        "price_per_unit": "800",
        "price_unit": "EA"
      },
      {
        "state": "SA",
        "price": "800",
        "price_per_unit": "800",
        "price_unit": "EA"
      },
      {
        "state": "TAS",
        "price": "800",
        "price_per_unit": "800",
        "price_unit": "EA"
      },
      {
        "state": "ACT",
        "price": "800",
        "price_per_unit": "800",
        "price_unit": "EA"
      },
      {
        "state": "NT",
        "price": "800",
        "price_per_unit": "800",
        "price_unit": "EA"
      }
    ]
  },
  {
    "source_url": "https://www.woolworths.com.au/shop/productdetails/334178/essano-hydration-pink-clay-exfoliator",
    "name": "Essano Hydration+ Pink Clay Exfoliator 100ml",
    "image_url": "https://cdn1.woolworths.media/content/wowproductimages/large/334178.jpg",
    "source_id": "Woolworths - 334178",
    "barcode": "9421008708179",
    "shop": "Woolworths",
    "weight": "100ML",
    "prices": [
      {
        "state": "NSW",
        "price": "850",
        "price_per_unit": "850",
        "price_unit": "ML"
      },
      {
        "state": "VIC",
        "price": "850",
        "price_per_unit": "850",
        "price_unit": "ML"
      },
      {
        "state": "QLD",
        "price": "850",
        "price_per_unit": "850",
        "price_unit": "ML"
      },
      {
        "state": "WA",
        "price": "850",
        "price_per_unit": "850",
        "price_unit": "ML"
      },
      {
        "state": "SA",
        "price": "850",
        "price_per_unit": "850",
        "price_unit": "ML"
      },
      {
        "state": "TAS",
        "price": "850",
        "price_per_unit": "850",
        "price_unit": "ML"
      },
      {
        "state": "ACT",
        "price": "850",
        "price_per_unit": "850",
        "price_unit": "ML"
      },
      {
        "state": "NT",
        "price": "850",
        "price_per_unit": "850",
        "price_unit": "ML"
      }
    ]
  },
  {
    "source_url": "https://www.woolworths.com.au/shop/productdetails/1074825986/estee-lauder-advanced-night-cleansing-balm-with-lipid-rich-oil-infusion-70ml-2-2oz",
    "name": "Estee Lauder Advanced Night Cleansing Balm With Lipid Rich Oil Infusion 70ml/2.2oz",
    "image_url": "https://cdn1.woolworths.media/content/wowproductimages/large/1074825986.jpg",
    "source_id": "Woolworths - 1074825986",
    "barcode": null,
    "shop": "Woolworths",
    "weight": "100ML",
    "prices": [
      {
        "state": "NSW",
        "price": "7800",
        "price_per_unit": "11143",
        "price_unit": "ML"
      },
      {
        "state": "VIC",
        "price": "7800",
        "price_per_unit": "11143",
        "price_unit": "ML"
      },
      {
        "state": "QLD",
        "price": "7800",
        "price_per_unit": "11143",
        "price_unit": "ML"
      },
      {
        "state": "WA",
        "price": "7800",
        "price_per_unit": "11143",
        "price_unit": "ML"
      },
      {
        "state": "SA",
        "price": "7800",
        "price_per_unit": "11143",
        "price_unit": "ML"
      },
      {
        "state": "TAS",
        "price": "7800",
        "price_per_unit": "11143",
        "price_unit": "ML"
      },
      {
        "state": "ACT",
        "price": "7800",
        "price_per_unit": "11143",
        "price_unit": "ML"
      },
      {
        "state": "NT",
        "price": "7800",
        "price_per_unit": "11143",
        "price_unit": "ML"
      }
    ]
  },
  {
    "source_url": "https://www.woolworths.com.au/shop/productdetails/1074651666/estee-lauder-nutritious-super-pomegranate-nourish-all-night-set-night-creme-milky-lotion-lotion-intense-moist-cleansing-form-4pcs-2bags",
    "name": "Estee Lauder Nutritious Super-Pomegranate Nourish All Night Set: Night Creme+ Milky Lotion+ Lotion Intense Moist+ Cleansing Form... 4pcs+2bags",
    "image_url": "https://cdn1.woolworths.media/content/wowproductimages/large/1074651666.jpg",
    "source_id": "Woolworths - 1074651666",
    "barcode": null,
    "shop": "Woolworths",
    "weight": "1EA",
    "prices": [
      {
        "state": "NSW",
        "price": "15200",
        "price_per_unit": "3800",
        "price_unit": "EA"
      },
      {
        "state": "VIC",
        "price": "15200",
        "price_per_unit": "3800",
        "price_unit": "EA"
      },
      {
        "state": "QLD",
        "price": "15200",
        "price_per_unit": "3800",
        "price_unit": "EA"
      },
      {
        "state": "WA",
        "price": "15200",
        "price_per_unit": "3800",
        "price_unit": "EA"
      },
      {
        "state": "SA",
        "price": "15200",
        "price_per_unit": "3800",
        "price_unit": "EA"
      },
      {
        "state": "TAS",
        "price": "15200",
        "price_per_unit": "3800",
        "price_unit": "EA"
      },
      {
        "state": "ACT",
        "price": "15200",
        "price_per_unit": "3800",
        "price_unit": "EA"
      },
      {
        "state": "NT",
        "price": "15200",
        "price_per_unit": "3800",
        "price_unit": "EA"
      }
    ]
  },
  {
    "source_url": "https://www.woolworths.com.au/shop/productdetails/1074651667/estee-lauder-nutritious-super-pomegranate-overnight-radiance-collection-cleansing-foam-125ml-lotion-intense-moist-200ml-night-creme-50ml-3pcs",
    "name": "Estee Lauder Nutritious Super-Pomegranate Overnight Radiance Collection: Cleansing Foam 125ml+Lotion Intense Moist 200ml+Night Creme 50ml 3pcs",
    "image_url": "https://cdn1.woolworths.media/content/wowproductimages/large/1074651667.jpg",
    "source_id": "Woolworths - 1074651667",
    "barcode": null,
    "shop": "Woolworths",
    "weight": "1EA",
    "prices": [
      {
        "state": "NSW",
        "price": "20600",
        "price_per_unit": "6867",
        "price_unit": "EA"
      },
      {
        "state": "VIC",
        "price": "20600",
        "price_per_unit": "6867",
        "price_unit": "EA"
      },
      {
        "state": "QLD",
        "price": "20600",
        "price_per_unit": "6867",
        "price_unit": "EA"
      },
      {
        "state": "WA",
        "price": "20600",
        "price_per_unit": "6867",
        "price_unit": "EA"
      },
      {
        "state": "SA",
        "price": "20600",
        "price_per_unit": "6867",
        "price_unit": "EA"
      },
      {
        "state": "TAS",
        "price": "20600",
        "price_per_unit": "6867",
        "price_unit": "EA"
      },
      {
        "state": "ACT",
        "price": "20600",
        "price_per_unit": "6867",
        "price_unit": "EA"
      },
      {
        "state": "NT",
        "price": "20600",
        "price_per_unit": "6867",
        "price_unit": "EA"
      }
    ]
  },
  {
    "source_url": "https://www.woolworths.com.au/shop/productdetails/1074651668/estee-lauder-nutritious-super-pomegranate-radiant-energy-2-in-1-cleansing-foam-125ml-4-2oz",
    "name": "Estee Lauder Nutritious Super-Pomegranate Radiant Energy 2-In-1 Cleansing Foam 125ml/4.2oz",
    "image_url": "https://cdn1.woolworths.media/content/wowproductimages/large/1074651668.jpg",
    "source_id": "Woolworths - 1074651668",
    "barcode": null,
    "shop": "Woolworths",
    "weight": "100ML",
    "prices": [
      {
        "state": "NSW",
        "price": "5900",
        "price_per_unit": "4720",
        "price_unit": "ML"
      },
      {
        "state": "VIC",
        "price": "5900",
        "price_per_unit": "4720",
        "price_unit": "ML"
      },
      {
        "state": "QLD",
        "price": "5900",
        "price_per_unit": "4720",
        "price_unit": "ML"
      },
      {
        "state": "WA",
        "price": "5900",
        "price_per_unit": "4720",
        "price_unit": "ML"
      },
      {
        "state": "SA",
        "price": "5900",
        "price_per_unit": "4720",
        "price_unit": "ML"
      },
      {
        "state": "TAS",
        "price": "5900",
        "price_per_unit": "4720",
        "price_unit": "ML"
      },
      {
        "state": "ACT",
        "price": "5900",
        "price_per_unit": "4720",
        "price_unit": "ML"
      },
      {
        "state": "NT",
        "price": "5900",
        "price_per_unit": "4720",
        "price_unit": "ML"
      }
    ]
  },
  {
    "source_url": "https://www.woolworths.com.au/shop/productdetails/1074651669/estee-lauder-nutritious-super-pomegranate-radiant-energy-cleansing-oil-400ml-13-5oz",
    "name": "Estee Lauder Nutritious Super-Pomegranate Radiant Energy Cleansing Oil 400ml/13.5oz",
    "image_url": "https://cdn1.woolworths.media/content/wowproductimages/large/1074651669.jpg",
    "source_id": "Woolworths - 1074651669",
    "barcode": null,
    "shop": "Woolworths",
    "weight": "100ML",
    "prices": [
      {
        "state": "NSW",
        "price": "12600",
        "price_per_unit": "3150",
        "price_unit": "ML"
      },
      {
        "state": "VIC",
        "price": "12600",
        "price_per_unit": "3150",
        "price_unit": "ML"
      },
      {
        "state": "QLD",
        "price": "12600",
        "price_per_unit": "3150",
        "price_unit": "ML"
      },
      {
        "state": "WA",
        "price": "12600",
        "price_per_unit": "3150",
        "price_unit": "ML"
      },
      {
        "state": "SA",
        "price": "12600",
        "price_per_unit": "3150",
        "price_unit": "ML"
      },
      {
        "state": "TAS",
        "price": "12600",
        "price_per_unit": "3150",
        "price_unit": "ML"
      },
      {
        "state": "ACT",
        "price": "12600",
        "price_per_unit": "3150",
        "price_unit": "ML"
      },
      {
        "state": "NT",
        "price": "12600",
        "price_per_unit": "3150",
        "price_unit": "ML"
      }
    ]
  },
  {
    "source_url": "https://www.woolworths.com.au/shop/productdetails/1074651679/estee-lauder-nutritious-super-pomegranate-reveal-a-rosy-radiance-set-moisture-creme-milky-lotion-light-lotion-cleansing-foam-4pcs-2bags",
    "name": "Estee Lauder Nutritious Super-Pomegranate Reveal A Rosy Radiance Set: Moisture Creme+ Milky Lotion Light+ Lotion+ Cleansing Foam ... 4pcs+2bags",
    "image_url": "https://cdn1.woolworths.media/content/wowproductimages/large/1074651679.jpg",
    "source_id": "Woolworths - 1074651679",
    "barcode": null,
    "shop": "Woolworths",
    "weight": "1EA",
    "prices": [
      {
        "state": "NSW",
        "price": "15400",
        "price_per_unit": "3850",
        "price_unit": "EA"
      },
      {
        "state": "VIC",
        "price": "15400",
        "price_per_unit": "3850",
        "price_unit": "EA"
      },
      {
        "state": "QLD",
        "price": "15400",
        "price_per_unit": "3850",
        "price_unit": "EA"
      },
      {
        "state": "WA",
        "price": "15400",
        "price_per_unit": "3850",
        "price_unit": "EA"
      },
      {
        "state": "SA",
        "price": "15400",
        "price_per_unit": "3850",
        "price_unit": "EA"
      },
      {
        "state": "TAS",
        "price": "15400",
        "price_per_unit": "3850",
        "price_unit": "EA"
      },
      {
        "state": "ACT",
        "price": "15400",
        "price_per_unit": "3850",
        "price_unit": "EA"
      },
      {
        "state": "NT",
        "price": "15400",
        "price_per_unit": "3850",
        "price_unit": "EA"
      }
    ]
  },
  {
    "source_url": "https://www.woolworths.com.au/shop/productdetails/1075809123/ethique-solid-face-cleanser-bar-deep-green-100g-x-6",
    "name": "Ethique Solid Face Cleanser Bar Deep Green 100g x 6",
    "image_url": "https://cdn1.woolworths.media/content/wowproductimages/large/1075809123.jpg",
    "source_id": "Woolworths - 1075809123",
    "barcode": null,
    "shop": "Woolworths",
    "weight": "1EA",
    "prices": [
      {
        "state": "NSW",
        "price": "8900",
        "price_per_unit": "1483",
        "price_unit": "EA"
      },
      {
        "state": "VIC",
        "price": "8900",
        "price_per_unit": "1483",
        "price_unit": "EA"
      },
      {
        "state": "QLD",
        "price": "8900",
        "price_per_unit": "1483",
        "price_unit": "EA"
      },
      {
        "state": "WA",
        "price": "8900",
        "price_per_unit": "1483",
        "price_unit": "EA"
      },
      {
        "state": "SA",
        "price": "8900",
        "price_per_unit": "1483",
        "price_unit": "EA"
      },
      {
        "state": "TAS",
        "price": "8900",
        "price_per_unit": "1483",
        "price_unit": "EA"
      },
      {
        "state": "ACT",
        "price": "8900",
        "price_per_unit": "1483",
        "price_unit": "EA"
      },
      {
        "state": "NT",
        "price": "8900",
        "price_per_unit": "1483",
        "price_unit": "EA"
      }
    ]
  },
  {
    "source_url": "https://www.woolworths.com.au/shop/productdetails/1074736269/etude-house-wonder-pore-deep-foaming-cleanser-150g-5-29oz",
    "name": "Etude House Wonder Pore Deep Foaming Cleanser 150g/5.29oz",
    "image_url": "https://cdn1.woolworths.media/content/wowproductimages/large/1074736269.jpg",
    "source_id": "Woolworths - 1074736269",
    "barcode": null,
    "shop": "Woolworths",
    "weight": "100G",
    "prices": [
      {
        "state": "NSW",
        "price": "2500",
        "price_per_unit": "1667",
        "price_unit": "G"
      },
      {
        "state": "VIC",
        "price": "2500",
        "price_per_unit": "1667",
        "price_unit": "G"
      },
      {
        "state": "QLD",
        "price": "2500",
        "price_per_unit": "1667",
        "price_unit": "G"
      },
      {
        "state": "WA",
        "price": "2500",
        "price_per_unit": "1667",
        "price_unit": "G"
      },
      {
        "state": "SA",
        "price": "2500",
        "price_per_unit": "1667",
        "price_unit": "G"
      },
      {
        "state": "TAS",
        "price": "2500",
        "price_per_unit": "1667",
        "price_unit": "G"
      },
      {
        "state": "ACT",
        "price": "2500",
        "price_per_unit": "1667",
        "price_unit": "G"
      },
      {
        "state": "NT",
        "price": "2500",
        "price_per_unit": "1667",
        "price_unit": "G"
      }
    ]
  },
  {
    "source_url": "https://www.woolworths.com.au/shop/productdetails/1074651761/eve-lom-begin-end-gift-set-cleanser-200ml-6-8oz-moisture-cream-50ml-1-6oz-muslin-cloth-3pcs",
    "name": "Eve Lom Begin & End Gift Set: Cleanser 200ml/6.8oz + Moisture Cream 50ml/1.6oz + Muslin Cloth 3pcs",
    "image_url": "https://cdn1.woolworths.media/content/wowproductimages/large/1074651761.jpg",
    "source_id": "Woolworths - 1074651761",
    "barcode": null,
    "shop": "Woolworths",
    "weight": "1EA",
    "prices": [
      {
        "state": "NSW",
        "price": "31200",
        "price_per_unit": "10400",
        "price_unit": "EA"
      },
      {
        "state": "VIC",
        "price": "31200",
        "price_per_unit": "10400",
        "price_unit": "EA"
      },
      {
        "state": "QLD",
        "price": "31200",
        "price_per_unit": "10400",
        "price_unit": "EA"
      },
      {
        "state": "WA",
        "price": "31200",
        "price_per_unit": "10400",
        "price_unit": "EA"
      },
      {
        "state": "SA",
        "price": "31200",
        "price_per_unit": "10400",
        "price_unit": "EA"
      },
      {
        "state": "TAS",
        "price": "31200",
        "price_per_unit": "10400",
        "price_unit": "EA"
      },
      {
        "state": "ACT",
        "price": "31200",
        "price_per_unit": "10400",
        "price_unit": "EA"
      },
      {
        "state": "NT",
        "price": "31200",
        "price_per_unit": "10400",
        "price_unit": "EA"
      }
    ]
  },
  {
    "source_url": "https://www.woolworths.com.au/shop/productdetails/1074932987/eve-lom-cleanser-100ml-3-3oz",
    "name": "Eve Lom Cleanser 100ml/3.3oz",
    "image_url": "https://cdn1.woolworths.media/content/wowproductimages/large/1074932987.jpg",
    "source_id": "Woolworths - 1074932987",
    "barcode": null,
    "shop": "Woolworths",
    "weight": "100ML",
    "prices": [
      {
        "state": "NSW",
        "price": "10800",
        "price_per_unit": "10800",
        "price_unit": "ML"
      },
      {
        "state": "VIC",
        "price": "10800",
        "price_per_unit": "10800",
        "price_unit": "ML"
      },
      {
        "state": "QLD",
        "price": "10800",
        "price_per_unit": "10800",
        "price_unit": "ML"
      },
      {
        "state": "WA",
        "price": "10800",
        "price_per_unit": "10800",
        "price_unit": "ML"
      },
      {
        "state": "SA",
        "price": "10800",
        "price_per_unit": "10800",
        "price_unit": "ML"
      },
      {
        "state": "TAS",
        "price": "10800",
        "price_per_unit": "10800",
        "price_unit": "ML"
      },
      {
        "state": "ACT",
        "price": "10800",
        "price_per_unit": "10800",
        "price_unit": "ML"
      },
      {
        "state": "NT",
        "price": "10800",
        "price_per_unit": "10800",
        "price_unit": "ML"
      }
    ]
  },
  {
    "source_url": "https://www.woolworths.com.au/shop/productdetails/1074651763/eve-lom-cleanser-200ml-6-8oz",
    "name": "Eve Lom Cleanser 200ml/6.8oz",
    "image_url": "https://cdn1.woolworths.media/content/wowproductimages/large/1074651763.jpg",
    "source_id": "Woolworths - 1074651763",
    "barcode": null,
    "shop": "Woolworths",
    "weight": "100ML",
    "prices": [
      {
        "state": "NSW",
        "price": "12300",
        "price_per_unit": "6150",
        "price_unit": "ML"
      },
      {
        "state": "VIC",
        "price": "12300",
        "price_per_unit": "6150",
        "price_unit": "ML"
      },
      {
        "state": "QLD",
        "price": "12300",
        "price_per_unit": "6150",
        "price_unit": "ML"
      },
      {
        "state": "WA",
        "price": "12300",
        "price_per_unit": "6150",
        "price_unit": "ML"
      },
      {
        "state": "SA",
        "price": "12300",
        "price_per_unit": "6150",
        "price_unit": "ML"
      },
      {
        "state": "TAS",
        "price": "12300",
        "price_per_unit": "6150",
        "price_unit": "ML"
      },
      {
        "state": "ACT",
        "price": "12300",
        "price_per_unit": "6150",
        "price_unit": "ML"
      },
      {
        "state": "NT",
        "price": "12300",
        "price_per_unit": "6150",
        "price_unit": "ML"
      }
    ]
  },
  {
    "source_url": "https://www.woolworths.com.au/shop/productdetails/1074651764/eve-lom-cleanser-50ml-1-6oz",
    "name": "Eve Lom Cleanser 50ml/1.6oz",
    "image_url": "https://cdn1.woolworths.media/content/wowproductimages/large/1074651764.jpg",
    "source_id": "Woolworths - 1074651764",
    "barcode": null,
    "shop": "Woolworths",
    "weight": "100ML",
    "prices": [
      {
        "state": "NSW",
        "price": "7200",
        "price_per_unit": "14400",
        "price_unit": "ML"
      },
      {
        "state": "VIC",
        "price": "7200",
        "price_per_unit": "14400",
        "price_unit": "ML"
      },
      {
        "state": "QLD",
        "price": "7200",
        "price_per_unit": "14400",
        "price_unit": "ML"
      },
      {
        "state": "WA",
        "price": "7200",
        "price_per_unit": "14400",
        "price_unit": "ML"
      },
      {
        "state": "SA",
        "price": "7200",
        "price_per_unit": "14400",
        "price_unit": "ML"
      },
      {
        "state": "TAS",
        "price": "7200",
        "price_per_unit": "14400",
        "price_unit": "ML"
      },
      {
        "state": "ACT",
        "price": "7200",
        "price_per_unit": "14400",
        "price_unit": "ML"
      },
      {
        "state": "NT",
        "price": "7200",
        "price_per_unit": "14400",
        "price_unit": "ML"
      }
    ]
  },
  {
    "source_url": "https://www.woolworths.com.au/shop/productdetails/1075481113/every-bit-organic-raw-rose-water-200ml",
    "name": "Every Bit Organic Raw Rose Water 200ml",
    "image_url": "https://cdn1.woolworths.media/content/wowproductimages/large/1075481113.jpg",
    "source_id": "Woolworths - 1075481113",
    "barcode": null,
    "shop": "Woolworths",
    "weight": "100ML",
    "prices": [
      {
        "state": "NSW",
        "price": "1595",
        "price_per_unit": "798",
        "price_unit": "ML"
      },
      {
        "state": "VIC",
        "price": "1595",
        "price_per_unit": "798",
        "price_unit": "ML"
      },
      {
        "state": "QLD",
        "price": "1595",
        "price_per_unit": "798",
        "price_unit": "ML"
      },
      {
        "state": "WA",
        "price": "1595",
        "price_per_unit": "798",
        "price_unit": "ML"
      },
      {
        "state": "SA",
        "price": "1595",
        "price_per_unit": "798",
        "price_unit": "ML"
      },
      {
        "state": "TAS",
        "price": "1595",
        "price_per_unit": "798",
        "price_unit": "ML"
      },
      {
        "state": "ACT",
        "price": "1595",
        "price_per_unit": "798",
        "price_unit": "ML"
      },
      {
        "state": "NT",
        "price": "1595",
        "price_per_unit": "798",
        "price_unit": "ML"
      }
    ]
  },
  {
    "source_url": "https://www.woolworths.com.au/shop/productdetails/1075479524/evohe-balancing-face-mist-50ml",
    "name": "Evohe Balancing Face Mist 50ml",
    "image_url": "https://cdn1.woolworths.media/content/wowproductimages/large/1075479524.jpg",
    "source_id": "Woolworths - 1075479524",
    "barcode": null,
    "shop": "Woolworths",
    "weight": "100ML",
    "prices": [
      {
        "state": "NSW",
        "price": "2595",
        "price_per_unit": "5190",
        "price_unit": "ML"
      },
      {
        "state": "VIC",
        "price": "2595",
        "price_per_unit": "5190",
        "price_unit": "ML"
      },
      {
        "state": "QLD",
        "price": "2595",
        "price_per_unit": "5190",
        "price_unit": "ML"
      },
      {
        "state": "WA",
        "price": "2595",
        "price_per_unit": "5190",
        "price_unit": "ML"
      },
      {
        "state": "SA",
        "price": "2595",
        "price_per_unit": "5190",
        "price_unit": "ML"
      },
      {
        "state": "TAS",
        "price": "2595",
        "price_per_unit": "5190",
        "price_unit": "ML"
      },
      {
        "state": "ACT",
        "price": "2595",
        "price_per_unit": "5190",
        "price_unit": "ML"
      },
      {
        "state": "NT",
        "price": "2595",
        "price_per_unit": "5190",
        "price_unit": "ML"
      }
    ]
  },
  {
    "source_url": "https://www.woolworths.com.au/shop/productdetails/1075477274/evohe-cleanse-soothing-cream-cleanser-50ml",
    "name": "Evohe Cleanse Soothing Cream Cleanser 50ml",
    "image_url": "https://cdn1.woolworths.media/content/wowproductimages/large/default.png",
    "source_id": "Woolworths - 1075477274",
    "barcode": null,
    "shop": "Woolworths",
    "weight": "100ML",
    "prices": [
      {
        "state": "NSW",
        "price": "2695",
        "price_per_unit": "5390",
        "price_unit": "ML"
      },
      {
        "state": "VIC",
        "price": "2695",
        "price_per_unit": "5390",
        "price_unit": "ML"
      },
      {
        "state": "QLD",
        "price": "2695",
        "price_per_unit": "5390",
        "price_unit": "ML"
      },
      {
        "state": "WA",
        "price": "2695",
        "price_per_unit": "5390",
        "price_unit": "ML"
      },
      {
        "state": "SA",
        "price": "2695",
        "price_per_unit": "5390",
        "price_unit": "ML"
      },
      {
        "state": "TAS",
        "price": "2695",
        "price_per_unit": "5390",
        "price_unit": "ML"
      },
      {
        "state": "ACT",
        "price": "2695",
        "price_per_unit": "5390",
        "price_unit": "ML"
      },
      {
        "state": "NT",
        "price": "2695",
        "price_per_unit": "5390",
        "price_unit": "ML"
      }
    ]
  },
  {
    "source_url": "https://www.woolworths.com.au/shop/productdetails/1075479935/evohe-foam-wash-multipurpose-foaming-wash-175ml",
    "name": "Evohe Foam Wash Multipurpose Foaming Wash 175ml",
    "image_url": "https://cdn1.woolworths.media/content/wowproductimages/large/1075479935.jpg",
    "source_id": "Woolworths - 1075479935",
    "barcode": null,
    "shop": "Woolworths",
    "weight": "100ML",
    "prices": [
      {
        "state": "NSW",
        "price": "3695",
        "price_per_unit": "2111",
        "price_unit": "ML"
      },
      {
        "state": "VIC",
        "price": "3695",
        "price_per_unit": "2111",
        "price_unit": "ML"
      },
      {
        "state": "QLD",
        "price": "3695",
        "price_per_unit": "2111",
        "price_unit": "ML"
      },
      {
        "state": "WA",
        "price": "3695",
        "price_per_unit": "2111",
        "price_unit": "ML"
      },
      {
        "state": "SA",
        "price": "3695",
        "price_per_unit": "2111",
        "price_unit": "ML"
      },
      {
        "state": "TAS",
        "price": "3695",
        "price_per_unit": "2111",
        "price_unit": "ML"
      },
      {
        "state": "ACT",
        "price": "3695",
        "price_per_unit": "2111",
        "price_unit": "ML"
      },
      {
        "state": "NT",
        "price": "3695",
        "price_per_unit": "2111",
        "price_unit": "ML"
      }
    ]
  },
  {
    "source_url": "https://www.woolworths.com.au/shop/productdetails/1073955807/faith-in-face-egg-white-whip-cleansing-foam-150-ml",
    "name": "Faith In Face Egg White Whip Cleansing Foam 150 ml",
    "image_url": "https://cdn1.woolworths.media/content/wowproductimages/large/1073955807.jpg",
    "source_id": "Woolworths - 1073955807",
    "barcode": null,
    "shop": "Woolworths",
    "weight": "100ML",
    "prices": [
      {
        "state": "NSW",
        "price": "2250",
        "price_per_unit": "1500",
        "price_unit": "ML"
      },
      {
        "state": "VIC",
        "price": "2250",
        "price_per_unit": "1500",
        "price_unit": "ML"
      },
      {
        "state": "QLD",
        "price": "2250",
        "price_per_unit": "1500",
        "price_unit": "ML"
      },
      {
        "state": "WA",
        "price": "2250",
        "price_per_unit": "1500",
        "price_unit": "ML"
      },
      {
        "state": "SA",
        "price": "2250",
        "price_per_unit": "1500",
        "price_unit": "ML"
      },
      {
        "state": "TAS",
        "price": "2250",
        "price_per_unit": "1500",
        "price_unit": "ML"
      },
      {
        "state": "ACT",
        "price": "2250",
        "price_per_unit": "1500",
        "price_unit": "ML"
      },
      {
        "state": "NT",
        "price": "2250",
        "price_per_unit": "1500",
        "price_unit": "ML"
      }
    ]
  },
  {
    "source_url": "https://www.woolworths.com.au/shop/productdetails/1074651803/fancl-pore-cleansing-pack-40g",
    "name": "Fancl Pore Cleansing Pack 40g",
    "image_url": "https://cdn1.woolworths.media/content/wowproductimages/large/1074651803.jpg",
    "source_id": "Woolworths - 1074651803",
    "barcode": null,
    "shop": "Woolworths",
    "weight": "100G",
    "prices": [
      {
        "state": "NSW",
        "price": "6000",
        "price_per_unit": "15000",
        "price_unit": "G"
      },
      {
        "state": "VIC",
        "price": "6000",
        "price_per_unit": "15000",
        "price_unit": "G"
      },
      {
        "state": "QLD",
        "price": "6000",
        "price_per_unit": "15000",
        "price_unit": "G"
      },
      {
        "state": "WA",
        "price": "6000",
        "price_per_unit": "15000",
        "price_unit": "G"
      },
      {
        "state": "SA",
        "price": "6000",
        "price_per_unit": "15000",
        "price_unit": "G"
      },
      {
        "state": "TAS",
        "price": "6000",
        "price_per_unit": "15000",
        "price_unit": "G"
      },
      {
        "state": "ACT",
        "price": "6000",
        "price_per_unit": "15000",
        "price_unit": "G"
      },
      {
        "state": "NT",
        "price": "6000",
        "price_per_unit": "15000",
        "price_unit": "G"
      }
    ]
  },
  {
    "source_url": "https://www.woolworths.com.au/shop/productdetails/1074662650/feat-by-you-vitassie-pure-mountain-water-first-care-toner-160ml",
    "name": "Feat By You ViTassie Pure Mountain Water First Care Toner 160ml",
    "image_url": "https://cdn1.woolworths.media/content/wowproductimages/large/1074662650.jpg",
    "source_id": "Woolworths - 1074662650",
    "barcode": null,
    "shop": "Woolworths",
    "weight": "100ML",
    "prices": [
      {
        "state": "NSW",
        "price": "2900",
        "price_per_unit": "1813",
        "price_unit": "ML"
      },
      {
        "state": "VIC",
        "price": "2900",
        "price_per_unit": "1813",
        "price_unit": "ML"
      },
      {
        "state": "QLD",
        "price": "2900",
        "price_per_unit": "1813",
        "price_unit": "ML"
      },
      {
        "state": "WA",
        "price": "2900",
        "price_per_unit": "1813",
        "price_unit": "ML"
      },
      {
        "state": "SA",
        "price": "2900",
        "price_per_unit": "1813",
        "price_unit": "ML"
      },
      {
        "state": "TAS",
        "price": "2900",
        "price_per_unit": "1813",
        "price_unit": "ML"
      },
      {
        "state": "ACT",
        "price": "2900",
        "price_per_unit": "1813",
        "price_unit": "ML"
      },
      {
        "state": "NT",
        "price": "2900",
        "price_per_unit": "1813",
        "price_unit": "ML"
      }
    ]
  },
  {
    "source_url": "https://www.woolworths.com.au/shop/productdetails/1074728766/filorga-age-purify-cleanser-150ml-5-07oz",
    "name": "Filorga Age Purify Cleanser 150ml/5.07oz",
    "image_url": "https://cdn1.woolworths.media/content/wowproductimages/large/1074728766.jpg",
    "source_id": "Woolworths - 1074728766",
    "barcode": null,
    "shop": "Woolworths",
    "weight": "100ML",
    "prices": [
      {
        "state": "NSW",
        "price": "5100",
        "price_per_unit": "3400",
        "price_unit": "ML"
      },
      {
        "state": "VIC",
        "price": "5100",
        "price_per_unit": "3400",
        "price_unit": "ML"
      },
      {
        "state": "QLD",
        "price": "5100",
        "price_per_unit": "3400",
        "price_unit": "ML"
      },
      {
        "state": "WA",
        "price": "5100",
        "price_per_unit": "3400",
        "price_unit": "ML"
      },
      {
        "state": "SA",
        "price": "5100",
        "price_per_unit": "3400",
        "price_unit": "ML"
      },
      {
        "state": "TAS",
        "price": "5100",
        "price_per_unit": "3400",
        "price_unit": "ML"
      },
      {
        "state": "ACT",
        "price": "5100",
        "price_per_unit": "3400",
        "price_unit": "ML"
      },
      {
        "state": "NT",
        "price": "5100",
        "price_per_unit": "3400",
        "price_unit": "ML"
      }
    ]
  },
  {
    "source_url": "https://www.woolworths.com.au/shop/productdetails/1075797931/filorga-skin-prep-perfecting-cleansing-oil-150ml-5-07oz",
    "name": "Filorga Skin Prep Perfecting Cleansing Oil 150ml/5.07oz",
    "image_url": "https://cdn1.woolworths.media/content/wowproductimages/large/1075797931.jpg",
    "source_id": "Woolworths - 1075797931",
    "barcode": null,
    "shop": "Woolworths",
    "weight": "100ML",
    "prices": [
      {
        "state": "NSW",
        "price": "4900",
        "price_per_unit": "3267",
        "price_unit": "ML"
      },
      {
        "state": "VIC",
        "price": "4900",
        "price_per_unit": "3267",
        "price_unit": "ML"
      },
      {
        "state": "QLD",
        "price": "4900",
        "price_per_unit": "3267",
        "price_unit": "ML"
      },
      {
        "state": "WA",
        "price": "4900",
        "price_per_unit": "3267",
        "price_unit": "ML"
      },
      {
        "state": "SA",
        "price": "4900",
        "price_per_unit": "3267",
        "price_unit": "ML"
      },
      {
        "state": "TAS",
        "price": "4900",
        "price_per_unit": "3267",
        "price_unit": "ML"
      },
      {
        "state": "ACT",
        "price": "4900",
        "price_per_unit": "3267",
        "price_unit": "ML"
      },
      {
        "state": "NT",
        "price": "4900",
        "price_per_unit": "3267",
        "price_unit": "ML"
      }
    ]
  },
  {
    "source_url": "https://www.woolworths.com.au/shop/productdetails/1074651861/flanerie-gentle-exfoliating-cryo-gel-100ml-3-38oz",
    "name": "Flanerie Gentle Exfoliating Cryo-Gel 100ml/3.38oz",
    "image_url": "https://cdn1.woolworths.media/content/wowproductimages/large/1074651861.jpg",
    "source_id": "Woolworths - 1074651861",
    "barcode": null,
    "shop": "Woolworths",
    "weight": "100ML",
    "prices": [
      {
        "state": "NSW",
        "price": "6600",
        "price_per_unit": "6600",
        "price_unit": "ML"
      },
      {
        "state": "VIC",
        "price": "6600",
        "price_per_unit": "6600",
        "price_unit": "ML"
      },
      {
        "state": "QLD",
        "price": "6600",
        "price_per_unit": "6600",
        "price_unit": "ML"
      },
      {
        "state": "WA",
        "price": "6600",
        "price_per_unit": "6600",
        "price_unit": "ML"
      },
      {
        "state": "SA",
        "price": "6600",
        "price_per_unit": "6600",
        "price_unit": "ML"
      },
      {
        "state": "TAS",
        "price": "6600",
        "price_per_unit": "6600",
        "price_unit": "ML"
      },
      {
        "state": "ACT",
        "price": "6600",
        "price_per_unit": "6600",
        "price_unit": "ML"
      },
      {
        "state": "NT",
        "price": "6600",
        "price_per_unit": "6600",
        "price_unit": "ML"
      }
    ]
  },
  {
    "source_url": "https://www.woolworths.com.au/shop/productdetails/1074651908/for-beloved-one-water-pay-glowing-hydro-toner-200ml-7-04oz",
    "name": "For Beloved One Water Pay Glowing Hydro Toner 200ml/7.04oz",
    "image_url": "https://cdn1.woolworths.media/content/wowproductimages/large/1074651908.jpg",
    "source_id": "Woolworths - 1074651908",
    "barcode": null,
    "shop": "Woolworths",
    "weight": "100ML",
    "prices": [
      {
        "state": "NSW",
        "price": "5100",
        "price_per_unit": "2550",
        "price_unit": "ML"
      },
      {
        "state": "VIC",
        "price": "5100",
        "price_per_unit": "2550",
        "price_unit": "ML"
      },
      {
        "state": "QLD",
        "price": "5100",
        "price_per_unit": "2550",
        "price_unit": "ML"
      },
      {
        "state": "WA",
        "price": "5100",
        "price_per_unit": "2550",
        "price_unit": "ML"
      },
      {
        "state": "SA",
        "price": "5100",
        "price_per_unit": "2550",
        "price_unit": "ML"
      },
      {
        "state": "TAS",
        "price": "5100",
        "price_per_unit": "2550",
        "price_unit": "ML"
      },
      {
        "state": "ACT",
        "price": "5100",
        "price_per_unit": "2550",
        "price_unit": "ML"
      },
      {
        "state": "NT",
        "price": "5100",
        "price_per_unit": "2550",
        "price_unit": "ML"
      }
    ]
  },
  {
    "source_url": "https://www.woolworths.com.au/shop/productdetails/1074651938/fresh-black-tea-firming-corset-cream-for-face-neck-50ml-1-6oz",
    "name": "Fresh Black Tea Firming Corset Cream - For Face & Neck 50ml/1.6oz",
    "image_url": "https://cdn1.woolworths.media/content/wowproductimages/large/1074651938.jpg",
    "source_id": "Woolworths - 1074651938",
    "barcode": null,
    "shop": "Woolworths",
    "weight": "100ML",
    "prices": [
      {
        "state": "NSW",
        "price": "14100",
        "price_per_unit": "28200",
        "price_unit": "ML"
      },
      {
        "state": "VIC",
        "price": "14100",
        "price_per_unit": "28200",
        "price_unit": "ML"
      },
      {
        "state": "QLD",
        "price": "14100",
        "price_per_unit": "28200",
        "price_unit": "ML"
      },
      {
        "state": "WA",
        "price": "14100",
        "price_per_unit": "28200",
        "price_unit": "ML"
      },
      {
        "state": "SA",
        "price": "14100",
        "price_per_unit": "28200",
        "price_unit": "ML"
      },
      {
        "state": "TAS",
        "price": "14100",
        "price_per_unit": "28200",
        "price_unit": "ML"
      },
      {
        "state": "ACT",
        "price": "14100",
        "price_per_unit": "28200",
        "price_unit": "ML"
      },
      {
        "state": "NT",
        "price": "14100",
        "price_per_unit": "28200",
        "price_unit": "ML"
      }
    ]
  },
  {
    "source_url": "https://www.woolworths.com.au/shop/productdetails/1074903002/fresh-milk-body-cleanser-260ml-8-7oz",
    "name": "Fresh Milk Body Cleanser 260ml/8.7oz",
    "image_url": "https://cdn1.woolworths.media/content/wowproductimages/large/1074903002.jpg",
    "source_id": "Woolworths - 1074903002",
    "barcode": null,
    "shop": "Woolworths",
    "weight": "100ML",
    "prices": [
      {
        "state": "NSW",
        "price": "6900",
        "price_per_unit": "2654",
        "price_unit": "ML"
      },
      {
        "state": "VIC",
        "price": "6900",
        "price_per_unit": "2654",
        "price_unit": "ML"
      },
      {
        "state": "QLD",
        "price": "6900",
        "price_per_unit": "2654",
        "price_unit": "ML"
      },
      {
        "state": "WA",
        "price": "6900",
        "price_per_unit": "2654",
        "price_unit": "ML"
      },
      {
        "state": "SA",
        "price": "6900",
        "price_per_unit": "2654",
        "price_unit": "ML"
      },
      {
        "state": "TAS",
        "price": "6900",
        "price_per_unit": "2654",
        "price_unit": "ML"
      },
      {
        "state": "ACT",
        "price": "6900",
        "price_per_unit": "2654",
        "price_unit": "ML"
      },
      {
        "state": "NT",
        "price": "6900",
        "price_per_unit": "2654",
        "price_unit": "ML"
      }
    ]
  },
  {
    "source_url": "https://www.woolworths.com.au/shop/productdetails/1074651962/fresh-rose-deep-hydration-facial-toner-250ml-8-4oz",
    "name": "Fresh Rose Deep Hydration Facial Toner 250ml/8.4oz",
    "image_url": "https://cdn1.woolworths.media/content/wowproductimages/large/1074651962.jpg",
    "source_id": "Woolworths - 1074651962",
    "barcode": null,
    "shop": "Woolworths",
    "weight": "100ML",
    "prices": [
      {
        "state": "NSW",
        "price": "7800",
        "price_per_unit": "3120",
        "price_unit": "ML"
      },
      {
        "state": "VIC",
        "price": "7800",
        "price_per_unit": "3120",
        "price_unit": "ML"
      },
      {
        "state": "QLD",
        "price": "7800",
        "price_per_unit": "3120",
        "price_unit": "ML"
      },
      {
        "state": "WA",
        "price": "7800",
        "price_per_unit": "3120",
        "price_unit": "ML"
      },
      {
        "state": "SA",
        "price": "7800",
        "price_per_unit": "3120",
        "price_unit": "ML"
      },
      {
        "state": "TAS",
        "price": "7800",
        "price_per_unit": "3120",
        "price_unit": "ML"
      },
      {
        "state": "ACT",
        "price": "7800",
        "price_per_unit": "3120",
        "price_unit": "ML"
      },
      {
        "state": "NT",
        "price": "7800",
        "price_per_unit": "3120",
        "price_unit": "ML"
      }
    ]
  },
  {
    "source_url": "https://www.woolworths.com.au/shop/productdetails/1074651963/fresh-rose-deep-hydration-facial-toner-400ml-13-5oz",
    "name": "Fresh Rose Deep Hydration Facial Toner 400ml/13.5oz",
    "image_url": "https://cdn1.woolworths.media/content/wowproductimages/large/1074651963.jpg",
    "source_id": "Woolworths - 1074651963",
    "barcode": null,
    "shop": "Woolworths",
    "weight": "100ML",
    "prices": [
      {
        "state": "NSW",
        "price": "10800",
        "price_per_unit": "2700",
        "price_unit": "ML"
      },
      {
        "state": "VIC",
        "price": "10800",
        "price_per_unit": "2700",
        "price_unit": "ML"
      },
      {
        "state": "QLD",
        "price": "10800",
        "price_per_unit": "2700",
        "price_unit": "ML"
      },
      {
        "state": "WA",
        "price": "10800",
        "price_per_unit": "2700",
        "price_unit": "ML"
      },
      {
        "state": "SA",
        "price": "10800",
        "price_per_unit": "2700",
        "price_unit": "ML"
      },
      {
        "state": "TAS",
        "price": "10800",
        "price_per_unit": "2700",
        "price_unit": "ML"
      },
      {
        "state": "ACT",
        "price": "10800",
        "price_per_unit": "2700",
        "price_unit": "ML"
      },
      {
        "state": "NT",
        "price": "10800",
        "price_per_unit": "2700",
        "price_unit": "ML"
      }
    ]
  },
  {
    "source_url": "https://www.woolworths.com.au/shop/productdetails/1074651970/fresh-soy-face-cleanser-150ml-5-1oz",
    "name": "Fresh Soy Face Cleanser 150ml/5.1oz",
    "image_url": "https://cdn1.woolworths.media/content/wowproductimages/large/1074651970.jpg",
    "source_id": "Woolworths - 1074651970",
    "barcode": null,
    "shop": "Woolworths",
    "weight": "100ML",
    "prices": [
      {
        "state": "NSW",
        "price": "6100",
        "price_per_unit": "4067",
        "price_unit": "ML"
      },
      {
        "state": "VIC",
        "price": "6100",
        "price_per_unit": "4067",
        "price_unit": "ML"
      },
      {
        "state": "QLD",
        "price": "6100",
        "price_per_unit": "4067",
        "price_unit": "ML"
      },
      {
        "state": "WA",
        "price": "6100",
        "price_per_unit": "4067",
        "price_unit": "ML"
      },
      {
        "state": "SA",
        "price": "6100",
        "price_per_unit": "4067",
        "price_unit": "ML"
      },
      {
        "state": "TAS",
        "price": "6100",
        "price_per_unit": "4067",
        "price_unit": "ML"
      },
      {
        "state": "ACT",
        "price": "6100",
        "price_per_unit": "4067",
        "price_unit": "ML"
      },
      {
        "state": "NT",
        "price": "6100",
        "price_per_unit": "4067",
        "price_unit": "ML"
      }
    ]
  },
  {
    "source_url": "https://www.woolworths.com.au/shop/productdetails/1074651973/fresh-sugar-face-polish-125ml-4-2oz",
    "name": "Fresh Sugar Face Polish 125ml/4.2oz",
    "image_url": "https://cdn1.woolworths.media/content/wowproductimages/large/1074651973.jpg",
    "source_id": "Woolworths - 1074651973",
    "barcode": null,
    "shop": "Woolworths",
    "weight": "100ML",
    "prices": [
      {
        "state": "NSW",
        "price": "9600",
        "price_per_unit": "7680",
        "price_unit": "ML"
      },
      {
        "state": "VIC",
        "price": "9600",
        "price_per_unit": "7680",
        "price_unit": "ML"
      },
      {
        "state": "QLD",
        "price": "9600",
        "price_per_unit": "7680",
        "price_unit": "ML"
      },
      {
        "state": "WA",
        "price": "9600",
        "price_per_unit": "7680",
        "price_unit": "ML"
      },
      {
        "state": "SA",
        "price": "9600",
        "price_per_unit": "7680",
        "price_unit": "ML"
      },
      {
        "state": "TAS",
        "price": "9600",
        "price_per_unit": "7680",
        "price_unit": "ML"
      },
      {
        "state": "ACT",
        "price": "9600",
        "price_per_unit": "7680",
        "price_unit": "ML"
      },
      {
        "state": "NT",
        "price": "9600",
        "price_per_unit": "7680",
        "price_unit": "ML"
      }
    ]
  },
  {
    "source_url": "https://www.woolworths.com.au/shop/productdetails/1074608524/frudia-citrus-brightening-toner-195ml",
    "name": "FRUDIA Citrus Brightening Toner 195ml",
    "image_url": "https://cdn1.woolworths.media/content/wowproductimages/large/1074608524.jpg",
    "source_id": "Woolworths - 1074608524",
    "barcode": null,
    "shop": "Woolworths",
    "weight": "100ML",
    "prices": [
      {
        "state": "NSW",
        "price": "2700",
        "price_per_unit": "1385",
        "price_unit": "ML"
      },
      {
        "state": "VIC",
        "price": "2700",
        "price_per_unit": "1385",
        "price_unit": "ML"
      },
      {
        "state": "QLD",
        "price": "2700",
        "price_per_unit": "1385",
        "price_unit": "ML"
      },
      {
        "state": "WA",
        "price": "2700",
        "price_per_unit": "1385",
        "price_unit": "ML"
      },
      {
        "state": "SA",
        "price": "2700",
        "price_per_unit": "1385",
        "price_unit": "ML"
      },
      {
        "state": "TAS",
        "price": "2700",
        "price_per_unit": "1385",
        "price_unit": "ML"
      },
      {
        "state": "ACT",
        "price": "2700",
        "price_per_unit": "1385",
        "price_unit": "ML"
      },
      {
        "state": "NT",
        "price": "2700",
        "price_per_unit": "1385",
        "price_unit": "ML"
      }
    ]
  },
  {
    "source_url": "https://www.woolworths.com.au/shop/productdetails/1074560076/frudia-green-grape-pore-control-toner-195ml",
    "name": "FRUDIA Green Grape Pore Control Toner 195ml",
    "image_url": "https://cdn1.woolworths.media/content/wowproductimages/large/1074560076.jpg",
    "source_id": "Woolworths - 1074560076",
    "barcode": null,
    "shop": "Woolworths",
    "weight": "100ML",
    "prices": [
      {
        "state": "NSW",
        "price": "2600",
        "price_per_unit": "1333",
        "price_unit": "ML"
      },
      {
        "state": "VIC",
        "price": "2600",
        "price_per_unit": "1333",
        "price_unit": "ML"
      },
      {
        "state": "QLD",
        "price": "2600",
        "price_per_unit": "1333",
        "price_unit": "ML"
      },
      {
        "state": "WA",
        "price": "2600",
        "price_per_unit": "1333",
        "price_unit": "ML"
      },
      {
        "state": "SA",
        "price": "2600",
        "price_per_unit": "1333",
        "price_unit": "ML"
      },
      {
        "state": "TAS",
        "price": "2600",
        "price_per_unit": "1333",
        "price_unit": "ML"
      },
      {
        "state": "ACT",
        "price": "2600",
        "price_per_unit": "1333",
        "price_unit": "ML"
      },
      {
        "state": "NT",
        "price": "2600",
        "price_per_unit": "1333",
        "price_unit": "ML"
      }
    ]
  },
  {
    "source_url": "https://www.woolworths.com.au/shop/productdetails/1074560080/frudia-green-grape-pore-peeling-pad-79g",
    "name": "FRUDIA Green Grape Pore Peeling Pad 79g",
    "image_url": "https://cdn1.woolworths.media/content/wowproductimages/large/1074560080.jpg",
    "source_id": "Woolworths - 1074560080",
    "barcode": null,
    "shop": "Woolworths",
    "weight": "100G",
    "prices": [
      {
        "state": "NSW",
        "price": "2700",
        "price_per_unit": "3418",
        "price_unit": "G"
      },
      {
        "state": "VIC",
        "price": "2700",
        "price_per_unit": "3418",
        "price_unit": "G"
      },
      {
        "state": "QLD",
        "price": "2700",
        "price_per_unit": "3418",
        "price_unit": "G"
      },
      {
        "state": "WA",
        "price": "2700",
        "price_per_unit": "3418",
        "price_unit": "G"
      },
      {
        "state": "SA",
        "price": "2700",
        "price_per_unit": "3418",
        "price_unit": "G"
      },
      {
        "state": "TAS",
        "price": "2700",
        "price_per_unit": "3418",
        "price_unit": "G"
      },
      {
        "state": "ACT",
        "price": "2700",
        "price_per_unit": "3418",
        "price_unit": "G"
      },
      {
        "state": "NT",
        "price": "2700",
        "price_per_unit": "3418",
        "price_unit": "G"
      }
    ]
  },
  {
    "source_url": "https://www.woolworths.com.au/shop/productdetails/233120/frula-3-phase-micellar-cleansing-water",
    "name": "Frula 3 Phase Micellar Cleansing Water 400mL",
    "image_url": "https://cdn1.woolworths.media/content/wowproductimages/large/233120.jpg",
    "source_id": "Woolworths - 233120",
    "barcode": "9421906990201",
    "shop": "Woolworths",
    "weight": "100ML",
    "prices": [
      {
        "state": "NSW",
        "price": "800",
        "price_per_unit": "200",
        "price_unit": "ML"
      },
      {
        "state": "VIC",
        "price": "800",
        "price_per_unit": "200",
        "price_unit": "ML"
      },
      {
        "state": "QLD",
        "price": "800",
        "price_per_unit": "200",
        "price_unit": "ML"
      },
      {
        "state": "WA",
        "price": "800",
        "price_per_unit": "200",
        "price_unit": "ML"
      },
      {
        "state": "SA",
        "price": "800",
        "price_per_unit": "200",
        "price_unit": "ML"
      },
      {
        "state": "TAS",
        "price": "800",
        "price_per_unit": "200",
        "price_unit": "ML"
      },
      {
        "state": "ACT",
        "price": "800",
        "price_per_unit": "200",
        "price_unit": "ML"
      },
      {
        "state": "NT",
        "price": "800",
        "price_per_unit": "200",
        "price_unit": "ML"
      }
    ]
  },
  {
    "source_url": "https://www.woolworths.com.au/shop/productdetails/233138/frula-gentle-foaming-face-cleanser-face-cleanser",
    "name": "Frula Gentle Foaming Face Cleanser 150mL",
    "image_url": "https://cdn1.woolworths.media/content/wowproductimages/large/233138.jpg",
    "source_id": "Woolworths - 233138",
    "barcode": "9421906990317",
    "shop": "Woolworths",
    "weight": "100ML",
    "prices": [
      {
        "state": "VIC",
        "price": "700",
        "price_per_unit": "467",
        "price_unit": "ML"
      },
      {
        "state": "QLD",
        "price": "700",
        "price_per_unit": "467",
        "price_unit": "ML"
      },
      {
        "state": "WA",
        "price": "700",
        "price_per_unit": "467",
        "price_unit": "ML"
      },
      {
        "state": "SA",
        "price": "700",
        "price_per_unit": "467",
        "price_unit": "ML"
      },
      {
        "state": "TAS",
        "price": "700",
        "price_per_unit": "467",
        "price_unit": "ML"
      },
      {
        "state": "ACT",
        "price": "700",
        "price_per_unit": "467",
        "price_unit": "ML"
      },
      {
        "state": "NT",
        "price": "700",
        "price_per_unit": "467",
        "price_unit": "ML"
      }
    ]
  },
  {
    "source_url": "https://www.woolworths.com.au/shop/productdetails/452275/frula-hyaluronic-daily-face-cream-cleanser",
    "name": "Frula Hyaluronic Daily Face Cream Cleanser 100mL",
    "image_url": "https://cdn1.woolworths.media/content/wowproductimages/large/452275.jpg",
    "source_id": "Woolworths - 452275",
    "barcode": "9421907883014",
    "shop": "Woolworths",
    "weight": "100ML",
    "prices": [
      {
        "state": "NSW",
        "price": "700",
        "price_per_unit": "700",
        "price_unit": "ML"
      },
      {
        "state": "VIC",
        "price": "700",
        "price_per_unit": "700",
        "price_unit": "ML"
      },
      {
        "state": "WA",
        "price": "700",
        "price_per_unit": "700",
        "price_unit": "ML"
      },
      {
        "state": "SA",
        "price": "700",
        "price_per_unit": "700",
        "price_unit": "ML"
      },
      {
        "state": "TAS",
        "price": "700",
        "price_per_unit": "700",
        "price_unit": "ML"
      },
      {
        "state": "ACT",
        "price": "700",
        "price_per_unit": "700",
        "price_unit": "ML"
      }
    ]
  },
  {
    "source_url": "https://www.woolworths.com.au/shop/productdetails/1074106001/garnier-anti-blackhead-cleansing-gel-micellar-water-soothing-cornflower-2pk-400ml",
    "name": "Garnier Anti Blackhead Cleansing Gel Micellar Water Soothing Cornflower 2PK 400ml",
    "image_url": "https://cdn1.woolworths.media/content/wowproductimages/large/1074106001.jpg",
    "source_id": "Woolworths - 1074106001",
    "barcode": null,
    "shop": "Woolworths",
    "weight": "1EA",
    "prices": [
      {
        "state": "NSW",
        "price": "2300",
        "price_per_unit": "1150",
        "price_unit": "EA"
      },
      {
        "state": "VIC",
        "price": "2300",
        "price_per_unit": "1150",
        "price_unit": "EA"
      },
      {
        "state": "QLD",
        "price": "2300",
        "price_per_unit": "1150",
        "price_unit": "EA"
      },
      {
        "state": "WA",
        "price": "2300",
        "price_per_unit": "1150",
        "price_unit": "EA"
      },
      {
        "state": "SA",
        "price": "2300",
        "price_per_unit": "1150",
        "price_unit": "EA"
      },
      {
        "state": "TAS",
        "price": "2300",
        "price_per_unit": "1150",
        "price_unit": "EA"
      },
      {
        "state": "ACT",
        "price": "2300",
        "price_per_unit": "1150",
        "price_unit": "EA"
      },
      {
        "state": "NT",
        "price": "2300",
        "price_per_unit": "1150",
        "price_unit": "EA"
      }
    ]
  },
  {
    "source_url": "https://www.woolworths.com.au/shop/productdetails/1076027996/garnier-green-labs-hyalu-melon-smoothing-milky-wash-cleanser-130ml-10pk",
    "name": "Garnier Green Labs Hyalu-Melon Smoothing Milky Wash Cleanser 130mL 10pk",
    "image_url": "https://cdn1.woolworths.media/content/wowproductimages/large/1076027996.jpg",
    "source_id": "Woolworths - 1076027996",
    "barcode": null,
    "shop": "Woolworths",
    "weight": "1EA",
    "prices": [
      {
        "state": "NSW",
        "price": "7999",
        "price_per_unit": "800",
        "price_unit": "EA"
      },
      {
        "state": "VIC",
        "price": "7999",
        "price_per_unit": "800",
        "price_unit": "EA"
      },
      {
        "state": "QLD",
        "price": "7999",
        "price_per_unit": "800",
        "price_unit": "EA"
      },
      {
        "state": "WA",
        "price": "7999",
        "price_per_unit": "800",
        "price_unit": "EA"
      },
      {
        "state": "SA",
        "price": "7999",
        "price_per_unit": "800",
        "price_unit": "EA"
      },
      {
        "state": "TAS",
        "price": "7999",
        "price_per_unit": "800",
        "price_unit": "EA"
      },
      {
        "state": "ACT",
        "price": "7999",
        "price_per_unit": "800",
        "price_unit": "EA"
      },
      {
        "state": "NT",
        "price": "7999",
        "price_per_unit": "800",
        "price_unit": "EA"
      }
    ]
  },
  {
    "source_url": "https://www.woolworths.com.au/shop/productdetails/1075358227/garnier-green-labs-hyalu-melon-smoothing-milky-wash-cleanser-130ml-3pk",
    "name": "Garnier Green Labs Hyalu-Melon Smoothing Milky Wash Cleanser 130ml 3pk",
    "image_url": "https://cdn1.woolworths.media/content/wowproductimages/large/1075358227.jpg",
    "source_id": "Woolworths - 1075358227",
    "barcode": null,
    "shop": "Woolworths",
    "weight": "1EA",
    "prices": [
      {
        "state": "NSW",
        "price": "2999",
        "price_per_unit": "1000",
        "price_unit": "EA"
      },
      {
        "state": "VIC",
        "price": "2999",
        "price_per_unit": "1000",
        "price_unit": "EA"
      },
      {
        "state": "QLD",
        "price": "2999",
        "price_per_unit": "1000",
        "price_unit": "EA"
      },
      {
        "state": "WA",
        "price": "2999",
        "price_per_unit": "1000",
        "price_unit": "EA"
      },
      {
        "state": "SA",
        "price": "2999",
        "price_per_unit": "1000",
        "price_unit": "EA"
      },
      {
        "state": "TAS",
        "price": "2999",
        "price_per_unit": "1000",
        "price_unit": "EA"
      },
      {
        "state": "ACT",
        "price": "2999",
        "price_per_unit": "1000",
        "price_unit": "EA"
      },
      {
        "state": "NT",
        "price": "2999",
        "price_per_unit": "1000",
        "price_unit": "EA"
      }
    ]
  },
  {
    "source_url": "https://www.woolworths.com.au/shop/productdetails/1074604409/garnier-green-labs-pinea-c-brightening-gel-wash-130ml",
    "name": "Garnier Green Labs Pinea-C Brightening Gel Wash 130mL",
    "image_url": "https://cdn1.woolworths.media/content/wowproductimages/large/1074604409.jpg",
    "source_id": "Woolworths - 1074604409",
    "barcode": null,
    "shop": "Woolworths",
    "weight": "1EA",
    "prices": [
      {
        "state": "NSW",
        "price": "1495",
        "price_per_unit": "1495",
        "price_unit": "EA"
      },
      {
        "state": "VIC",
        "price": "1495",
        "price_per_unit": "1495",
        "price_unit": "EA"
      }
    ]
  },
  {
    "source_url": "https://www.woolworths.com.au/shop/productdetails/1074347576/garnier-green-labs-pinea-c-brightening-gel-wash-130ml-x-6",
    "name": "Garnier Green Labs Pinea-C Brightening Gel Wash 130mL x 6",
    "image_url": "https://cdn1.woolworths.media/content/wowproductimages/large/1074347576.jpg",
    "source_id": "Woolworths - 1074347576",
    "barcode": null,
    "shop": "Woolworths",
    "weight": "1EA",
    "prices": [
      {
        "state": "NSW",
        "price": "4400",
        "price_per_unit": "733",
        "price_unit": "EA"
      },
      {
        "state": "VIC",
        "price": "4400",
        "price_per_unit": "733",
        "price_unit": "EA"
      },
      {
        "state": "QLD",
        "price": "4400",
        "price_per_unit": "733",
        "price_unit": "EA"
      },
      {
        "state": "WA",
        "price": "4400",
        "price_per_unit": "733",
        "price_unit": "EA"
      },
      {
        "state": "SA",
        "price": "4400",
        "price_per_unit": "733",
        "price_unit": "EA"
      },
      {
        "state": "TAS",
        "price": "4400",
        "price_per_unit": "733",
        "price_unit": "EA"
      },
      {
        "state": "ACT",
        "price": "4400",
        "price_per_unit": "733",
        "price_unit": "EA"
      },
      {
        "state": "NT",
        "price": "4400",
        "price_per_unit": "733",
        "price_unit": "EA"
      }
    ]
  },
  {
    "source_url": "https://www.woolworths.com.au/shop/productdetails/1075322679/garnier-green-labs-pinea-c-brightening-gel-wash-cleanser-130ml-3pk",
    "name": "Garnier Green Labs Pinea-C Brightening Gel Wash Cleanser 130ml 3pk",
    "image_url": "https://cdn1.woolworths.media/content/wowproductimages/large/1075322679.jpg",
    "source_id": "Woolworths - 1075322679",
    "barcode": null,
    "shop": "Woolworths",
    "weight": "1EA",
    "prices": [
      {
        "state": "NSW",
        "price": "2999",
        "price_per_unit": "1000",
        "price_unit": "EA"
      },
      {
        "state": "VIC",
        "price": "2999",
        "price_per_unit": "1000",
        "price_unit": "EA"
      },
      {
        "state": "QLD",
        "price": "2999",
        "price_per_unit": "1000",
        "price_unit": "EA"
      },
      {
        "state": "WA",
        "price": "2999",
        "price_per_unit": "1000",
        "price_unit": "EA"
      },
      {
        "state": "SA",
        "price": "2999",
        "price_per_unit": "1000",
        "price_unit": "EA"
      },
      {
        "state": "TAS",
        "price": "2999",
        "price_per_unit": "1000",
        "price_unit": "EA"
      },
      {
        "state": "ACT",
        "price": "2999",
        "price_per_unit": "1000",
        "price_unit": "EA"
      },
      {
        "state": "NT",
        "price": "2999",
        "price_per_unit": "1000",
        "price_unit": "EA"
      }
    ]
  },
  {
    "source_url": "https://www.woolworths.com.au/shop/productdetails/1076027998/garnier-green-labs-pinea-c-brightening-gel-wash-cleanser-130ml-9pk",
    "name": "Garnier Green Labs Pinea-C Brightening Gel Wash Cleanser 130mL 9pk",
    "image_url": "https://cdn1.woolworths.media/content/wowproductimages/large/1076027998.jpg",
    "source_id": "Woolworths - 1076027998",
    "barcode": null,
    "shop": "Woolworths",
    "weight": "1EA",
    "prices": [
      {
        "state": "NSW",
        "price": "2999",
        "price_per_unit": "333",
        "price_unit": "EA"
      },
      {
        "state": "VIC",
        "price": "2999",
        "price_per_unit": "333",
        "price_unit": "EA"
      },
      {
        "state": "QLD",
        "price": "2999",
        "price_per_unit": "333",
        "price_unit": "EA"
      },
      {
        "state": "WA",
        "price": "2999",
        "price_per_unit": "333",
        "price_unit": "EA"
      },
      {
        "state": "SA",
        "price": "2999",
        "price_per_unit": "333",
        "price_unit": "EA"
      },
      {
        "state": "TAS",
        "price": "2999",
        "price_per_unit": "333",
        "price_unit": "EA"
      },
      {
        "state": "ACT",
        "price": "2999",
        "price_per_unit": "333",
        "price_unit": "EA"
      },
      {
        "state": "NT",
        "price": "2999",
        "price_per_unit": "333",
        "price_unit": "EA"
      }
    ]
  },
  {
    "source_url": "https://www.woolworths.com.au/shop/productdetails/1075589027/garnier-green-labs-pore-perfecting-3-in-1-cleanse-exfoliate-mask-canna-b-130ml-12pk",
    "name": "Garnier Green Labs Pore Perfecting 3 in 1 Cleanse Exfoliate Mask Canna B 130ml 12pk",
    "image_url": "https://cdn1.woolworths.media/content/wowproductimages/large/1075589027.jpg",
    "source_id": "Woolworths - 1075589027",
    "barcode": null,
    "shop": "Woolworths",
    "weight": "1EA",
    "prices": [
      {
        "state": "NSW",
        "price": "7999",
        "price_per_unit": "667",
        "price_unit": "EA"
      },
      {
        "state": "VIC",
        "price": "7999",
        "price_per_unit": "667",
        "price_unit": "EA"
      },
      {
        "state": "QLD",
        "price": "7999",
        "price_per_unit": "667",
        "price_unit": "EA"
      },
      {
        "state": "WA",
        "price": "7999",
        "price_per_unit": "667",
        "price_unit": "EA"
      },
      {
        "state": "SA",
        "price": "7999",
        "price_per_unit": "667",
        "price_unit": "EA"
      },
      {
        "state": "TAS",
        "price": "7999",
        "price_per_unit": "667",
        "price_unit": "EA"
      },
      {
        "state": "ACT",
        "price": "7999",
        "price_per_unit": "667",
        "price_unit": "EA"
      },
      {
        "state": "NT",
        "price": "7999",
        "price_per_unit": "667",
        "price_unit": "EA"
      }
    ]
  },
  {
    "source_url": "https://www.woolworths.com.au/shop/productdetails/1075322998/garnier-green-labs-pore-perfecting-3-in-1-cleanse-exfoliate-mask-canna-b-130ml-3pk",
    "name": "Garnier Green Labs Pore Perfecting 3 in 1 Cleanse Exfoliate Mask Canna B 130ml 3pk",
    "image_url": "https://cdn1.woolworths.media/content/wowproductimages/large/1075322998.jpg",
    "source_id": "Woolworths - 1075322998",
    "barcode": null,
    "shop": "Woolworths",
    "weight": "1EA",
    "prices": [
      {
        "state": "NSW",
        "price": "2799",
        "price_per_unit": "933",
        "price_unit": "EA"
      },
      {
        "state": "VIC",
        "price": "2799",
        "price_per_unit": "933",
        "price_unit": "EA"
      },
      {
        "state": "QLD",
        "price": "2799",
        "price_per_unit": "933",
        "price_unit": "EA"
      },
      {
        "state": "WA",
        "price": "2799",
        "price_per_unit": "933",
        "price_unit": "EA"
      },
      {
        "state": "SA",
        "price": "2799",
        "price_per_unit": "933",
        "price_unit": "EA"
      },
      {
        "state": "TAS",
        "price": "2799",
        "price_per_unit": "933",
        "price_unit": "EA"
      },
      {
        "state": "ACT",
        "price": "2799",
        "price_per_unit": "933",
        "price_unit": "EA"
      },
      {
        "state": "NT",
        "price": "2799",
        "price_per_unit": "933",
        "price_unit": "EA"
      }
    ]
  },
  {
    "source_url": "https://www.woolworths.com.au/shop/productdetails/1075589026/garnier-green-labs-pore-perfecting-3-in-1-cleanse-exfoliate-mask-canna-b-130ml-6pk",
    "name": "Garnier Green Labs Pore Perfecting 3 in 1 Cleanse Exfoliate Mask Canna B 130ml 6pk",
    "image_url": "https://cdn1.woolworths.media/content/wowproductimages/large/1075589026.jpg",
    "source_id": "Woolworths - 1075589026",
    "barcode": null,
    "shop": "Woolworths",
    "weight": "1EA",
    "prices": [
      {
        "state": "NSW",
        "price": "5099",
        "price_per_unit": "850",
        "price_unit": "EA"
      },
      {
        "state": "VIC",
        "price": "5099",
        "price_per_unit": "850",
        "price_unit": "EA"
      },
      {
        "state": "QLD",
        "price": "5099",
        "price_per_unit": "850",
        "price_unit": "EA"
      },
      {
        "state": "WA",
        "price": "5099",
        "price_per_unit": "850",
        "price_unit": "EA"
      },
      {
        "state": "SA",
        "price": "5099",
        "price_per_unit": "850",
        "price_unit": "EA"
      },
      {
        "state": "TAS",
        "price": "5099",
        "price_per_unit": "850",
        "price_unit": "EA"
      },
      {
        "state": "ACT",
        "price": "5099",
        "price_per_unit": "850",
        "price_unit": "EA"
      },
      {
        "state": "NT",
        "price": "5099",
        "price_per_unit": "850",
        "price_unit": "EA"
      }
    ]
  },
  {
    "source_url": "https://www.woolworths.com.au/shop/productdetails/1075179283/garnier-green-labs-smoothing-milky-wash-hyalu-melon-cleanser-130ml",
    "name": "Garnier Green Labs Smoothing Milky Wash Hyalu-Melon Cleanser 130mL",
    "image_url": "https://cdn1.woolworths.media/content/wowproductimages/large/1075179283.jpg",
    "source_id": "Woolworths - 1075179283",
    "barcode": null,
    "shop": "Woolworths",
    "weight": "100ML",
    "prices": [
      {
        "state": "NSW",
        "price": "1495",
        "price_per_unit": "1150",
        "price_unit": "ML"
      },
      {
        "state": "VIC",
        "price": "1495",
        "price_per_unit": "1150",
        "price_unit": "ML"
      },
      {
        "state": "QLD",
        "price": "1495",
        "price_per_unit": "1150",
        "price_unit": "ML"
      },
      {
        "state": "WA",
        "price": "1495",
        "price_per_unit": "1150",
        "price_unit": "ML"
      },
      {
        "state": "SA",
        "price": "1495",
        "price_per_unit": "1150",
        "price_unit": "ML"
      },
      {
        "state": "TAS",
        "price": "1495",
        "price_per_unit": "1150",
        "price_unit": "ML"
      },
      {
        "state": "ACT",
        "price": "1495",
        "price_per_unit": "1150",
        "price_unit": "ML"
      },
      {
        "state": "NT",
        "price": "1495",
        "price_per_unit": "1150",
        "price_unit": "ML"
      }
    ]
  },
  {
    "source_url": "https://www.woolworths.com.au/shop/productdetails/1075179284/garnier-green-labs-smoothing-milky-wash-hyalu-melon-cleanser-130ml-x-3",
    "name": "Garnier Green Labs Smoothing Milky Wash Hyalu-Melon Cleanser 130mL x 3",
    "image_url": "https://cdn1.woolworths.media/content/wowproductimages/large/1075179284.jpg",
    "source_id": "Woolworths - 1075179284",
    "barcode": null,
    "shop": "Woolworths",
    "weight": "1EA",
    "prices": [
      {
        "state": "NSW",
        "price": "2900",
        "price_per_unit": "967",
        "price_unit": "EA"
      },
      {
        "state": "VIC",
        "price": "2900",
        "price_per_unit": "967",
        "price_unit": "EA"
      },
      {
        "state": "QLD",
        "price": "2900",
        "price_per_unit": "967",
        "price_unit": "EA"
      },
      {
        "state": "WA",
        "price": "2900",
        "price_per_unit": "967",
        "price_unit": "EA"
      },
      {
        "state": "SA",
        "price": "2900",
        "price_per_unit": "967",
        "price_unit": "EA"
      },
      {
        "state": "TAS",
        "price": "2900",
        "price_per_unit": "967",
        "price_unit": "EA"
      },
      {
        "state": "ACT",
        "price": "2900",
        "price_per_unit": "967",
        "price_unit": "EA"
      },
      {
        "state": "NT",
        "price": "2900",
        "price_per_unit": "967",
        "price_unit": "EA"
      }
    ]
  },
  {
    "source_url": "https://www.woolworths.com.au/shop/productdetails/1075350124/garnier-green-labs-ultra-soothing-cream-cleanser-amino-berry-150ml",
    "name": "Garnier Green Labs Ultra Soothing Cream Cleanser Amino Berry 150ml",
    "image_url": "https://cdn1.woolworths.media/content/wowproductimages/large/1075350124.jpg",
    "source_id": "Woolworths - 1075350124",
    "barcode": null,
    "shop": "Woolworths",
    "weight": "100ML",
    "prices": [
      {
        "state": "NSW",
        "price": "2197",
        "price_per_unit": "1465",
        "price_unit": "ML"
      },
      {
        "state": "VIC",
        "price": "2197",
        "price_per_unit": "1465",
        "price_unit": "ML"
      },
      {
        "state": "QLD",
        "price": "2197",
        "price_per_unit": "1465",
        "price_unit": "ML"
      },
      {
        "state": "WA",
        "price": "2197",
        "price_per_unit": "1465",
        "price_unit": "ML"
      },
      {
        "state": "SA",
        "price": "2197",
        "price_per_unit": "1465",
        "price_unit": "ML"
      },
      {
        "state": "TAS",
        "price": "2197",
        "price_per_unit": "1465",
        "price_unit": "ML"
      },
      {
        "state": "ACT",
        "price": "2197",
        "price_per_unit": "1465",
        "price_unit": "ML"
      },
      {
        "state": "NT",
        "price": "2197",
        "price_per_unit": "1465",
        "price_unit": "ML"
      }
    ]
  },
  {
    "source_url": "https://www.woolworths.com.au/shop/productdetails/1075322908/garnier-green-labs-ultra-soothing-cream-cleanser-amino-berry-150ml-3pk",
    "name": "Garnier Green Labs Ultra Soothing Cream Cleanser Amino Berry 150ml 3pk",
    "image_url": "https://cdn1.woolworths.media/content/wowproductimages/large/1075322908.jpg",
    "source_id": "Woolworths - 1075322908",
    "barcode": null,
    "shop": "Woolworths",
    "weight": "1EA",
    "prices": [
      {
        "state": "NSW",
        "price": "3997",
        "price_per_unit": "1332",
        "price_unit": "EA"
      },
      {
        "state": "VIC",
        "price": "3997",
        "price_per_unit": "1332",
        "price_unit": "EA"
      },
      {
        "state": "QLD",
        "price": "3997",
        "price_per_unit": "1332",
        "price_unit": "EA"
      },
      {
        "state": "WA",
        "price": "3997",
        "price_per_unit": "1332",
        "price_unit": "EA"
      },
      {
        "state": "SA",
        "price": "3997",
        "price_per_unit": "1332",
        "price_unit": "EA"
      },
      {
        "state": "TAS",
        "price": "3997",
        "price_per_unit": "1332",
        "price_unit": "EA"
      },
      {
        "state": "ACT",
        "price": "3997",
        "price_per_unit": "1332",
        "price_unit": "EA"
      },
      {
        "state": "NT",
        "price": "3997",
        "price_per_unit": "1332",
        "price_unit": "EA"
      }
    ]
  },
  {
    "source_url": "https://www.woolworths.com.au/shop/productdetails/1075350117/garnier-organics-soothing-cornflower-micellar-water-400ml",
    "name": "Garnier Organics Soothing Cornflower Micellar Water 400ml",
    "image_url": "https://cdn1.woolworths.media/content/wowproductimages/large/1075350117.jpg",
    "source_id": "Woolworths - 1075350117",
    "barcode": null,
    "shop": "Woolworths",
    "weight": "100ML",
    "prices": [
      {
        "state": "NSW",
        "price": "2297",
        "price_per_unit": "574",
        "price_unit": "ML"
      },
      {
        "state": "VIC",
        "price": "2297",
        "price_per_unit": "574",
        "price_unit": "ML"
      },
      {
        "state": "QLD",
        "price": "2297",
        "price_per_unit": "574",
        "price_unit": "ML"
      },
      {
        "state": "WA",
        "price": "2297",
        "price_per_unit": "574",
        "price_unit": "ML"
      },
      {
        "state": "SA",
        "price": "2297",
        "price_per_unit": "574",
        "price_unit": "ML"
      },
      {
        "state": "TAS",
        "price": "2297",
        "price_per_unit": "574",
        "price_unit": "ML"
      },
      {
        "state": "ACT",
        "price": "2297",
        "price_per_unit": "574",
        "price_unit": "ML"
      },
      {
        "state": "NT",
        "price": "2297",
        "price_per_unit": "574",
        "price_unit": "ML"
      }
    ]
  },
  {
    "source_url": "https://www.woolworths.com.au/shop/productdetails/1075322656/garnier-organics-soothing-cornflower-micellar-water-400ml-6pk",
    "name": "Garnier Organics Soothing Cornflower Micellar Water 400ml 6pk",
    "image_url": "https://cdn1.woolworths.media/content/wowproductimages/large/1075322656.jpg",
    "source_id": "Woolworths - 1075322656",
    "barcode": null,
    "shop": "Woolworths",
    "weight": "1EA",
    "prices": [
      {
        "state": "NSW",
        "price": "8299",
        "price_per_unit": "1383",
        "price_unit": "EA"
      },
      {
        "state": "VIC",
        "price": "8299",
        "price_per_unit": "1383",
        "price_unit": "EA"
      },
      {
        "state": "QLD",
        "price": "8299",
        "price_per_unit": "1383",
        "price_unit": "EA"
      },
      {
        "state": "WA",
        "price": "8299",
        "price_per_unit": "1383",
        "price_unit": "EA"
      },
      {
        "state": "SA",
        "price": "8299",
        "price_per_unit": "1383",
        "price_unit": "EA"
      },
      {
        "state": "TAS",
        "price": "8299",
        "price_per_unit": "1383",
        "price_unit": "EA"
      },
      {
        "state": "ACT",
        "price": "8299",
        "price_per_unit": "1383",
        "price_unit": "EA"
      },
      {
        "state": "NT",
        "price": "8299",
        "price_per_unit": "1383",
        "price_unit": "EA"
      }
    ]
  },
  {
    "source_url": "https://www.woolworths.com.au/shop/productdetails/312446/garnier-pure-active-3-in-1-clay-wash-scrub-mask",
    "name": "Garnier Pure Active 3-In-1 Clay Wash, Scrub & Mask 150mL",
    "image_url": "https://cdn1.woolworths.media/content/wowproductimages/large/312446.jpg",
    "source_id": "Woolworths - 312446",
    "barcode": "3600540710734",
    "shop": "Woolworths",
    "weight": "100ML",
    "prices": [
      {
        "state": "NSW",
        "price": "1350",
        "price_per_unit": "900",
        "price_unit": "ML"
      },
      {
        "state": "VIC",
        "price": "1350",
        "price_per_unit": "900",
        "price_unit": "ML"
      },
      {
        "state": "QLD",
        "price": "1350",
        "price_per_unit": "900",
        "price_unit": "ML"
      },
      {
        "state": "WA",
        "price": "1350",
        "price_per_unit": "900",
        "price_unit": "ML"
      },
      {
        "state": "SA",
        "price": "1350",
        "price_per_unit": "900",
        "price_unit": "ML"
      },
      {
        "state": "TAS",
        "price": "1350",
        "price_per_unit": "900",
        "price_unit": "ML"
      },
      {
        "state": "ACT",
        "price": "1350",
        "price_per_unit": "900",
        "price_unit": "ML"
      },
      {
        "state": "NT",
        "price": "1410",
        "price_per_unit": "940",
        "price_unit": "ML"
      }
    ]
  },
  {
    "source_url": "https://www.woolworths.com.au/shop/productdetails/1075322227/garnier-pure-active-charcoal-anti-blackhead-cleansing-gel-200ml-3pk",
    "name": "Garnier Pure Active Charcoal Anti Blackhead Cleansing Gel 200ml 3pk",
    "image_url": "https://cdn1.woolworths.media/content/wowproductimages/large/1075322227.jpg",
    "source_id": "Woolworths - 1075322227",
    "barcode": null,
    "shop": "Woolworths",
    "weight": "1EA",
    "prices": [
      {
        "state": "NSW",
        "price": "3299",
        "price_per_unit": "1100",
        "price_unit": "EA"
      },
      {
        "state": "VIC",
        "price": "3299",
        "price_per_unit": "1100",
        "price_unit": "EA"
      },
      {
        "state": "QLD",
        "price": "3299",
        "price_per_unit": "1100",
        "price_unit": "EA"
      },
      {
        "state": "WA",
        "price": "3299",
        "price_per_unit": "1100",
        "price_unit": "EA"
      },
      {
        "state": "SA",
        "price": "3299",
        "price_per_unit": "1100",
        "price_unit": "EA"
      },
      {
        "state": "TAS",
        "price": "3299",
        "price_per_unit": "1100",
        "price_unit": "EA"
      },
      {
        "state": "ACT",
        "price": "3299",
        "price_per_unit": "1100",
        "price_unit": "EA"
      },
      {
        "state": "NT",
        "price": "3299",
        "price_per_unit": "1100",
        "price_unit": "EA"
      }
    ]
  },
  {
    "source_url": "https://www.woolworths.com.au/shop/productdetails/1074189281/garnier-pure-active-charcoal-anti-blackhead-cleansing-gel-200ml-x-6",
    "name": "Garnier Pure Active Charcoal Anti-Blackhead Cleansing Gel 200mL x 6",
    "image_url": "https://cdn1.woolworths.media/content/wowproductimages/large/1074189281.jpg",
    "source_id": "Woolworths - 1074189281",
    "barcode": null,
    "shop": "Woolworths",
    "weight": "1EA",
    "prices": [
      {
        "state": "NSW",
        "price": "4800",
        "price_per_unit": "800",
        "price_unit": "EA"
      },
      {
        "state": "VIC",
        "price": "4800",
        "price_per_unit": "800",
        "price_unit": "EA"
      },
      {
        "state": "QLD",
        "price": "4800",
        "price_per_unit": "800",
        "price_unit": "EA"
      },
      {
        "state": "WA",
        "price": "4800",
        "price_per_unit": "800",
        "price_unit": "EA"
      },
      {
        "state": "SA",
        "price": "4800",
        "price_per_unit": "800",
        "price_unit": "EA"
      },
      {
        "state": "TAS",
        "price": "4800",
        "price_per_unit": "800",
        "price_unit": "EA"
      },
      {
        "state": "ACT",
        "price": "4800",
        "price_per_unit": "800",
        "price_unit": "EA"
      },
      {
        "state": "NT",
        "price": "4800",
        "price_per_unit": "800",
        "price_unit": "EA"
      }
    ]
  },
  {
    "source_url": "https://www.woolworths.com.au/shop/productdetails/453141/garnier-pure-active-hydrating-cleanser",
    "name": "Garnier Pure Active Hydrating Cleanser 250mL",
    "image_url": "https://cdn1.woolworths.media/content/wowproductimages/large/453141.jpg",
    "source_id": "Woolworths - 453141",
    "barcode": "3600542512626",
    "shop": "Woolworths",
    "weight": "100ML",
    "prices": [
      {
        "state": "NSW",
        "price": "2100",
        "price_per_unit": "840",
        "price_unit": "ML"
      },
      {
        "state": "VIC",
        "price": "2100",
        "price_per_unit": "840",
        "price_unit": "ML"
      },
      {
        "state": "WA",
        "price": "2100",
        "price_per_unit": "840",
        "price_unit": "ML"
      },
      {
        "state": "SA",
        "price": "2100",
        "price_per_unit": "840",
        "price_unit": "ML"
      },
      {
        "state": "TAS",
        "price": "2100",
        "price_per_unit": "840",
        "price_unit": "ML"
      },
      {
        "state": "ACT",
        "price": "2100",
        "price_per_unit": "840",
        "price_unit": "ML"
      }
    ]
  },
  {
    "source_url": "https://www.woolworths.com.au/shop/productdetails/177707/garnier-pure-skin-facial-cleanser-deep-clean-foaming",
    "name": "Garnier Pure Skin Facial Cleanser Deep Clean Foaming 200ml",
    "image_url": "https://cdn1.woolworths.media/content/wowproductimages/large/177707.jpg",
    "source_id": "Woolworths - 177707",
    "barcode": "9312825677062",
    "shop": "Woolworths",
    "weight": "100ML",
    "prices": []
  },
  {
    "source_url": "https://www.woolworths.com.au/shop/productdetails/700247/garnier-skin-active-hydra-bomb-eye-sheet-mask-orange",
    "name": "Garnier Skin Active Hydra Bomb Eye Sheet Mask Orange each",
    "image_url": "https://cdn1.woolworths.media/content/wowproductimages/large/700247.jpg",
    "source_id": "Woolworths - 700247",
    "barcode": "6970175255823",
    "shop": "Woolworths",
    "weight": "100G",
    "prices": [
      {
        "state": "WA",
        "price": "500",
        "price_per_unit": "8333",
        "price_unit": "G"
      },
      {
        "state": "SA",
        "price": "500",
        "price_per_unit": "8333",
        "price_unit": "G"
      },
      {
        "state": "TAS",
        "price": "500",
        "price_per_unit": "8333",
        "price_unit": "G"
      },
      {
        "state": "ACT",
        "price": "500",
        "price_per_unit": "8333",
        "price_unit": "G"
      },
      {
        "state": "NT",
        "price": "520",
        "price_per_unit": "8667",
        "price_unit": "G"
      }
    ]
  },
  {
    "source_url": "https://www.woolworths.com.au/shop/productdetails/73490/garnier-skin-active-micellar-cleansing-rose-water",
    "name": "Garnier Skin Active Micellar Cleansing Rose Water 400mL",
    "image_url": "https://cdn1.woolworths.media/content/wowproductimages/large/073490.jpg",
    "source_id": "Woolworths - 73490",
    "barcode": "3600542326216",
    "shop": "Woolworths",
    "weight": "100ML",
    "prices": [
      {
        "state": "NSW",
        "price": "1800",
        "price_per_unit": "450",
        "price_unit": "ML"
      },
      {
        "state": "VIC",
        "price": "1800",
        "price_per_unit": "450",
        "price_unit": "ML"
      },
      {
        "state": "QLD",
        "price": "1800",
        "price_per_unit": "450",
        "price_unit": "ML"
      },
      {
        "state": "WA",
        "price": "1800",
        "price_per_unit": "450",
        "price_unit": "ML"
      },
      {
        "state": "SA",
        "price": "1800",
        "price_per_unit": "450",
        "price_unit": "ML"
      },
      {
        "state": "TAS",
        "price": "1800",
        "price_per_unit": "450",
        "price_unit": "ML"
      },
      {
        "state": "ACT",
        "price": "1800",
        "price_per_unit": "450",
        "price_unit": "ML"
      },
      {
        "state": "NT",
        "price": "1800",
        "price_per_unit": "450",
        "price_unit": "ML"
      }
    ]
  },
  {
    "source_url": "https://www.woolworths.com.au/shop/productdetails/892601/garnier-skin-active-micellar-cleansing-water-all-in-1",
    "name": "Garnier Skin Active Micellar Cleansing Water All-In-1 125mL",
    "image_url": "https://cdn1.woolworths.media/content/wowproductimages/large/892601.jpg",
    "source_id": "Woolworths - 892601",
    "barcode": "3600541729476",
    "shop": "Woolworths",
    "weight": "100ML",
    "prices": [
      {
        "state": "NSW",
        "price": "850",
        "price_per_unit": "680",
        "price_unit": "ML"
      },
      {
        "state": "VIC",
        "price": "850",
        "price_per_unit": "680",
        "price_unit": "ML"
      },
      {
        "state": "QLD",
        "price": "850",
        "price_per_unit": "680",
        "price_unit": "ML"
      },
      {
        "state": "WA",
        "price": "850",
        "price_per_unit": "680",
        "price_unit": "ML"
      },
      {
        "state": "SA",
        "price": "850",
        "price_per_unit": "680",
        "price_unit": "ML"
      },
      {
        "state": "TAS",
        "price": "850",
        "price_per_unit": "680",
        "price_unit": "ML"
      },
      {
        "state": "ACT",
        "price": "850",
        "price_per_unit": "680",
        "price_unit": "ML"
      },
      {
        "state": "NT",
        "price": "850",
        "price_per_unit": "680",
        "price_unit": "ML"
      }
    ]
  },
  {
    "source_url": "https://www.woolworths.com.au/shop/productdetails/779445/garnier-skin-active-micellar-cleansing-water-all-in-1",
    "name": "Garnier Skin Active Micellar Cleansing Water All-In-1 400mL",
    "image_url": "https://cdn1.woolworths.media/content/wowproductimages/large/779445.jpg",
    "source_id": "Woolworths - 779445",
    "barcode": "3600541358560",
    "shop": "Woolworths",
    "weight": "100ML",
    "prices": [
      {
        "state": "NSW",
        "price": "1700",
        "price_per_unit": "425",
        "price_unit": "ML"
      },
      {
        "state": "QLD",
        "price": "1700",
        "price_per_unit": "425",
        "price_unit": "ML"
      },
      {
        "state": "WA",
        "price": "1700",
        "price_per_unit": "425",
        "price_unit": "ML"
      },
      {
        "state": "SA",
        "price": "1700",
        "price_per_unit": "425",
        "price_unit": "ML"
      },
      {
        "state": "TAS",
        "price": "1700",
        "price_per_unit": "425",
        "price_unit": "ML"
      },
      {
        "state": "ACT",
        "price": "1700",
        "price_per_unit": "425",
        "price_unit": "ML"
      }
    ]
  },
  {
    "source_url": "https://www.woolworths.com.au/shop/productdetails/611753/garnier-skin-active-micellar-cleansing-water-all-in-1",
    "name": "Garnier Skin Active Micellar Cleansing Water All-In-1 700mL",
    "image_url": "https://cdn1.woolworths.media/content/wowproductimages/large/611753.jpg",
    "source_id": "Woolworths - 611753",
    "barcode": "3600541975071",
    "shop": "Woolworths",
    "weight": "100ML",
    "prices": [
      {
        "state": "NSW",
        "price": "2500",
        "price_per_unit": "357",
        "price_unit": "ML"
      },
      {
        "state": "VIC",
        "price": "2500",
        "price_per_unit": "357",
        "price_unit": "ML"
      },
      {
        "state": "QLD",
        "price": "2500",
        "price_per_unit": "357",
        "price_unit": "ML"
      },
      {
        "state": "WA",
        "price": "2500",
        "price_per_unit": "357",
        "price_unit": "ML"
      },
      {
        "state": "SA",
        "price": "2500",
        "price_per_unit": "357",
        "price_unit": "ML"
      },
      {
        "state": "TAS",
        "price": "2500",
        "price_per_unit": "357",
        "price_unit": "ML"
      },
      {
        "state": "ACT",
        "price": "2500",
        "price_per_unit": "357",
        "price_unit": "ML"
      },
      {
        "state": "NT",
        "price": "2500",
        "price_per_unit": "357",
        "price_unit": "ML"
      }
    ]
  },
  {
    "source_url": "https://www.woolworths.com.au/shop/productdetails/820279/garnier-skin-active-micellar-cleansing-water-in-oil-all-in-1",
    "name": "Garnier Skin Active Micellar Cleansing Water in Oil All-In-1 400mL",
    "image_url": "https://cdn1.woolworths.media/content/wowproductimages/large/820279.jpg",
    "source_id": "Woolworths - 820279",
    "barcode": "3600542098021",
    "shop": "Woolworths",
    "weight": "100ML",
    "prices": [
      {
        "state": "NSW",
        "price": "1800",
        "price_per_unit": "450",
        "price_unit": "ML"
      },
      {
        "state": "VIC",
        "price": "1800",
        "price_per_unit": "450",
        "price_unit": "ML"
      },
      {
        "state": "QLD",
        "price": "1800",
        "price_per_unit": "450",
        "price_unit": "ML"
      },
      {
        "state": "WA",
        "price": "1800",
        "price_per_unit": "450",
        "price_unit": "ML"
      },
      {
        "state": "SA",
        "price": "1800",
        "price_per_unit": "450",
        "price_unit": "ML"
      },
      {
        "state": "TAS",
        "price": "1800",
        "price_per_unit": "450",
        "price_unit": "ML"
      },
      {
        "state": "ACT",
        "price": "1800",
        "price_per_unit": "450",
        "price_unit": "ML"
      },
      {
        "state": "NT",
        "price": "1800",
        "price_per_unit": "450",
        "price_unit": "ML"
      }
    ]
  },
  {
    "source_url": "https://www.woolworths.com.au/shop/productdetails/256985/garnier-skin-active-micellar-hyaluronic-aloe-water",
    "name": "Garnier Skin Active Micellar Hyaluronic Aloe Water 400mL",
    "image_url": "https://cdn1.woolworths.media/content/wowproductimages/large/256985.jpg",
    "source_id": "Woolworths - 256985",
    "barcode": "3600542524247",
    "shop": "Woolworths",
    "weight": "100ML",
    "prices": [
      {
        "state": "NSW",
        "price": "1800",
        "price_per_unit": "450",
        "price_unit": "ML"
      },
      {
        "state": "WA",
        "price": "1800",
        "price_per_unit": "450",
        "price_unit": "ML"
      },
      {
        "state": "SA",
        "price": "1800",
        "price_per_unit": "450",
        "price_unit": "ML"
      },
      {
        "state": "TAS",
        "price": "1800",
        "price_per_unit": "450",
        "price_unit": "ML"
      },
      {
        "state": "ACT",
        "price": "1800",
        "price_per_unit": "450",
        "price_unit": "ML"
      }
    ]
  },
  {
    "source_url": "https://www.woolworths.com.au/shop/productdetails/947820/garnier-skin-active-micellar-vitamin-c-cleansing-water",
    "name": "Garnier Skin Active Micellar Vitamin C Cleansing Water 125ml",
    "image_url": "https://cdn1.woolworths.media/content/wowproductimages/large/947820.jpg",
    "source_id": "Woolworths - 947820",
    "barcode": "8994993023554",
    "shop": "Woolworths",
    "weight": "100ML",
    "prices": [
      {
        "state": "NSW",
        "price": "800",
        "price_per_unit": "640",
        "price_unit": "ML"
      },
      {
        "state": "QLD",
        "price": "800",
        "price_per_unit": "640",
        "price_unit": "ML"
      },
      {
        "state": "WA",
        "price": "800",
        "price_per_unit": "640",
        "price_unit": "ML"
      },
      {
        "state": "SA",
        "price": "800",
        "price_per_unit": "640",
        "price_unit": "ML"
      },
      {
        "state": "TAS",
        "price": "800",
        "price_per_unit": "640",
        "price_unit": "ML"
      },
      {
        "state": "ACT",
        "price": "800",
        "price_per_unit": "640",
        "price_unit": "ML"
      },
      {
        "state": "NT",
        "price": "800",
        "price_per_unit": "640",
        "price_unit": "ML"
      }
    ]
  },
  {
    "source_url": "https://www.woolworths.com.au/shop/productdetails/196593/garnier-skin-active-micellar-vitamin-c-cleansing-water",
    "name": "Garnier Skin Active Micellar Vitamin C Cleansing Water 400mL",
    "image_url": "https://cdn1.woolworths.media/content/wowproductimages/large/196593.jpg",
    "source_id": "Woolworths - 196593",
    "barcode": "3600542444057",
    "shop": "Woolworths",
    "weight": "100ML",
    "prices": [
      {
        "state": "NSW",
        "price": "1800",
        "price_per_unit": "450",
        "price_unit": "ML"
      },
      {
        "state": "VIC",
        "price": "1800",
        "price_per_unit": "450",
        "price_unit": "ML"
      },
      {
        "state": "QLD",
        "price": "1800",
        "price_per_unit": "450",
        "price_unit": "ML"
      },
      {
        "state": "WA",
        "price": "1800",
        "price_per_unit": "450",
        "price_unit": "ML"
      },
      {
        "state": "SA",
        "price": "1800",
        "price_per_unit": "450",
        "price_unit": "ML"
      },
      {
        "state": "TAS",
        "price": "1800",
        "price_per_unit": "450",
        "price_unit": "ML"
      },
      {
        "state": "ACT",
        "price": "1800",
        "price_per_unit": "450",
        "price_unit": "ML"
      },
      {
        "state": "NT",
        "price": "1800",
        "price_per_unit": "450",
        "price_unit": "ML"
      }
    ]
  },
  {
    "source_url": "https://www.woolworths.com.au/shop/productdetails/443271/garnier-skin-active-micellar-vitamin-c-cleansing-water",
    "name": "Garnier Skin Active Micellar Vitamin C Cleansing Water 700mL",
    "image_url": "https://cdn1.woolworths.media/content/wowproductimages/large/443271.jpg",
    "source_id": "Woolworths - 443271",
    "barcode": "3600542612975",
    "shop": "Woolworths",
    "weight": "100ML",
    "prices": [
      {
        "state": "NSW",
        "price": "2650",
        "price_per_unit": "379",
        "price_unit": "ML"
      },
      {
        "state": "VIC",
        "price": "2650",
        "price_per_unit": "379",
        "price_unit": "ML"
      },
      {
        "state": "QLD",
        "price": "2650",
        "price_per_unit": "379",
        "price_unit": "ML"
      },
      {
        "state": "WA",
        "price": "2650",
        "price_per_unit": "379",
        "price_unit": "ML"
      },
      {
        "state": "SA",
        "price": "2650",
        "price_per_unit": "379",
        "price_unit": "ML"
      },
      {
        "state": "TAS",
        "price": "2650",
        "price_per_unit": "379",
        "price_unit": "ML"
      },
      {
        "state": "ACT",
        "price": "2650",
        "price_per_unit": "379",
        "price_unit": "ML"
      },
      {
        "state": "NT",
        "price": "2650",
        "price_per_unit": "379",
        "price_unit": "ML"
      }
    ]
  },
  {
    "source_url": "https://www.woolworths.com.au/shop/productdetails/159458/garnier-skin-active-pure-active-daily-pore-scrub-wash",
    "name": "Garnier Skin Active Pure Active Daily Pore Scrub Wash 150mL",
    "image_url": "https://cdn1.woolworths.media/content/wowproductimages/large/159458.jpg",
    "source_id": "Woolworths - 159458",
    "barcode": "9312825662754",
    "shop": "Woolworths",
    "weight": "100ML",
    "prices": [
      {
        "state": "NSW",
        "price": "1350",
        "price_per_unit": "900",
        "price_unit": "ML"
      },
      {
        "state": "VIC",
        "price": "1350",
        "price_per_unit": "900",
        "price_unit": "ML"
      },
      {
        "state": "QLD",
        "price": "1350",
        "price_per_unit": "900",
        "price_unit": "ML"
      },
      {
        "state": "WA",
        "price": "1350",
        "price_per_unit": "900",
        "price_unit": "ML"
      },
      {
        "state": "SA",
        "price": "1350",
        "price_per_unit": "900",
        "price_unit": "ML"
      },
      {
        "state": "TAS",
        "price": "1350",
        "price_per_unit": "900",
        "price_unit": "ML"
      },
      {
        "state": "ACT",
        "price": "1350",
        "price_per_unit": "900",
        "price_unit": "ML"
      },
      {
        "state": "NT",
        "price": "1410",
        "price_per_unit": "940",
        "price_unit": "ML"
      }
    ]
  },
  {
    "source_url": "https://www.woolworths.com.au/shop/productdetails/256982/garnier-skin-active-vitamin-c-lemon-face-wash",
    "name": "Garnier Skin Active Vitamin C + Lemon Face Wash 100mL",
    "image_url": "https://cdn1.woolworths.media/content/wowproductimages/large/256982.jpg",
    "source_id": "Woolworths - 256982",
    "barcode": "8994993019861",
    "shop": "Woolworths",
    "weight": "100ML",
    "prices": [
      {
        "state": "VIC",
        "price": "1000",
        "price_per_unit": "1000",
        "price_unit": "ML"
      },
      {
        "state": "QLD",
        "price": "1000",
        "price_per_unit": "1000",
        "price_unit": "ML"
      },
      {
        "state": "WA",
        "price": "1000",
        "price_per_unit": "1000",
        "price_unit": "ML"
      },
      {
        "state": "SA",
        "price": "1000",
        "price_per_unit": "1000",
        "price_unit": "ML"
      },
      {
        "state": "TAS",
        "price": "1000",
        "price_per_unit": "1000",
        "price_unit": "ML"
      },
      {
        "state": "ACT",
        "price": "1000",
        "price_per_unit": "1000",
        "price_unit": "ML"
      },
      {
        "state": "NT",
        "price": "1000",
        "price_per_unit": "1000",
        "price_unit": "ML"
      }
    ]
  },
  {
    "source_url": "https://www.woolworths.com.au/shop/productdetails/1073955774/genie-the-bottle-magic-cleansing-pad-60-pads",
    "name": "Genie the Bottle Magic cleansing pad 60 Pads",
    "image_url": "https://cdn1.woolworths.media/content/wowproductimages/large/1073955774.jpg",
    "source_id": "Woolworths - 1073955774",
    "barcode": null,
    "shop": "Woolworths",
    "weight": "100ML",
    "prices": [
      {
        "state": "NSW",
        "price": "2850",
        "price_per_unit": "4750",
        "price_unit": "ML"
      },
      {
        "state": "VIC",
        "price": "2850",
        "price_per_unit": "4750",
        "price_unit": "ML"
      },
      {
        "state": "QLD",
        "price": "2850",
        "price_per_unit": "4750",
        "price_unit": "ML"
      },
      {
        "state": "WA",
        "price": "2850",
        "price_per_unit": "4750",
        "price_unit": "ML"
      },
      {
        "state": "SA",
        "price": "2850",
        "price_per_unit": "4750",
        "price_unit": "ML"
      },
      {
        "state": "TAS",
        "price": "2850",
        "price_per_unit": "4750",
        "price_unit": "ML"
      },
      {
        "state": "ACT",
        "price": "2850",
        "price_per_unit": "4750",
        "price_unit": "ML"
      },
      {
        "state": "NT",
        "price": "2850",
        "price_per_unit": "4750",
        "price_unit": "ML"
      }
    ]
  },
  {
    "source_url": "https://www.woolworths.com.au/shop/productdetails/1073955775/genie-the-bottle-vitamin-b12-bubble-cleanser-150-ml",
    "name": "Genie the Bottle Vitamin B12 Bubble Cleanser 150 ml",
    "image_url": "https://cdn1.woolworths.media/content/wowproductimages/large/1073955775.jpg",
    "source_id": "Woolworths - 1073955775",
    "barcode": null,
    "shop": "Woolworths",
    "weight": "100ML",
    "prices": [
      {
        "state": "NSW",
        "price": "2750",
        "price_per_unit": "1833",
        "price_unit": "ML"
      },
      {
        "state": "VIC",
        "price": "2750",
        "price_per_unit": "1833",
        "price_unit": "ML"
      },
      {
        "state": "QLD",
        "price": "2750",
        "price_per_unit": "1833",
        "price_unit": "ML"
      },
      {
        "state": "WA",
        "price": "2750",
        "price_per_unit": "1833",
        "price_unit": "ML"
      },
      {
        "state": "SA",
        "price": "2750",
        "price_per_unit": "1833",
        "price_unit": "ML"
      },
      {
        "state": "TAS",
        "price": "2750",
        "price_per_unit": "1833",
        "price_unit": "ML"
      },
      {
        "state": "ACT",
        "price": "2750",
        "price_per_unit": "1833",
        "price_unit": "ML"
      },
      {
        "state": "NT",
        "price": "2750",
        "price_per_unit": "1833",
        "price_unit": "ML"
      }
    ]
  },
  {
    "source_url": "https://www.woolworths.com.au/shop/productdetails/1073955786/georganic-hawaiian-deep-sea-mineral-toner-200-ml",
    "name": "Georganic Hawaiian Deep Sea Mineral Toner 200 ml",
    "image_url": "https://cdn1.woolworths.media/content/wowproductimages/large/1073955786.jpg",
    "source_id": "Woolworths - 1073955786",
    "barcode": null,
    "shop": "Woolworths",
    "weight": "100ML",
    "prices": [
      {
        "state": "NSW",
        "price": "6500",
        "price_per_unit": "3250",
        "price_unit": "ML"
      },
      {
        "state": "VIC",
        "price": "6500",
        "price_per_unit": "3250",
        "price_unit": "ML"
      },
      {
        "state": "QLD",
        "price": "6500",
        "price_per_unit": "3250",
        "price_unit": "ML"
      },
      {
        "state": "WA",
        "price": "6500",
        "price_per_unit": "3250",
        "price_unit": "ML"
      },
      {
        "state": "SA",
        "price": "6500",
        "price_per_unit": "3250",
        "price_unit": "ML"
      },
      {
        "state": "TAS",
        "price": "6500",
        "price_per_unit": "3250",
        "price_unit": "ML"
      },
      {
        "state": "ACT",
        "price": "6500",
        "price_per_unit": "3250",
        "price_unit": "ML"
      },
      {
        "state": "NT",
        "price": "6500",
        "price_per_unit": "3250",
        "price_unit": "ML"
      }
    ]
  },
  {
    "source_url": "https://www.woolworths.com.au/shop/productdetails/1073955784/georganic-red-yeast-rice-facial-foaming-cleanser-150-ml",
    "name": "Georganic Red Yeast Rice Facial Foaming Cleanser 150 ml",
    "image_url": "https://cdn1.woolworths.media/content/wowproductimages/large/1073955784.jpg",
    "source_id": "Woolworths - 1073955784",
    "barcode": null,
    "shop": "Woolworths",
    "weight": "100ML",
    "prices": [
      {
        "state": "NSW",
        "price": "10000",
        "price_per_unit": "6667",
        "price_unit": "ML"
      },
      {
        "state": "VIC",
        "price": "10000",
        "price_per_unit": "6667",
        "price_unit": "ML"
      },
      {
        "state": "QLD",
        "price": "10000",
        "price_per_unit": "6667",
        "price_unit": "ML"
      },
      {
        "state": "WA",
        "price": "10000",
        "price_per_unit": "6667",
        "price_unit": "ML"
      },
      {
        "state": "SA",
        "price": "5000",
        "price_per_unit": "3333",
        "price_unit": "ML"
      },
      {
        "state": "TAS",
        "price": "5000",
        "price_per_unit": "3333",
        "price_unit": "ML"
      },
      {
        "state": "ACT",
        "price": "5000",
        "price_per_unit": "3333",
        "price_unit": "ML"
      },
      {
        "state": "NT",
        "price": "5000",
        "price_per_unit": "3333",
        "price_unit": "ML"
      }
    ]
  },
  {
    "source_url": "https://www.woolworths.com.au/shop/productdetails/1075748098/gillette-venus-for-pubic-hair-skin-smoothing-exfoliant-177ml",
    "name": "Gillette Venus for Pubic Hair & Skin Smoothing Exfoliant 177ml",
    "image_url": "https://cdn1.woolworths.media/content/wowproductimages/large/1075748098.jpg",
    "source_id": "Woolworths - 1075748098",
    "barcode": null,
    "shop": "Woolworths",
    "weight": "100ML",
    "prices": [
      {
        "state": "NSW",
        "price": "1599",
        "price_per_unit": "903",
        "price_unit": "ML"
      },
      {
        "state": "VIC",
        "price": "1599",
        "price_per_unit": "903",
        "price_unit": "ML"
      },
      {
        "state": "QLD",
        "price": "1599",
        "price_per_unit": "903",
        "price_unit": "ML"
      },
      {
        "state": "WA",
        "price": "1599",
        "price_per_unit": "903",
        "price_unit": "ML"
      },
      {
        "state": "SA",
        "price": "1599",
        "price_per_unit": "903",
        "price_unit": "ML"
      },
      {
        "state": "TAS",
        "price": "1599",
        "price_per_unit": "903",
        "price_unit": "ML"
      },
      {
        "state": "ACT",
        "price": "1599",
        "price_per_unit": "903",
        "price_unit": "ML"
      },
      {
        "state": "NT",
        "price": "1599",
        "price_per_unit": "903",
        "price_unit": "ML"
      }
    ]
  },
  {
    "source_url": "https://www.woolworths.com.au/shop/productdetails/1075748099/gillette-venus-for-pubic-hair-skin-smoothing-exfoliant-177ml-3pk",
    "name": "Gillette Venus for Pubic Hair & Skin Smoothing Exfoliant 177ml 3pk",
    "image_url": "https://cdn1.woolworths.media/content/wowproductimages/large/1075748099.jpg",
    "source_id": "Woolworths - 1075748099",
    "barcode": null,
    "shop": "Woolworths",
    "weight": "1EA",
    "prices": [
      {
        "state": "NSW",
        "price": "2599",
        "price_per_unit": "866",
        "price_unit": "EA"
      },
      {
        "state": "VIC",
        "price": "2599",
        "price_per_unit": "866",
        "price_unit": "EA"
      },
      {
        "state": "QLD",
        "price": "2599",
        "price_per_unit": "866",
        "price_unit": "EA"
      },
      {
        "state": "WA",
        "price": "2599",
        "price_per_unit": "866",
        "price_unit": "EA"
      },
      {
        "state": "SA",
        "price": "2599",
        "price_per_unit": "866",
        "price_unit": "EA"
      },
      {
        "state": "TAS",
        "price": "2599",
        "price_per_unit": "866",
        "price_unit": "EA"
      },
      {
        "state": "ACT",
        "price": "2599",
        "price_per_unit": "866",
        "price_unit": "EA"
      },
      {
        "state": "NT",
        "price": "2599",
        "price_per_unit": "866",
        "price_unit": "EA"
      }
    ]
  },
  {
    "source_url": "https://www.woolworths.com.au/shop/productdetails/1075748152/gillette-venus-for-pubic-hair-skin-smoothing-exfoliant-177ml-6pk",
    "name": "Gillette Venus for Pubic Hair & Skin Smoothing Exfoliant 177ml 6pk",
    "image_url": "https://cdn1.woolworths.media/content/wowproductimages/large/1075748152.jpg",
    "source_id": "Woolworths - 1075748152",
    "barcode": null,
    "shop": "Woolworths",
    "weight": "1EA",
    "prices": [
      {
        "state": "NSW",
        "price": "3999",
        "price_per_unit": "667",
        "price_unit": "EA"
      },
      {
        "state": "VIC",
        "price": "3999",
        "price_per_unit": "667",
        "price_unit": "EA"
      },
      {
        "state": "QLD",
        "price": "3999",
        "price_per_unit": "667",
        "price_unit": "EA"
      },
      {
        "state": "WA",
        "price": "3999",
        "price_per_unit": "667",
        "price_unit": "EA"
      },
      {
        "state": "SA",
        "price": "3999",
        "price_per_unit": "667",
        "price_unit": "EA"
      },
      {
        "state": "TAS",
        "price": "3999",
        "price_per_unit": "667",
        "price_unit": "EA"
      },
      {
        "state": "ACT",
        "price": "3999",
        "price_per_unit": "667",
        "price_unit": "EA"
      },
      {
        "state": "NT",
        "price": "3999",
        "price_per_unit": "667",
        "price_unit": "EA"
      }
    ]
  },
  {
    "source_url": "https://www.woolworths.com.au/shop/productdetails/1075775171/gillette-venus-skin-smoothing-exfoliant-177ml-x-3",
    "name": "Gillette Venus Skin Smoothing Exfoliant 177mL x 3",
    "image_url": "https://cdn1.woolworths.media/content/wowproductimages/large/1075775171.jpg",
    "source_id": "Woolworths - 1075775171",
    "barcode": null,
    "shop": "Woolworths",
    "weight": "1EA",
    "prices": [
      {
        "state": "NSW",
        "price": "2900",
        "price_per_unit": "967",
        "price_unit": "EA"
      },
      {
        "state": "VIC",
        "price": "2900",
        "price_per_unit": "967",
        "price_unit": "EA"
      },
      {
        "state": "QLD",
        "price": "2900",
        "price_per_unit": "967",
        "price_unit": "EA"
      },
      {
        "state": "WA",
        "price": "2900",
        "price_per_unit": "967",
        "price_unit": "EA"
      },
      {
        "state": "SA",
        "price": "2900",
        "price_per_unit": "967",
        "price_unit": "EA"
      },
      {
        "state": "TAS",
        "price": "2900",
        "price_per_unit": "967",
        "price_unit": "EA"
      },
      {
        "state": "ACT",
        "price": "2900",
        "price_per_unit": "967",
        "price_unit": "EA"
      },
      {
        "state": "NT",
        "price": "2900",
        "price_per_unit": "967",
        "price_unit": "EA"
      }
    ]
  },
  {
    "source_url": "https://www.woolworths.com.au/shop/productdetails/1073955795/ginger6-essence-toner-150ml-stock-clearance-sale",
    "name": "Ginger6 Essence Toner 150ml - Stock Clearance Sale",
    "image_url": "https://cdn1.woolworths.media/content/wowproductimages/large/1073955795.jpg",
    "source_id": "Woolworths - 1073955795",
    "barcode": null,
    "shop": "Woolworths",
    "weight": "100ML",
    "prices": [
      {
        "state": "NSW",
        "price": "2750",
        "price_per_unit": "1833",
        "price_unit": "ML"
      },
      {
        "state": "VIC",
        "price": "2750",
        "price_per_unit": "1833",
        "price_unit": "ML"
      },
      {
        "state": "QLD",
        "price": "2750",
        "price_per_unit": "1833",
        "price_unit": "ML"
      },
      {
        "state": "WA",
        "price": "2750",
        "price_per_unit": "1833",
        "price_unit": "ML"
      },
      {
        "state": "SA",
        "price": "2750",
        "price_per_unit": "1833",
        "price_unit": "ML"
      },
      {
        "state": "TAS",
        "price": "2750",
        "price_per_unit": "1833",
        "price_unit": "ML"
      },
      {
        "state": "ACT",
        "price": "2750",
        "price_per_unit": "1833",
        "price_unit": "ML"
      },
      {
        "state": "NT",
        "price": "2750",
        "price_per_unit": "1833",
        "price_unit": "ML"
      }
    ]
  },
  {
    "source_url": "https://www.woolworths.com.au/shop/productdetails/1073955799/ginger6-hydrating-foam-cleanser-150-ml-stock-clearance-sale",
    "name": "Ginger6 Hydrating foam cleanser 150 ml - Stock Clearance Sale",
    "image_url": "https://cdn1.woolworths.media/content/wowproductimages/large/1073955799.jpg",
    "source_id": "Woolworths - 1073955799",
    "barcode": null,
    "shop": "Woolworths",
    "weight": "100ML",
    "prices": [
      {
        "state": "NSW",
        "price": "1999",
        "price_per_unit": "1333",
        "price_unit": "ML"
      },
      {
        "state": "VIC",
        "price": "1999",
        "price_per_unit": "1333",
        "price_unit": "ML"
      },
      {
        "state": "QLD",
        "price": "1999",
        "price_per_unit": "1333",
        "price_unit": "ML"
      },
      {
        "state": "WA",
        "price": "1999",
        "price_per_unit": "1333",
        "price_unit": "ML"
      },
      {
        "state": "SA",
        "price": "1999",
        "price_per_unit": "1333",
        "price_unit": "ML"
      },
      {
        "state": "TAS",
        "price": "1999",
        "price_per_unit": "1333",
        "price_unit": "ML"
      },
      {
        "state": "ACT",
        "price": "1999",
        "price_per_unit": "1333",
        "price_unit": "ML"
      },
      {
        "state": "NT",
        "price": "1999",
        "price_per_unit": "1333",
        "price_unit": "ML"
      }
    ]
  },
  {
    "source_url": "https://www.woolworths.com.au/shop/productdetails/1076478563/almay-longwear-waterproof-makeup-remover-liquid-118ml",
    "name": "Almay Longwear & Waterproof Makeup Remover Liquid 118ml",
    "image_url": "https://cdn1.woolworths.media/content/wowproductimages/large/default.png",
    "source_id": "Woolworths - 1076478563",
    "barcode": null,
    "shop": "Woolworths",
    "weight": "1EA",
    "prices": [
      {
        "state": "QLD",
        "price": "1839",
        "price_per_unit": "1839",
        "price_unit": "EA"
      },
      {
        "state": "WA",
        "price": "1839",
        "price_per_unit": "1839",
        "price_unit": "EA"
      },
      {
        "state": "SA",
        "price": "1839",
        "price_per_unit": "1839",
        "price_unit": "EA"
      },
      {
        "state": "TAS",
        "price": "1839",
        "price_per_unit": "1839",
        "price_unit": "EA"
      },
      {
        "state": "ACT",
        "price": "1839",
        "price_per_unit": "1839",
        "price_unit": "EA"
      },
      {
        "state": "NT",
        "price": "1839",
        "price_per_unit": "1839",
        "price_unit": "EA"
      }
    ]
  },
  {
    "source_url": "https://www.woolworths.com.au/shop/productdetails/1076478565/almay-longwear-waterproof-makeup-remover-liquid-118ml-2-pack",
    "name": "Almay Longwear & Waterproof Makeup Remover Liquid 118ml - 2 Pack",
    "image_url": "https://cdn1.woolworths.media/content/wowproductimages/large/default.png",
    "source_id": "Woolworths - 1076478565",
    "barcode": null,
    "shop": "Woolworths",
    "weight": "1EA",
    "prices": [
      {
        "state": "QLD",
        "price": "2583",
        "price_per_unit": "1292",
        "price_unit": "EA"
      },
      {
        "state": "WA",
        "price": "2583",
        "price_per_unit": "1292",
        "price_unit": "EA"
      },
      {
        "state": "SA",
        "price": "2583",
        "price_per_unit": "1292",
        "price_unit": "EA"
      },
      {
        "state": "TAS",
        "price": "2583",
        "price_per_unit": "1292",
        "price_unit": "EA"
      },
      {
        "state": "ACT",
        "price": "2583",
        "price_per_unit": "1292",
        "price_unit": "EA"
      },
      {
        "state": "NT",
        "price": "2583",
        "price_per_unit": "1292",
        "price_unit": "EA"
      }
    ]
  },
  {
    "source_url": "https://www.woolworths.com.au/shop/productdetails/1074650101/biotherm-biosource-eau-micellaire-total-instant-cleanser-make-up-remover-for-all-skin-types-200ml-6-76oz",
    "name": "Biotherm Biosource Eau Micellaire Total & Instant Cleanser + Make-Up Remover - For All Skin Types 200ml/6.76oz",
    "image_url": "https://cdn1.woolworths.media/content/wowproductimages/large/1074650101.jpg",
    "source_id": "Woolworths - 1074650101",
    "barcode": null,
    "shop": "Woolworths",
    "weight": "100ML",
    "prices": [
      {
        "state": "QLD",
        "price": "5100",
        "price_per_unit": "2550",
        "price_unit": "ML"
      },
      {
        "state": "WA",
        "price": "5100",
        "price_per_unit": "2550",
        "price_unit": "ML"
      },
      {
        "state": "SA",
        "price": "5100",
        "price_per_unit": "2550",
        "price_unit": "ML"
      },
      {
        "state": "TAS",
        "price": "5100",
        "price_per_unit": "2550",
        "price_unit": "ML"
      },
      {
        "state": "ACT",
        "price": "5100",
        "price_per_unit": "2550",
        "price_unit": "ML"
      },
      {
        "state": "NT",
        "price": "5100",
        "price_per_unit": "2550",
        "price_unit": "ML"
      }
    ]
  },
  {
    "source_url": "https://www.woolworths.com.au/shop/productdetails/1074651191/dr-barbara-sturm-cleanser-150ml-5-07oz",
    "name": "Dr. Barbara Sturm Cleanser 150ml/5.07oz",
    "image_url": "https://cdn1.woolworths.media/content/wowproductimages/large/1074651191.jpg",
    "source_id": "Woolworths - 1074651191",
    "barcode": null,
    "shop": "Woolworths",
    "weight": "100ML",
    "prices": [
      {
        "state": "QLD",
        "price": "9100",
        "price_per_unit": "6067",
        "price_unit": "ML"
      },
      {
        "state": "WA",
        "price": "9100",
        "price_per_unit": "6067",
        "price_unit": "ML"
      },
      {
        "state": "SA",
        "price": "9100",
        "price_per_unit": "6067",
        "price_unit": "ML"
      },
      {
        "state": "TAS",
        "price": "9100",
        "price_per_unit": "6067",
        "price_unit": "ML"
      },
      {
        "state": "ACT",
        "price": "9100",
        "price_per_unit": "6067",
        "price_unit": "ML"
      },
      {
        "state": "NT",
        "price": "9100",
        "price_per_unit": "6067",
        "price_unit": "ML"
      }
    ]
  },
  {
    "source_url": "https://www.woolworths.com.au/shop/productdetails/1074412572/envirocare-envirocare-plant-based-body-hair-cleanser-sensitive-1000ml",
    "name": "Envirocare EnviroCare Plant-Based Body & Hair Cleanser Sensitive 1000ml",
    "image_url": "https://cdn1.woolworths.media/content/wowproductimages/large/1074412572.jpg",
    "source_id": "Woolworths - 1074412572",
    "barcode": null,
    "shop": "Woolworths",
    "weight": "100ML",
    "prices": [
      {
        "state": "QLD",
        "price": "7370",
        "price_per_unit": "737",
        "price_unit": "ML"
      },
      {
        "state": "WA",
        "price": "7370",
        "price_per_unit": "737",
        "price_unit": "ML"
      },
      {
        "state": "SA",
        "price": "7370",
        "price_per_unit": "737",
        "price_unit": "ML"
      },
      {
        "state": "TAS",
        "price": "7370",
        "price_per_unit": "737",
        "price_unit": "ML"
      },
      {
        "state": "ACT",
        "price": "7370",
        "price_per_unit": "737",
        "price_unit": "ML"
      },
      {
        "state": "NT",
        "price": "7370",
        "price_per_unit": "737",
        "price_unit": "ML"
      }
    ]
  },
  {
    "source_url": "https://www.woolworths.com.au/shop/productdetails/1076338011/essano-manuka-honey-creme-cleanser-clarify-and-nourish-300ml",
    "name": "Essano Manuka Honey Creme Cleanser Clarify and Nourish 300mL",
    "image_url": "https://cdn1.woolworths.media/content/wowproductimages/large/1076338011.jpg",
    "source_id": "Woolworths - 1076338011",
    "barcode": null,
    "shop": "Woolworths",
    "weight": "1EA",
    "prices": [
      {
        "state": "QLD",
        "price": "6299",
        "price_per_unit": "1575",
        "price_unit": "EA"
      },
      {
        "state": "WA",
        "price": "6299",
        "price_per_unit": "1575",
        "price_unit": "EA"
      },
      {
        "state": "SA",
        "price": "6299",
        "price_per_unit": "1575",
        "price_unit": "EA"
      },
      {
        "state": "TAS",
        "price": "6299",
        "price_per_unit": "1575",
        "price_unit": "EA"
      },
      {
        "state": "ACT",
        "price": "6299",
        "price_per_unit": "1575",
        "price_unit": "EA"
      },
      {
        "state": "NT",
        "price": "6299",
        "price_per_unit": "1575",
        "price_unit": "EA"
      }
    ]
  },
  {
    "source_url": "https://www.woolworths.com.au/shop/productdetails/1076338009/essano-manuka-honey-creme-cleanser-clarify-and-nourish-300ml",
    "name": "Essano Manuka Honey Creme Cleanser Clarify and Nourish 300mL",
    "image_url": "https://cdn1.woolworths.media/content/wowproductimages/large/1076338009.jpg",
    "source_id": "Woolworths - 1076338009",
    "barcode": null,
    "shop": "Woolworths",
    "weight": "100ML",
    "prices": [
      {
        "state": "QLD",
        "price": "2499",
        "price_per_unit": "833",
        "price_unit": "ML"
      },
      {
        "state": "WA",
        "price": "2499",
        "price_per_unit": "833",
        "price_unit": "ML"
      },
      {
        "state": "SA",
        "price": "2499",
        "price_per_unit": "833",
        "price_unit": "ML"
      },
      {
        "state": "TAS",
        "price": "2499",
        "price_per_unit": "833",
        "price_unit": "ML"
      },
      {
        "state": "ACT",
        "price": "2499",
        "price_per_unit": "833",
        "price_unit": "ML"
      },
      {
        "state": "NT",
        "price": "2499",
        "price_per_unit": "833",
        "price_unit": "ML"
      }
    ]
  },
  {
    "source_url": "https://www.woolworths.com.au/shop/productdetails/1076338010/essano-manuka-honey-creme-cleanser-clarify-and-nourish-300ml-2pk",
    "name": "Essano Manuka Honey Creme Cleanser Clarify and Nourish 300mL 2pk",
    "image_url": "https://cdn1.woolworths.media/content/wowproductimages/large/1076338010.jpg",
    "source_id": "Woolworths - 1076338010",
    "barcode": null,
    "shop": "Woolworths",
    "weight": "1EA",
    "prices": [
      {
        "state": "QLD",
        "price": "3399",
        "price_per_unit": "1700",
        "price_unit": "EA"
      },
      {
        "state": "WA",
        "price": "3399",
        "price_per_unit": "1700",
        "price_unit": "EA"
      },
      {
        "state": "SA",
        "price": "3399",
        "price_per_unit": "1700",
        "price_unit": "EA"
      },
      {
        "state": "TAS",
        "price": "3399",
        "price_per_unit": "1700",
        "price_unit": "EA"
      },
      {
        "state": "ACT",
        "price": "3399",
        "price_per_unit": "1700",
        "price_unit": "EA"
      },
      {
        "state": "NT",
        "price": "3399",
        "price_per_unit": "1700",
        "price_unit": "EA"
      }
    ]
  },
  {
    "source_url": "https://www.woolworths.com.au/shop/productdetails/1076338179/essano-oil-control-niacinamide-rapid-action-spot-gel-15ml",
    "name": "Essano Oil Control Niacinamide Rapid-Action Spot Gel 15mL",
    "image_url": "https://cdn1.woolworths.media/content/wowproductimages/large/1076338179.jpg",
    "source_id": "Woolworths - 1076338179",
    "barcode": null,
    "shop": "Woolworths",
    "weight": "100ML",
    "prices": [
      {
        "state": "QLD",
        "price": "2499",
        "price_per_unit": "16660",
        "price_unit": "ML"
      },
      {
        "state": "WA",
        "price": "2499",
        "price_per_unit": "16660",
        "price_unit": "ML"
      },
      {
        "state": "SA",
        "price": "2499",
        "price_per_unit": "16660",
        "price_unit": "ML"
      },
      {
        "state": "TAS",
        "price": "2499",
        "price_per_unit": "16660",
        "price_unit": "ML"
      },
      {
        "state": "ACT",
        "price": "2499",
        "price_per_unit": "16660",
        "price_unit": "ML"
      },
      {
        "state": "NT",
        "price": "2499",
        "price_per_unit": "16660",
        "price_unit": "ML"
      }
    ]
  },
  {
    "source_url": "https://www.woolworths.com.au/shop/productdetails/1076338161/essano-oil-control-niacinamide-rapid-action-spot-gel-15ml-3pk",
    "name": "Essano Oil Control Niacinamide Rapid-Action Spot Gel 15mL 3pk",
    "image_url": "https://cdn1.woolworths.media/content/wowproductimages/large/1076338161.jpg",
    "source_id": "Woolworths - 1076338161",
    "barcode": null,
    "shop": "Woolworths",
    "weight": "1EA",
    "prices": [
      {
        "state": "QLD",
        "price": "4599",
        "price_per_unit": "1533",
        "price_unit": "EA"
      },
      {
        "state": "WA",
        "price": "4599",
        "price_per_unit": "1533",
        "price_unit": "EA"
      },
      {
        "state": "SA",
        "price": "4599",
        "price_per_unit": "1533",
        "price_unit": "EA"
      },
      {
        "state": "TAS",
        "price": "4599",
        "price_per_unit": "1533",
        "price_unit": "EA"
      },
      {
        "state": "ACT",
        "price": "4599",
        "price_per_unit": "1533",
        "price_unit": "EA"
      },
      {
        "state": "NT",
        "price": "4599",
        "price_per_unit": "1533",
        "price_unit": "EA"
      }
    ]
  },
  {
    "source_url": "https://www.woolworths.com.au/shop/productdetails/1076338162/essano-oil-control-niacinamide-rapid-action-spot-gel-15ml-6pk",
    "name": "Essano Oil Control Niacinamide Rapid-Action Spot Gel 15mL 6pk",
    "image_url": "https://cdn1.woolworths.media/content/wowproductimages/large/1076338162.jpg",
    "source_id": "Woolworths - 1076338162",
    "barcode": null,
    "shop": "Woolworths",
    "weight": "1EA",
    "prices": [
      {
        "state": "QLD",
        "price": "8499",
        "price_per_unit": "1417",
        "price_unit": "EA"
      },
      {
        "state": "WA",
        "price": "8499",
        "price_per_unit": "1417",
        "price_unit": "EA"
      },
      {
        "state": "SA",
        "price": "8499",
        "price_per_unit": "1417",
        "price_unit": "EA"
      },
      {
        "state": "TAS",
        "price": "8499",
        "price_per_unit": "1417",
        "price_unit": "EA"
      },
      {
        "state": "ACT",
        "price": "8499",
        "price_per_unit": "1417",
        "price_unit": "EA"
      },
      {
        "state": "NT",
        "price": "8499",
        "price_per_unit": "1417",
        "price_unit": "EA"
      }
    ]
  },
  {
    "source_url": "https://www.woolworths.com.au/shop/productdetails/1076338186/essano-superfoods-certified-organic-cinnamon-revitalising-face-exfoliator-100ml",
    "name": "Essano Superfoods Certified Organic Cinnamon Revitalising Face Exfoliator 100ml",
    "image_url": "https://cdn1.woolworths.media/content/wowproductimages/large/1076338186.jpg",
    "source_id": "Woolworths - 1076338186",
    "barcode": null,
    "shop": "Woolworths",
    "weight": "100ML",
    "prices": [
      {
        "state": "QLD",
        "price": "2499",
        "price_per_unit": "2499",
        "price_unit": "ML"
      },
      {
        "state": "WA",
        "price": "2499",
        "price_per_unit": "2499",
        "price_unit": "ML"
      },
      {
        "state": "SA",
        "price": "2499",
        "price_per_unit": "2499",
        "price_unit": "ML"
      },
      {
        "state": "TAS",
        "price": "2499",
        "price_per_unit": "2499",
        "price_unit": "ML"
      },
      {
        "state": "ACT",
        "price": "2499",
        "price_per_unit": "2499",
        "price_unit": "ML"
      },
      {
        "state": "NT",
        "price": "2499",
        "price_per_unit": "2499",
        "price_unit": "ML"
      }
    ]
  },
  {
    "source_url": "https://www.woolworths.com.au/shop/productdetails/1076338187/essano-superfoods-certified-organic-cinnamon-revitalising-face-exfoliator-100ml-3pk",
    "name": "Essano Superfoods Certified Organic Cinnamon Revitalising Face Exfoliator 100ml 3pk",
    "image_url": "https://cdn1.woolworths.media/content/wowproductimages/large/1076338187.jpg",
    "source_id": "Woolworths - 1076338187",
    "barcode": null,
    "shop": "Woolworths",
    "weight": "1EA",
    "prices": [
      {
        "state": "QLD",
        "price": "4399",
        "price_per_unit": "1466",
        "price_unit": "EA"
      },
      {
        "state": "WA",
        "price": "4399",
        "price_per_unit": "1466",
        "price_unit": "EA"
      },
      {
        "state": "SA",
        "price": "4399",
        "price_per_unit": "1466",
        "price_unit": "EA"
      },
      {
        "state": "TAS",
        "price": "4399",
        "price_per_unit": "1466",
        "price_unit": "EA"
      },
      {
        "state": "ACT",
        "price": "4399",
        "price_per_unit": "1466",
        "price_unit": "EA"
      },
      {
        "state": "NT",
        "price": "4399",
        "price_per_unit": "1466",
        "price_unit": "EA"
      }
    ]
  },
  {
    "source_url": "https://www.woolworths.com.au/shop/productdetails/1076338180/essano-superfoods-certified-organic-cinnamon-revitalising-face-exfoliator-100ml-6pk",
    "name": "Essano Superfoods Certified Organic Cinnamon Revitalising Face Exfoliator 100ml 6pk",
    "image_url": "https://cdn1.woolworths.media/content/wowproductimages/large/1076338180.jpg",
    "source_id": "Woolworths - 1076338180",
    "barcode": null,
    "shop": "Woolworths",
    "weight": "1EA",
    "prices": [
      {
        "state": "QLD",
        "price": "8499",
        "price_per_unit": "1417",
        "price_unit": "EA"
      },
      {
        "state": "WA",
        "price": "8499",
        "price_per_unit": "1417",
        "price_unit": "EA"
      },
      {
        "state": "SA",
        "price": "8499",
        "price_per_unit": "1417",
        "price_unit": "EA"
      },
      {
        "state": "TAS",
        "price": "8499",
        "price_per_unit": "1417",
        "price_unit": "EA"
      },
      {
        "state": "ACT",
        "price": "8499",
        "price_per_unit": "1417",
        "price_unit": "EA"
      },
      {
        "state": "NT",
        "price": "8499",
        "price_per_unit": "1417",
        "price_unit": "EA"
      }
    ]
  },
  {
    "source_url": "https://www.woolworths.com.au/shop/productdetails/1076338213/essano-superfoods-cinnamon-purifying-gel-cleanser-100ml",
    "name": "Essano Superfoods Cinnamon Purifying Gel Cleanser 100ml",
    "image_url": "https://cdn1.woolworths.media/content/wowproductimages/large/1076338213.jpg",
    "source_id": "Woolworths - 1076338213",
    "barcode": null,
    "shop": "Woolworths",
    "weight": "100ML",
    "prices": [
      {
        "state": "QLD",
        "price": "2499",
        "price_per_unit": "2499",
        "price_unit": "ML"
      },
      {
        "state": "WA",
        "price": "2499",
        "price_per_unit": "2499",
        "price_unit": "ML"
      },
      {
        "state": "SA",
        "price": "2499",
        "price_per_unit": "2499",
        "price_unit": "ML"
      },
      {
        "state": "TAS",
        "price": "2499",
        "price_per_unit": "2499",
        "price_unit": "ML"
      },
      {
        "state": "ACT",
        "price": "2499",
        "price_per_unit": "2499",
        "price_unit": "ML"
      },
      {
        "state": "NT",
        "price": "2499",
        "price_per_unit": "2499",
        "price_unit": "ML"
      }
    ]
  },
  {
    "source_url": "https://www.woolworths.com.au/shop/productdetails/1076338191/essano-superfoods-cinnamon-purifying-gel-cleanser-100ml-3pk",
    "name": "Essano Superfoods Cinnamon Purifying Gel Cleanser 100ml 3pk",
    "image_url": "https://cdn1.woolworths.media/content/wowproductimages/large/1076338191.jpg",
    "source_id": "Woolworths - 1076338191",
    "barcode": null,
    "shop": "Woolworths",
    "weight": "1EA",
    "prices": [
      {
        "state": "QLD",
        "price": "4399",
        "price_per_unit": "1466",
        "price_unit": "EA"
      },
      {
        "state": "WA",
        "price": "4399",
        "price_per_unit": "1466",
        "price_unit": "EA"
      },
      {
        "state": "SA",
        "price": "4399",
        "price_per_unit": "1466",
        "price_unit": "EA"
      },
      {
        "state": "TAS",
        "price": "4399",
        "price_per_unit": "1466",
        "price_unit": "EA"
      },
      {
        "state": "ACT",
        "price": "4399",
        "price_per_unit": "1466",
        "price_unit": "EA"
      },
      {
        "state": "NT",
        "price": "4399",
        "price_per_unit": "1466",
        "price_unit": "EA"
      }
    ]
  },
  {
    "source_url": "https://www.woolworths.com.au/shop/productdetails/1076338192/essano-superfoods-cinnamon-purifying-gel-cleanser-100ml-6pk",
    "name": "Essano Superfoods Cinnamon Purifying Gel Cleanser 100ml 6pk",
    "image_url": "https://cdn1.woolworths.media/content/wowproductimages/large/1076338192.jpg",
    "source_id": "Woolworths - 1076338192",
    "barcode": null,
    "shop": "Woolworths",
    "weight": "1EA",
    "prices": [
      {
        "state": "QLD",
        "price": "8499",
        "price_per_unit": "1417",
        "price_unit": "EA"
      },
      {
        "state": "WA",
        "price": "8499",
        "price_per_unit": "1417",
        "price_unit": "EA"
      },
      {
        "state": "SA",
        "price": "8499",
        "price_per_unit": "1417",
        "price_unit": "EA"
      },
      {
        "state": "TAS",
        "price": "8499",
        "price_per_unit": "1417",
        "price_unit": "EA"
      },
      {
        "state": "ACT",
        "price": "8499",
        "price_per_unit": "1417",
        "price_unit": "EA"
      },
      {
        "state": "NT",
        "price": "8499",
        "price_per_unit": "1417",
        "price_unit": "EA"
      }
    ]
  },
  {
    "source_url": "https://www.woolworths.com.au/shop/productdetails/1075216883/givenchy-skin-ressource-liquid-cleansing-balm-125ml-4-2oz",
    "name": "Givenchy Skin Ressource Liquid Cleansing Balm 125ml/4.2oz",
    "image_url": "https://cdn1.woolworths.media/content/wowproductimages/large/1075216883.jpg",
    "source_id": "Woolworths - 1075216883",
    "barcode": null,
    "shop": "Woolworths",
    "weight": "100ML",
    "prices": [
      {
        "state": "QLD",
        "price": "5900",
        "price_per_unit": "4720",
        "price_unit": "ML"
      },
      {
        "state": "WA",
        "price": "5900",
        "price_per_unit": "4720",
        "price_unit": "ML"
      },
      {
        "state": "TAS",
        "price": "5900",
        "price_per_unit": "4720",
        "price_unit": "ML"
      },
      {
        "state": "NT",
        "price": "5900",
        "price_per_unit": "4720",
        "price_unit": "ML"
      }
    ]
  },
  {
    "source_url": "https://www.woolworths.com.au/shop/productdetails/1075477336/glow-hub-calm-and-soothe-toner-essence-100ml",
    "name": "Glow Hub Calm and Soothe Toner Essence 100ml",
    "image_url": "https://cdn1.woolworths.media/content/wowproductimages/large/1075477336.jpg",
    "source_id": "Woolworths - 1075477336",
    "barcode": null,
    "shop": "Woolworths",
    "weight": "100ML",
    "prices": [
      {
        "state": "QLD",
        "price": "2700",
        "price_per_unit": "2700",
        "price_unit": "ML"
      }
    ]
  },
  {
    "source_url": "https://www.woolworths.com.au/shop/productdetails/1075480962/glow-hub-nourish-and-hydrate-cleansing-balm-100g",
    "name": "Glow Hub Nourish and Hydrate Cleansing Balm 100g",
    "image_url": "https://cdn1.woolworths.media/content/wowproductimages/large/1075480962.jpg",
    "source_id": "Woolworths - 1075480962",
    "barcode": null,
    "shop": "Woolworths",
    "weight": "100G",
    "prices": [
      {
        "state": "QLD",
        "price": "3400",
        "price_per_unit": "3400",
        "price_unit": "G"
      }
    ]
  },
  {
    "source_url": "https://www.woolworths.com.au/shop/productdetails/1075480996/glow-hub-nourish-and-hydrate-toner-essence-100ml",
    "name": "Glow Hub Nourish and Hydrate Toner Essence 100ml",
    "image_url": "https://cdn1.woolworths.media/content/wowproductimages/large/1075480996.jpg",
    "source_id": "Woolworths - 1075480996",
    "barcode": null,
    "shop": "Woolworths",
    "weight": "100ML",
    "prices": [
      {
        "state": "QLD",
        "price": "2700",
        "price_per_unit": "2700",
        "price_unit": "ML"
      }
    ]
  },
  {
    "source_url": "https://www.woolworths.com.au/shop/productdetails/1075478169/glow-hub-pore-polish-facial-exfoliator-120ml",
    "name": "Glow Hub Pore Polish Facial Exfoliator 120ml",
    "image_url": "https://cdn1.woolworths.media/content/wowproductimages/large/1075478169.jpg",
    "source_id": "Woolworths - 1075478169",
    "barcode": null,
    "shop": "Woolworths",
    "weight": "100ML",
    "prices": [
      {
        "state": "QLD",
        "price": "2400",
        "price_per_unit": "2000",
        "price_unit": "ML"
      }
    ]
  },
  {
    "source_url": "https://www.woolworths.com.au/shop/productdetails/1075481429/glow-hub-purify-and-brighten-jelly-cleanser-120ml",
    "name": "Glow Hub Purify and Brighten Jelly Cleanser 120ml",
    "image_url": "https://cdn1.woolworths.media/content/wowproductimages/large/1075481429.jpg",
    "source_id": "Woolworths - 1075481429",
    "barcode": null,
    "shop": "Woolworths",
    "weight": "100ML",
    "prices": [
      {
        "state": "QLD",
        "price": "3000",
        "price_per_unit": "2500",
        "price_unit": "ML"
      }
    ]
  },
  {
    "source_url": "https://www.woolworths.com.au/shop/productdetails/1075480662/glow-hub-purify-and-brighten-pore-rescuetoning-pads-35-pads",
    "name": "Glow Hub Purify and Brighten Pore RescueToning Pads 35 Pads",
    "image_url": "https://cdn1.woolworths.media/content/wowproductimages/large/1075480662.jpg",
    "source_id": "Woolworths - 1075480662",
    "barcode": null,
    "shop": "Woolworths",
    "weight": "1EA",
    "prices": [
      {
        "state": "QLD",
        "price": "2700",
        "price_per_unit": "77",
        "price_unit": "EA"
      }
    ]
  },
  {
    "source_url": "https://www.woolworths.com.au/shop/productdetails/204029/glow-lab-foaming-cleanser",
    "name": "Glow Lab Foaming Cleanser 85ml",
    "image_url": "https://cdn1.woolworths.media/content/wowproductimages/large/204029.jpg",
    "source_id": "Woolworths - 204029",
    "barcode": "9421027314283",
    "shop": "Woolworths",
    "weight": "100ML",
    "prices": [
      {
        "state": "QLD",
        "price": "960",
        "price_per_unit": "1129",
        "price_unit": "ML"
      }
    ]
  },
  {
    "source_url": "https://www.woolworths.com.au/shop/productdetails/1076478569/almay-oil-free-makeup-eraser-sticks-000-24-liquid-filled-sticks",
    "name": "Almay Oil Free Makeup Eraser Sticks 000 - 24 Liquid Filled Sticks",
    "image_url": "https://cdn1.woolworths.media/content/wowproductimages/large/1076478569.jpg",
    "source_id": "Woolworths - 1076478569",
    "barcode": null,
    "shop": "Woolworths",
    "weight": "1EA",
    "prices": [
      {
        "state": "WA",
        "price": "1479",
        "price_per_unit": "1479",
        "price_unit": "EA"
      },
      {
        "state": "SA",
        "price": "1479",
        "price_per_unit": "1479",
        "price_unit": "EA"
      },
      {
        "state": "TAS",
        "price": "1479",
        "price_per_unit": "1479",
        "price_unit": "EA"
      },
      {
        "state": "ACT",
        "price": "1479",
        "price_per_unit": "1479",
        "price_unit": "EA"
      },
      {
        "state": "NT",
        "price": "1479",
        "price_per_unit": "1479",
        "price_unit": "EA"
      }
    ]
  }
]