[
  {
    "source_url": "https://www.coles.com.au/product/maybelline-baby-lips-berry-crush-lip-balm-spf-10-15g-5639452",
    "name": "Maybelline Baby Lips Berry Crush Lip Balm SPF 10 | 15g",
    "image_url": "https://www.coles.com.au/_next/image?url=https%3A%2F%2Fproductimages.coles.com.au%2Fproductimages%2F5%2F5639452.jpg&w=640&q=90",
    "barcode": "6902395832300",
    "shop": "coles",
    "category_id": "22394",
    "weight": "15g",
    "prices": [
      {
        "state": "VIC",
        "price": "4000",
        "price_per_unit": "600",
        "price_unit": "g"
      },
      {
        "state": "QLD",
        "price": "4000",
        "price_per_unit": "600",
        "price_unit": "g"
      },
      {
        "state": "SA",
        "price": "4000",
        "price_per_unit": "600",
        "price_unit": "g"
      },
      {
        "state": "ACT",
        "price": "4000",
        "price_per_unit": "600",
        "price_unit": "g"
      },
      {
        "state": "NT",
        "price": "4200",
        "price_per_unit": "630",
        "price_unit": "g"
      }
    ]
  },
  {
    "source_url": "https://www.woolworths.com.au/shop/productdetails/226563/maybelline-baby-lips-color-lip-balm",
    "name": "Maybelline Baby Lips Color Lip Balm Each",
    "image_url": "https://cdn1.woolworths.media/content/wowproductimages/large/226563.jpg",
    "barcode": "6902395832300",
    "shop": "Woolworths",
    "category_id": "22394",
    "weight": "10G",
    "prices": [
      {
        "state": "NSW",
        "price": "600",
        "price_per_unit": "1500",
        "price_unit": "G"
      },
      {
        "state": "WA",
        "price": "600",
        "price_per_unit": "1500",
        "price_unit": "G"
      },
      {
        "state": "SA",
        "price": "600",
        "price_per_unit": "1500",
        "price_unit": "G"
      },
      {
        "state": "ACT",
        "price": "600",
        "price_per_unit": "1500",
        "price_unit": "G"
      }
    ]
  },
  {
    "source_url": "https://www.coles.com.au/product/maybelline-lifter-gloss-lip-gloss-moon-5.4ml-4825203",
    "name": "Maybelline Lifter Gloss Lip Gloss Moon | 5.4ML",
    "image_url": "https://www.coles.com.au/_next/image?url=https%3A%2F%2Fproductimages.coles.com.au%2Fproductimages%2F4%2F4825203.jpg&w=640&q=90",
    "barcode": "9344329228778",
    "shop": "coles",
    "category_id": "22394",
    "weight": "5.4ml",
    "prices": [
      {
        "state": "VIC",
        "price": "3889",
        "price_per_unit": "2100",
        "price_unit": ".ml"
      },
      {
        "state": "QLD",
        "price": "3889",
        "price_per_unit": "2100",
        "price_unit": ".ml"
      },
      {
        "state": "SA",
        "price": "3889",
        "price_per_unit": "2100",
        "price_unit": ".ml"
      },
      {
        "state": "ACT",
        "price": "3889",
        "price_per_unit": "2100",
        "price_unit": ".ml"
      },
      {
        "state": "NT",
        "price": "4083",
        "price_per_unit": "2205",
        "price_unit": ".ml"
      }
    ]
  },
  {
    "source_url": "https://www.woolworths.com.au/shop/productdetails/245545/maybelline-lifter-gloss-lip-balm-moon",
    "name": "Maybelline Lifter Gloss Lip Balm Moon 5.4ml",
    "image_url": "https://cdn1.woolworths.media/content/wowproductimages/large/245545.jpg",
    "barcode": "9344329228778",
    "shop": "Woolworths",
    "category_id": "22394",
    "weight": "10ML",
    "prices": [
      {
        "state": "NSW",
        "price": "2100",
        "price_per_unit": "3889",
        "price_unit": "ML"
      },
      {
        "state": "SA",
        "price": "2100",
        "price_per_unit": "3889",
        "price_unit": "ML"
      },
      {
        "state": "ACT",
        "price": "2100",
        "price_per_unit": "3889",
        "price_unit": "ML"
      }
    ]
  },
  {
    "source_url": "https://www.coles.com.au/product/maybelline-lifter-gloss-lip-gloss-silk-5.4ml-3961884",
    "name": "Maybelline Lifter Gloss Lip Gloss Silk | 5.4ML",
    "image_url": "https://www.coles.com.au/_next/image?url=https%3A%2F%2Fproductimages.coles.com.au%2Fproductimages%2F3%2F3961884.jpg&w=640&q=90",
    "barcode": "9344329200545",
    "shop": "coles",
    "category_id": "22394",
    "weight": "5.4ml",
    "prices": [
      {
        "state": "VIC",
        "price": "3889",
        "price_per_unit": "2100",
        "price_unit": ".ml"
      },
      {
        "state": "NSW",
        "price": "3889",
        "price_per_unit": "2100",
        "price_unit": ".ml"
      },
      {
        "state": "QLD",
        "price": "3889",
        "price_per_unit": "2100",
        "price_unit": ".ml"
      },
      {
        "state": "WA",
        "price": "3889",
        "price_per_unit": "2100",
        "price_unit": ".ml"
      },
      {
        "state": "SA",
        "price": "3889",
        "price_per_unit": "2100",
        "price_unit": ".ml"
      },
      {
        "state": "TAS",
        "price": "3889",
        "price_per_unit": "2100",
        "price_unit": ".ml"
      },
      {
        "state": "ACT",
        "price": "3889",
        "price_per_unit": "2100",
        "price_unit": ".ml"
      },
      {
        "state": "NT",
        "price": "4083",
        "price_per_unit": "2205",
        "price_unit": ".ml"
      }
    ]
  },
  {
    "source_url": "https://www.woolworths.com.au/shop/productdetails/137641/maybelline-lifter-gloss-silk",
    "name": "Maybelline Lifter Gloss Silk 5.4ml",
    "image_url": "https://cdn1.woolworths.media/content/wowproductimages/large/137641.jpg",
    "barcode": "9344329200545",
    "shop": "Woolworths",
    "category_id": "22394",
    "weight": "10ML",
    "prices": [
      {
        "state": "NSW",
        "price": "2100",
        "price_per_unit": "3889",
        "price_unit": "ML"
      },
      {
        "state": "ACT",
        "price": "2100",
        "price_per_unit": "3889",
        "price_unit": "ML"
      }
    ]
  },
  {
    "source_url": "https://www.coles.com.au/product/maybelline-lifter-lip-gloss-ice-5.4ml-3962129",
    "name": "Maybelline Lifter Lip Gloss Ice | 5.4mL",
    "image_url": "https://www.coles.com.au/_next/image?url=https%3A%2F%2Fproductimages.coles.com.au%2Fproductimages%2F3%2F3962129.jpg&w=640&q=90",
    "barcode": "9344329200538",
    "shop": "coles",
    "category_id": "22394",
    "weight": "5.4ml",
    "prices": [
      {
        "state": "VIC",
        "price": "3889",
        "price_per_unit": "2100",
        "price_unit": ".ml"
      },
      {
        "state": "NSW",
        "price": "3889",
        "price_per_unit": "2100",
        "price_unit": ".ml"
      },
      {
        "state": "QLD",
        "price": "3889",
        "price_per_unit": "2100",
        "price_unit": ".ml"
      },
      {
        "state": "WA",
        "price": "3889",
        "price_per_unit": "2100",
        "price_unit": ".ml"
      },
      {
        "state": "SA",
        "price": "3889",
        "price_per_unit": "2100",
        "price_unit": ".ml"
      },
      {
        "state": "TAS",
        "price": "3889",
        "price_per_unit": "2100",
        "price_unit": ".ml"
      },
      {
        "state": "ACT",
        "price": "3889",
        "price_per_unit": "2100",
        "price_unit": ".ml"
      },
      {
        "state": "NT",
        "price": "4083",
        "price_per_unit": "2205",
        "price_unit": ".ml"
      }
    ]
  },
  {
    "source_url": "https://www.woolworths.com.au/shop/productdetails/139456/maybelline-lifter-lip-gloss-ice",
    "name": "Maybelline Lifter Lip Gloss Ice 5.4mL",
    "image_url": "https://cdn1.woolworths.media/content/wowproductimages/large/139456.jpg",
    "barcode": "9344329200538",
    "shop": "Woolworths",
    "category_id": "22394",
    "weight": "10ML",
    "prices": [
      {
        "state": "NSW",
        "price": "2100",
        "price_per_unit": "3889",
        "price_unit": "ML"
      },
      {
        "state": "VIC",
        "price": "2100",
        "price_per_unit": "3889",
        "price_unit": "ML"
      },
      {
        "state": "QLD",
        "price": "2100",
        "price_per_unit": "3889",
        "price_unit": "ML"
      },
      {
        "state": "WA",
        "price": "2100",
        "price_per_unit": "3889",
        "price_unit": "ML"
      },
      {
        "state": "SA",
        "price": "2100",
        "price_per_unit": "3889",
        "price_unit": "ML"
      },
      {
        "state": "TAS",
        "price": "2100",
        "price_per_unit": "3889",
        "price_unit": "ML"
      },
      {
        "state": "ACT",
        "price": "2100",
        "price_per_unit": "3889",
        "price_unit": "ML"
      },
      {
        "state": "NT",
        "price": "2200",
        "price_per_unit": "4074",
        "price_unit": "ML"
      }
    ]
  },
  {
    "source_url": "https://www.coles.com.au/product/maybelline-superstay-24hr-lip-petal-4.1ml-8505758",
    "name": "Maybelline Superstay 24Hr Lip Petal | 4.1mL",
    "image_url": "https://www.coles.com.au/_next/image?url=https%3A%2F%2Fproductimages.coles.com.au%2Fproductimages%2F8%2F8505758.jpg&w=640&q=90",
    "barcode": "9344329015262",
    "shop": "coles",
    "category_id": "22394",
    "weight": "4.1ml",
    "prices": [
      {
        "state": "VIC",
        "price": "6586",
        "price_per_unit": "2700",
        "price_unit": ".ml"
      },
      {
        "state": "NSW",
        "price": "6586",
        "price_per_unit": "2700",
        "price_unit": ".ml"
      },
      {
        "state": "QLD",
        "price": "6586",
        "price_per_unit": "2700",
        "price_unit": ".ml"
      },
      {
        "state": "WA",
        "price": "6586",
        "price_per_unit": "2700",
        "price_unit": ".ml"
      },
      {
        "state": "SA",
        "price": "6586",
        "price_per_unit": "2700",
        "price_unit": ".ml"
      },
      {
        "state": "TAS",
        "price": "6586",
        "price_per_unit": "2700",
        "price_unit": ".ml"
      },
      {
        "state": "ACT",
        "price": "6586",
        "price_per_unit": "2700",
        "price_unit": ".ml"
      },
      {
        "state": "NT",
        "price": "6915",
        "price_per_unit": "2835",
        "price_unit": ".ml"
      }
    ]
  },
  {
    "source_url": "https://www.woolworths.com.au/shop/productdetails/380419/maybelline-superstay-24-2-step-liquid-lipstick-infinite-petal",
    "name": "Maybelline Superstay 24 2-Step Liquid Lipstick - Infinite Petal 1.8ml",
    "image_url": "https://cdn1.woolworths.media/content/wowproductimages/large/380419.jpg",
    "barcode": "9344329015262",
    "shop": "Woolworths",
    "category_id": "22394",
    "weight": "1EA",
    "prices": [
      {
        "state": "NSW",
        "price": "2700",
        "price_per_unit": "2700",
        "price_unit": "EA"
      },
      {
        "state": "SA",
        "price": "2700",
        "price_per_unit": "2700",
        "price_unit": "EA"
      },
      {
        "state": "ACT",
        "price": "2700",
        "price_per_unit": "2700",
        "price_unit": "EA"
      }
    ]
  },
  {
    "source_url": "https://www.coles.com.au/product/maybelline-superstay-matte-ink-20-pioneer-lipstick-5ml-3148609",
    "name": "Maybelline Superstay Matte Ink #20 Pioneer Lipstick | 5mL",
    "image_url": "https://www.coles.com.au/_next/image?url=https%3A%2F%2Fproductimages.coles.com.au%2Fproductimages%2F3%2F3148609.jpg&w=640&q=90",
    "barcode": "9344329138800",
    "shop": "coles",
    "category_id": "22394",
    "weight": "5ml",
    "prices": [
      {
        "state": "VIC",
        "price": "4800",
        "price_per_unit": "2400",
        "price_unit": "ml"
      },
      {
        "state": "SA",
        "price": "4800",
        "price_per_unit": "2400",
        "price_unit": "ml"
      },
      {
        "state": "NT",
        "price": "5040",
        "price_per_unit": "2520",
        "price_unit": "ml"
      }
    ]
  },
  {
    "source_url": "https://www.woolworths.com.au/shop/productdetails/672915/maybelline-superstay-matte-ink-liquid-lipstick-pioneer-20",
    "name": "Maybelline Superstay Matte Ink Liquid Lipstick - Pioneer 20 5ml",
    "image_url": "https://cdn1.woolworths.media/content/wowproductimages/large/672915.jpg",
    "barcode": "9344329138800",
    "shop": "Woolworths",
    "category_id": "22394",
    "weight": "10ML",
    "prices": [
      {
        "state": "NSW",
        "price": "2400",
        "price_per_unit": "4800",
        "price_unit": "ML"
      },
      {
        "state": "SA",
        "price": "2400",
        "price_per_unit": "4800",
        "price_unit": "ML"
      },
      {
        "state": "ACT",
        "price": "2400",
        "price_per_unit": "4800",
        "price_unit": "ML"
      }
    ]
  },
  {
    "source_url": "https://www.coles.com.au/product/maybelline-superstay-matte-ink-un-nude-seductress-lipstick-5ml-3328713",
    "name": "Maybelline Superstay Matte Ink Un Nude Seductress Lipstick | 5mL",
    "image_url": "https://www.coles.com.au/_next/image?url=https%3A%2F%2Fproductimages.coles.com.au%2Fproductimages%2F3%2F3328713.jpg&w=640&q=90",
    "barcode": "9344329141848",
    "shop": "coles",
    "category_id": "22394",
    "weight": "5ml",
    "prices": [
      {
        "state": "VIC",
        "price": "4800",
        "price_per_unit": "2400",
        "price_unit": "ml"
      },
      {
        "state": "NSW",
        "price": "4800",
        "price_per_unit": "2400",
        "price_unit": "ml"
      },
      {
        "state": "QLD",
        "price": "4800",
        "price_per_unit": "2400",
        "price_unit": "ml"
      },
      {
        "state": "WA",
        "price": "4800",
        "price_per_unit": "2400",
        "price_unit": "ml"
      },
      {
        "state": "SA",
        "price": "4800",
        "price_per_unit": "2400",
        "price_unit": "ml"
      },
      {
        "state": "TAS",
        "price": "4800",
        "price_per_unit": "2400",
        "price_unit": "ml"
      },
      {
        "state": "ACT",
        "price": "4800",
        "price_per_unit": "2400",
        "price_unit": "ml"
      },
      {
        "state": "NT",
        "price": "5040",
        "price_per_unit": "2520",
        "price_unit": "ml"
      }
    ]
  },
  {
    "source_url": "https://www.woolworths.com.au/shop/productdetails/688859/maybelline-superstay-matte-ink-liquid-lipstick-seductress-65",
    "name": "Maybelline Superstay Matte Ink Liquid Lipstick - Seductress 65 Each",
    "image_url": "https://cdn1.woolworths.media/content/wowproductimages/large/688859.jpg",
    "barcode": "9344329141848",
    "shop": "Woolworths",
    "category_id": "22394",
    "weight": "10ML",
    "prices": [
      {
        "state": "NSW",
        "price": "2400",
        "price_per_unit": "4800",
        "price_unit": "ML"
      },
      {
        "state": "SA",
        "price": "2400",
        "price_per_unit": "4800",
        "price_unit": "ML"
      },
      {
        "state": "ACT",
        "price": "2400",
        "price_per_unit": "4800",
        "price_unit": "ML"
      }
    ]
  },
  {
    "source_url": "https://www.coles.com.au/product/maybelline-super-stay-vinyl-ink-lipstick-cheeky-4ml-5782900",
    "name": "Maybelline Super Stay Vinyl Ink Lipstick Cheeky | 4mL",
    "image_url": "https://www.coles.com.au/_next/image?url=https%3A%2F%2Fproductimages.coles.com.au%2Fproductimages%2F5%2F5782900.jpg&w=640&q=90",
    "barcode": "9344329249209",
    "shop": "coles",
    "category_id": "22394",
    "weight": "4ml",
    "prices": [
      {
        "state": "VIC",
        "price": "6750",
        "price_per_unit": "2700",
        "price_unit": "ml"
      },
      {
        "state": "NSW",
        "price": "6750",
        "price_per_unit": "2700",
        "price_unit": "ml"
      },
      {
        "state": "QLD",
        "price": "6750",
        "price_per_unit": "2700",
        "price_unit": "ml"
      },
      {
        "state": "WA",
        "price": "6750",
        "price_per_unit": "2700",
        "price_unit": "ml"
      },
      {
        "state": "SA",
        "price": "6750",
        "price_per_unit": "2700",
        "price_unit": "ml"
      },
      {
        "state": "TAS",
        "price": "6750",
        "price_per_unit": "2700",
        "price_unit": "ml"
      },
      {
        "state": "ACT",
        "price": "6750",
        "price_per_unit": "2700",
        "price_unit": "ml"
      },
      {
        "state": "NT",
        "price": "7088",
        "price_per_unit": "2835",
        "price_unit": "ml"
      }
    ]
  },
  {
    "source_url": "https://www.woolworths.com.au/shop/productdetails/275982/maybelline-superstay-vinyl-ink-cheeky",
    "name": "Maybelline Superstay Vinyl Ink Cheeky Each",
    "image_url": "https://cdn1.woolworths.media/content/wowproductimages/large/275982.jpg",
    "barcode": "9344329249209",
    "shop": "Woolworths",
    "category_id": "22394",
    "weight": "10ML",
    "prices": [
      {
        "state": "NSW",
        "price": "2700",
        "price_per_unit": "6429",
        "price_unit": "ML"
      },
      {
        "state": "VIC",
        "price": "2700",
        "price_per_unit": "6429",
        "price_unit": "ML"
      },
      {
        "state": "QLD",
        "price": "2700",
        "price_per_unit": "6429",
        "price_unit": "ML"
      },
      {
        "state": "WA",
        "price": "2700",
        "price_per_unit": "6429",
        "price_unit": "ML"
      },
      {
        "state": "SA",
        "price": "2700",
        "price_per_unit": "6429",
        "price_unit": "ML"
      },
      {
        "state": "ACT",
        "price": "2700",
        "price_per_unit": "6429",
        "price_unit": "ML"
      },
      {
        "state": "NT",
        "price": "2700",
        "price_per_unit": "6429",
        "price_unit": "ML"
      }
    ]
  },
  {
    "source_url": "https://www.coles.com.au/product/maybelline-super-stay-vinyl-ink-lipstick-lippy-4ml-5782911",
    "name": "Maybelline Super Stay Vinyl Ink Lipstick Lippy | 4mL",
    "image_url": "https://www.coles.com.au/_next/image?url=https%3A%2F%2Fproductimages.coles.com.au%2Fproductimages%2F5%2F5782911.jpg&w=640&q=90",
    "barcode": "9344329249216",
    "shop": "coles",
    "category_id": "22394",
    "weight": "4ml",
    "prices": [
      {
        "state": "VIC",
        "price": "6750",
        "price_per_unit": "2700",
        "price_unit": "ml"
      },
      {
        "state": "NSW",
        "price": "6750",
        "price_per_unit": "2700",
        "price_unit": "ml"
      },
      {
        "state": "QLD",
        "price": "6750",
        "price_per_unit": "2700",
        "price_unit": "ml"
      },
      {
        "state": "WA",
        "price": "6750",
        "price_per_unit": "2700",
        "price_unit": "ml"
      },
      {
        "state": "SA",
        "price": "6750",
        "price_per_unit": "2700",
        "price_unit": "ml"
      },
      {
        "state": "TAS",
        "price": "6750",
        "price_per_unit": "2700",
        "price_unit": "ml"
      },
      {
        "state": "ACT",
        "price": "6750",
        "price_per_unit": "2700",
        "price_unit": "ml"
      },
      {
        "state": "NT",
        "price": "7088",
        "price_per_unit": "2835",
        "price_unit": "ml"
      }
    ]
  },
  {
    "source_url": "https://www.woolworths.com.au/shop/productdetails/275942/maybelline-superstay-vinyl-ink-lippy",
    "name": "Maybelline Superstay Vinyl Ink Lippy 4.2ml",
    "image_url": "https://cdn1.woolworths.media/content/wowproductimages/large/275942.jpg",
    "barcode": "9344329249216",
    "shop": "Woolworths",
    "category_id": "22394",
    "weight": "10ML",
    "prices": [
      {
        "state": "NSW",
        "price": "2700",
        "price_per_unit": "6429",
        "price_unit": "ML"
      },
      {
        "state": "SA",
        "price": "2700",
        "price_per_unit": "6429",
        "price_unit": "ML"
      },
      {
        "state": "ACT",
        "price": "2700",
        "price_per_unit": "6429",
        "price_unit": "ML"
      }
    ]
  },
  {
    "source_url": "https://www.coles.com.au/product/revlon-colorstay-overtime-42-bare-maximum-lipcolor-2ml-3021379",
    "name": "Revlon Colorstay Overtime #42 Bare Maximum Lipcolor | 2mL",
    "image_url": "https://www.coles.com.au/_next/image?url=https%3A%2F%2Fproductimages.coles.com.au%2Fproductimages%2F3%2F3021379.jpg&w=640&q=90",
    "barcode": "9370700293462",
    "shop": "coles",
    "category_id": "22394",
    "weight": "2ml",
    "prices": [
      {
        "state": "VIC",
        "price": "9600",
        "price_per_unit": "1920",
        "price_unit": "ml"
      },
      {
        "state": "NSW",
        "price": "9600",
        "price_per_unit": "1920",
        "price_unit": "ml"
      },
      {
        "state": "QLD",
        "price": "9600",
        "price_per_unit": "1920",
        "price_unit": "ml"
      },
      {
        "state": "WA",
        "price": "9600",
        "price_per_unit": "1920",
        "price_unit": "ml"
      },
      {
        "state": "SA",
        "price": "9600",
        "price_per_unit": "1920",
        "price_unit": "ml"
      },
      {
        "state": "TAS",
        "price": "9600",
        "price_per_unit": "1920",
        "price_unit": "ml"
      },
      {
        "state": "ACT",
        "price": "9600",
        "price_per_unit": "1920",
        "price_unit": "ml"
      },
      {
        "state": "NT",
        "price": "10075",
        "price_per_unit": "2015",
        "price_unit": "ml"
      }
    ]
  },
  {
    "source_url": "https://www.woolworths.com.au/shop/productdetails/669965/revlon-colorstay-overtime-lipcolor-bare-maximum-lipstick",
    "name": "Revlon Colorstay Overtime Lipcolor Bare Maximum Lipstick 2.0ml",
    "image_url": "https://cdn1.woolworths.media/content/wowproductimages/large/669965.jpg",
    "barcode": "9370700293462",
    "shop": "Woolworths",
    "category_id": "22394",
    "weight": "10ML",
    "prices": [
      {
        "state": "NSW",
        "price": "2240",
        "price_per_unit": "11200",
        "price_unit": "ML"
      },
      {
        "state": "VIC",
        "price": "2240",
        "price_per_unit": "11200",
        "price_unit": "ML"
      },
      {
        "state": "QLD",
        "price": "2240",
        "price_per_unit": "11200",
        "price_unit": "ML"
      },
      {
        "state": "WA",
        "price": "2240",
        "price_per_unit": "11200",
        "price_unit": "ML"
      },
      {
        "state": "SA",
        "price": "2240",
        "price_per_unit": "11200",
        "price_unit": "ML"
      },
      {
        "state": "TAS",
        "price": "2240",
        "price_per_unit": "11200",
        "price_unit": "ML"
      },
      {
        "state": "ACT",
        "price": "2240",
        "price_per_unit": "11200",
        "price_unit": "ML"
      },
      {
        "state": "NT",
        "price": "2240",
        "price_per_unit": "11200",
        "price_unit": "ML"
      }
    ]
  },
  {
    "source_url": "https://www.coles.com.au/product/revlon-colorstay-overtime-36-endless-spice-lipcolor-2ml-3021368",
    "name": "Revlon Colorstay Overtime #36 Endless Spice Lipcolor | 2mL",
    "image_url": "https://www.coles.com.au/_next/image?url=https%3A%2F%2Fproductimages.coles.com.au%2Fproductimages%2F3%2F3021368.jpg&w=640&q=90",
    "barcode": "9370700293424",
    "shop": "coles",
    "category_id": "22394",
    "weight": "2ml",
    "prices": [
      {
        "state": "VIC",
        "price": "9600",
        "price_per_unit": "1920",
        "price_unit": "ml"
      },
      {
        "state": "NSW",
        "price": "9600",
        "price_per_unit": "1920",
        "price_unit": "ml"
      },
      {
        "state": "QLD",
        "price": "9600",
        "price_per_unit": "1920",
        "price_unit": "ml"
      },
      {
        "state": "WA",
        "price": "9600",
        "price_per_unit": "1920",
        "price_unit": "ml"
      },
      {
        "state": "SA",
        "price": "9600",
        "price_per_unit": "1920",
        "price_unit": "ml"
      },
      {
        "state": "TAS",
        "price": "9600",
        "price_per_unit": "1920",
        "price_unit": "ml"
      },
      {
        "state": "ACT",
        "price": "9600",
        "price_per_unit": "1920",
        "price_unit": "ml"
      },
      {
        "state": "NT",
        "price": "10075",
        "price_per_unit": "2015",
        "price_unit": "ml"
      }
    ]
  },
  {
    "source_url": "https://www.woolworths.com.au/shop/productdetails/669963/revlon-colorstay-overtime-lipcolor-endless-spice-lipstick",
    "name": "Revlon Colorstay Overtime Lipcolor Endless Spice Lipstick 2.0ml",
    "image_url": "https://cdn1.woolworths.media/content/wowproductimages/large/669963.jpg",
    "barcode": "9370700293424",
    "shop": "Woolworths",
    "category_id": "22394",
    "weight": "10ML",
    "prices": [
      {
        "state": "NSW",
        "price": "2240",
        "price_per_unit": "11200",
        "price_unit": "ML"
      },
      {
        "state": "VIC",
        "price": "2240",
        "price_per_unit": "11200",
        "price_unit": "ML"
      },
      {
        "state": "QLD",
        "price": "2240",
        "price_per_unit": "11200",
        "price_unit": "ML"
      },
      {
        "state": "WA",
        "price": "2240",
        "price_per_unit": "11200",
        "price_unit": "ML"
      },
      {
        "state": "SA",
        "price": "2240",
        "price_per_unit": "11200",
        "price_unit": "ML"
      },
      {
        "state": "TAS",
        "price": "2240",
        "price_per_unit": "11200",
        "price_unit": "ML"
      },
      {
        "state": "ACT",
        "price": "2240",
        "price_per_unit": "11200",
        "price_unit": "ML"
      },
      {
        "state": "NT",
        "price": "2240",
        "price_per_unit": "11200",
        "price_unit": "ML"
      }
    ]
  },
  {
    "source_url": "https://www.coles.com.au/product/revlon-colorstay-overtime-lipcolor-46-infinite-raspberry-2ml-3022316",
    "name": "Revlon Colorstay Overtime Lipcolor #46 Infinite Raspberry | 2mL",
    "image_url": "https://www.coles.com.au/_next/image?url=https%3A%2F%2Fproductimages.coles.com.au%2Fproductimages%2F3%2F3022316.jpg&w=640&q=90",
    "barcode": "9370700293547",
    "shop": "coles",
    "category_id": "22394",
    "weight": "2ml",
    "prices": [
      {
        "state": "VIC",
        "price": "9600",
        "price_per_unit": "1920",
        "price_unit": "ml"
      },
      {
        "state": "NSW",
        "price": "9600",
        "price_per_unit": "1920",
        "price_unit": "ml"
      },
      {
        "state": "QLD",
        "price": "9600",
        "price_per_unit": "1920",
        "price_unit": "ml"
      },
      {
        "state": "WA",
        "price": "9600",
        "price_per_unit": "1920",
        "price_unit": "ml"
      },
      {
        "state": "SA",
        "price": "9600",
        "price_per_unit": "1920",
        "price_unit": "ml"
      },
      {
        "state": "TAS",
        "price": "9600",
        "price_per_unit": "1920",
        "price_unit": "ml"
      },
      {
        "state": "ACT",
        "price": "9600",
        "price_per_unit": "1920",
        "price_unit": "ml"
      },
      {
        "state": "NT",
        "price": "10075",
        "price_per_unit": "2015",
        "price_unit": "ml"
      }
    ]
  },
  {
    "source_url": "https://www.woolworths.com.au/shop/productdetails/669971/revlon-colorstay-overtime-lipcolor-infinite-raspberry-lipstick",
    "name": "Revlon Colorstay Overtime Lipcolor Infinite Raspberry Lipstick 2.0ml",
    "image_url": "https://cdn1.woolworths.media/content/wowproductimages/large/669971.jpg",
    "barcode": "9370700293547",
    "shop": "Woolworths",
    "category_id": "22394",
    "weight": "10ML",
    "prices": [
      {
        "state": "NSW",
        "price": "2240",
        "price_per_unit": "11200",
        "price_unit": "ML"
      },
      {
        "state": "VIC",
        "price": "2240",
        "price_per_unit": "11200",
        "price_unit": "ML"
      },
      {
        "state": "QLD",
        "price": "2240",
        "price_per_unit": "11200",
        "price_unit": "ML"
      },
      {
        "state": "WA",
        "price": "2240",
        "price_per_unit": "11200",
        "price_unit": "ML"
      },
      {
        "state": "SA",
        "price": "2240",
        "price_per_unit": "11200",
        "price_unit": "ML"
      },
      {
        "state": "TAS",
        "price": "2240",
        "price_per_unit": "11200",
        "price_unit": "ML"
      },
      {
        "state": "ACT",
        "price": "2240",
        "price_per_unit": "11200",
        "price_unit": "ML"
      },
      {
        "state": "NT",
        "price": "2240",
        "price_per_unit": "11200",
        "price_unit": "ML"
      }
    ]
  },
  {
    "source_url": "https://www.coles.com.au/product/revlon-super-lustrous-blushed-lipstick-4.2gram-3538352",
    "name": "Revlon Super Lustrous Blushed Lipstick | 4.2GRAM",
    "image_url": "https://www.coles.com.au/_next/image?url=https%3A%2F%2Fproductimages.coles.com.au%2Fproductimages%2F3%2F3538352.jpg&w=640&q=90",
    "barcode": "9370700003283",
    "shop": "coles",
    "category_id": "22394",
    "weight": "4.2gram",
    "prices": [
      {
        "state": "VIC",
        "price": "4000",
        "price_per_unit": "1680",
        "price_unit": ".gram"
      },
      {
        "state": "NSW",
        "price": "4000",
        "price_per_unit": "1680",
        "price_unit": ".gram"
      },
      {
        "state": "QLD",
        "price": "4000",
        "price_per_unit": "1680",
        "price_unit": ".gram"
      },
      {
        "state": "WA",
        "price": "4000",
        "price_per_unit": "1680",
        "price_unit": ".gram"
      },
      {
        "state": "SA",
        "price": "4000",
        "price_per_unit": "1680",
        "price_unit": ".gram"
      },
      {
        "state": "TAS",
        "price": "4000",
        "price_per_unit": "1680",
        "price_unit": ".gram"
      },
      {
        "state": "ACT",
        "price": "4000",
        "price_per_unit": "1680",
        "price_unit": ".gram"
      },
      {
        "state": "NT",
        "price": "4190",
        "price_per_unit": "1760",
        "price_unit": ".gram"
      }
    ]
  },
  {
    "source_url": "https://www.woolworths.com.au/shop/productdetails/815311/revlon-super-lustrous-lipstick-blushed",
    "name": "Revlon Super Lustrous Lipstick Blushed Each",
    "image_url": "https://cdn1.woolworths.media/content/wowproductimages/large/815311.jpg",
    "barcode": "9370700003283",
    "shop": "Woolworths",
    "category_id": "22394",
    "weight": "10G",
    "prices": [
      {
        "state": "NSW",
        "price": "1960",
        "price_per_unit": "4667",
        "price_unit": "G"
      },
      {
        "state": "WA",
        "price": "1960",
        "price_per_unit": "4667",
        "price_unit": "G"
      },
      {
        "state": "SA",
        "price": "1960",
        "price_per_unit": "4667",
        "price_unit": "G"
      },
      {
        "state": "ACT",
        "price": "1960",
        "price_per_unit": "4667",
        "price_unit": "G"
      }
    ]
  },
  {
    "source_url": "https://www.coles.com.au/product/revlon-super-lustrous-rum-raisin-lipstick-4.2g-3538669",
    "name": "Revlon Super Lustrous Rum Raisin Lipstick | 4.2g",
    "image_url": "https://www.coles.com.au/_next/image?url=https%3A%2F%2Fproductimages.coles.com.au%2Fproductimages%2F3%2F3538669.jpg&w=640&q=90",
    "barcode": "9370700003641",
    "shop": "coles",
    "category_id": "22394",
    "weight": "4.2g",
    "prices": [
      {
        "state": "VIC",
        "price": "4000",
        "price_per_unit": "1680",
        "price_unit": ".g"
      },
      {
        "state": "NSW",
        "price": "4000",
        "price_per_unit": "1680",
        "price_unit": ".g"
      },
      {
        "state": "QLD",
        "price": "4000",
        "price_per_unit": "1680",
        "price_unit": ".g"
      },
      {
        "state": "WA",
        "price": "4000",
        "price_per_unit": "1680",
        "price_unit": ".g"
      },
      {
        "state": "SA",
        "price": "4000",
        "price_per_unit": "1680",
        "price_unit": ".g"
      },
      {
        "state": "TAS",
        "price": "4000",
        "price_per_unit": "1680",
        "price_unit": ".g"
      },
      {
        "state": "ACT",
        "price": "4000",
        "price_per_unit": "1680",
        "price_unit": ".g"
      },
      {
        "state": "NT",
        "price": "4190",
        "price_per_unit": "1760",
        "price_unit": ".g"
      }
    ]
  },
  {
    "source_url": "https://www.woolworths.com.au/shop/productdetails/815303/revlon-super-lustrous-lipstick-rum-raisin",
    "name": "Revlon Super Lustrous Lipstick Rum Raisin Each",
    "image_url": "https://cdn1.woolworths.media/content/wowproductimages/large/815303.jpg",
    "barcode": "9370700003641",
    "shop": "Woolworths",
    "category_id": "22394",
    "weight": "10G",
    "prices": [
      {
        "state": "NSW",
        "price": "1960",
        "price_per_unit": "4667",
        "price_unit": "G"
      },
      {
        "state": "WA",
        "price": "1960",
        "price_per_unit": "4667",
        "price_unit": "G"
      },
      {
        "state": "SA",
        "price": "1960",
        "price_per_unit": "4667",
        "price_unit": "G"
      },
      {
        "state": "ACT",
        "price": "1960",
        "price_per_unit": "4667",
        "price_unit": "G"
      }
    ]
  },
  {
    "source_url": "https://www.coles.com.au/product/revlon-super-lustrous-smokey-rose-lipstick-4.2g-3538363",
    "name": "Revlon Super Lustrous Smokey Rose Lipstick | 4.2g",
    "image_url": "https://www.coles.com.au/_next/image?url=https%3A%2F%2Fproductimages.coles.com.au%2Fproductimages%2F3%2F3538363.jpg&w=640&q=90",
    "barcode": "9370700003276",
    "shop": "coles",
    "category_id": "22394",
    "weight": "4.2g",
    "prices": [
      {
        "state": "VIC",
        "price": "4000",
        "price_per_unit": "1680",
        "price_unit": ".g"
      },
      {
        "state": "QLD",
        "price": "4000",
        "price_per_unit": "1680",
        "price_unit": ".g"
      },
      {
        "state": "SA",
        "price": "4000",
        "price_per_unit": "1680",
        "price_unit": ".g"
      },
      {
        "state": "ACT",
        "price": "4000",
        "price_per_unit": "1680",
        "price_unit": ".g"
      },
      {
        "state": "NT",
        "price": "4190",
        "price_per_unit": "1760",
        "price_unit": ".g"
      }
    ]
  },
  {
    "source_url": "https://www.woolworths.com.au/shop/productdetails/815310/revlon-super-lustrous-lipstick-smokey-rose",
    "name": "Revlon Super Lustrous Lipstick Smokey Rose Each",
    "image_url": "https://cdn1.woolworths.media/content/wowproductimages/large/815310.jpg",
    "barcode": "9370700003276",
    "shop": "Woolworths",
    "category_id": "22394",
    "weight": "10G",
    "prices": [
      {
        "state": "NSW",
        "price": "1960",
        "price_per_unit": "4667",
        "price_unit": "G"
      },
      {
        "state": "WA",
        "price": "1960",
        "price_per_unit": "4667",
        "price_unit": "G"
      },
      {
        "state": "SA",
        "price": "1960",
        "price_per_unit": "4667",
        "price_unit": "G"
      },
      {
        "state": "ACT",
        "price": "1960",
        "price_per_unit": "4667",
        "price_unit": "G"
      }
    ]
  },
  {
    "source_url": "https://www.coles.com.au/product/revlon-super-lustrous-soft-silver-rose-lipstick-4.2g-3538341",
    "name": "Revlon Super Lustrous Soft Silver Rose Lipstick | 4.2g",
    "image_url": "https://www.coles.com.au/_next/image?url=https%3A%2F%2Fproductimages.coles.com.au%2Fproductimages%2F3%2F3538341.jpg&w=640&q=90",
    "barcode": "9370700003269",
    "shop": "coles",
    "category_id": "22394",
    "weight": "4.2g",
    "prices": [
      {
        "state": "VIC",
        "price": "4000",
        "price_per_unit": "1680",
        "price_unit": ".g"
      },
      {
        "state": "NSW",
        "price": "4000",
        "price_per_unit": "1680",
        "price_unit": ".g"
      },
      {
        "state": "QLD",
        "price": "4000",
        "price_per_unit": "1680",
        "price_unit": ".g"
      },
      {
        "state": "WA",
        "price": "4000",
        "price_per_unit": "1680",
        "price_unit": ".g"
      },
      {
        "state": "SA",
        "price": "4000",
        "price_per_unit": "1680",
        "price_unit": ".g"
      },
      {
        "state": "TAS",
        "price": "4000",
        "price_per_unit": "1680",
        "price_unit": ".g"
      },
      {
        "state": "ACT",
        "price": "4000",
        "price_per_unit": "1680",
        "price_unit": ".g"
      },
      {
        "state": "NT",
        "price": "4190",
        "price_per_unit": "1760",
        "price_unit": ".g"
      }
    ]
  },
  {
    "source_url": "https://www.woolworths.com.au/shop/productdetails/815298/revlon-super-lustrous-lipstick-soft-silver-rose",
    "name": "Revlon Super Lustrous Lipstick Soft Silver Rose Each",
    "image_url": "https://cdn1.woolworths.media/content/wowproductimages/large/815298.jpg",
    "barcode": "9370700003269",
    "shop": "Woolworths",
    "category_id": "22394",
    "weight": "10G",
    "prices": [
      {
        "state": "NSW",
        "price": "1960",
        "price_per_unit": "4667",
        "price_unit": "G"
      },
      {
        "state": "WA",
        "price": "1960",
        "price_per_unit": "4667",
        "price_unit": "G"
      },
      {
        "state": "SA",
        "price": "1960",
        "price_per_unit": "4667",
        "price_unit": "G"
      },
      {
        "state": "ACT",
        "price": "1960",
        "price_per_unit": "4667",
        "price_unit": "G"
      }
    ]
  },
  {
    "source_url": "https://www.coles.com.au/product/revlon-super-lustrous-wine-lipstick-4.2g-3538330",
    "name": "Revlon Super Lustrous Wine Lipstick | 4.2g",
    "image_url": "https://www.coles.com.au/_next/image?url=https%3A%2F%2Fproductimages.coles.com.au%2Fproductimages%2F3%2F3538330.jpg&w=640&q=90",
    "barcode": "9370700003252",
    "shop": "coles",
    "category_id": "22394",
    "weight": "4.2g",
    "prices": [
      {
        "state": "VIC",
        "price": "4000",
        "price_per_unit": "1680",
        "price_unit": ".g"
      },
      {
        "state": "QLD",
        "price": "4000",
        "price_per_unit": "1680",
        "price_unit": ".g"
      },
      {
        "state": "SA",
        "price": "4000",
        "price_per_unit": "1680",
        "price_unit": ".g"
      },
      {
        "state": "ACT",
        "price": "4000",
        "price_per_unit": "1680",
        "price_unit": ".g"
      },
      {
        "state": "NT",
        "price": "4190",
        "price_per_unit": "1760",
        "price_unit": ".g"
      }
    ]
  },
  {
    "source_url": "https://www.woolworths.com.au/shop/productdetails/815304/revlon-super-lustrous-lipstick-wine-everything",
    "name": "Revlon Super Lustrous Lipstick Wine Everything Each",
    "image_url": "https://cdn1.woolworths.media/content/wowproductimages/large/815304.jpg",
    "barcode": "9370700003252",
    "shop": "Woolworths",
    "category_id": "22394",
    "weight": "10G",
    "prices": [
      {
        "state": "NSW",
        "price": "1960",
        "price_per_unit": "4667",
        "price_unit": "G"
      },
      {
        "state": "WA",
        "price": "1960",
        "price_per_unit": "4667",
        "price_unit": "G"
      },
      {
        "state": "SA",
        "price": "1960",
        "price_per_unit": "4667",
        "price_unit": "G"
      },
      {
        "state": "ACT",
        "price": "1960",
        "price_per_unit": "4667",
        "price_unit": "G"
      }
    ]
  },
  {
    "source_url": "https://www.coles.com.au/product/revlon-super-lustrous-lipgloss-crystal-clear-3.8ml-3963960",
    "name": "Revlon Super Lustrous Lipgloss Crystal Clear | 3.8ML",
    "image_url": "https://www.coles.com.au/_next/image?url=https%3A%2F%2Fproductimages.coles.com.au%2Fproductimages%2F3%2F3963960.jpg&w=640&q=90",
    "barcode": "9370700030128",
    "shop": "coles",
    "category_id": "22394",
    "weight": "3.8ml",
    "prices": [
      {
        "state": "VIC",
        "price": "4105",
        "price_per_unit": "1560",
        "price_unit": ".ml"
      },
      {
        "state": "QLD",
        "price": "4105",
        "price_per_unit": "1560",
        "price_unit": ".ml"
      },
      {
        "state": "SA",
        "price": "4105",
        "price_per_unit": "1560",
        "price_unit": ".ml"
      },
      {
        "state": "ACT",
        "price": "4105",
        "price_per_unit": "1560",
        "price_unit": ".ml"
      },
      {
        "state": "NT",
        "price": "4303",
        "price_per_unit": "1635",
        "price_unit": ".ml"
      }
    ]
  },
  {
    "source_url": "https://www.woolworths.com.au/shop/productdetails/245566/revlon-super-lustrous-the-gloss",
    "name": "Revlon Super Lustrous The Gloss 3.8ml",
    "image_url": "https://cdn1.woolworths.media/content/wowproductimages/large/245566.jpg",
    "barcode": "9370700030128",
    "shop": "Woolworths",
    "category_id": "22394",
    "weight": "10ML",
    "prices": [
      {
        "state": "NSW",
        "price": "1820",
        "price_per_unit": "4789",
        "price_unit": "ML"
      },
      {
        "state": "WA",
        "price": "1820",
        "price_per_unit": "4789",
        "price_unit": "ML"
      },
      {
        "state": "SA",
        "price": "1820",
        "price_per_unit": "4789",
        "price_unit": "ML"
      },
      {
        "state": "ACT",
        "price": "1820",
        "price_per_unit": "4789",
        "price_unit": "ML"
      }
    ]
  },
  {
    "source_url": "https://www.coles.com.au/product/revlon-super-lustrous-lip-gloss-super-natural-215-3.8ml-3537258",
    "name": "Revlon Super Lustrous Lip Gloss Super Natural 215 | 3.8mL",
    "image_url": "https://www.coles.com.au/_next/image?url=https%3A%2F%2Fproductimages.coles.com.au%2Fproductimages%2F3%2F3537258.jpg&w=640&q=90",
    "barcode": "9370700011677",
    "shop": "coles",
    "category_id": "22394",
    "weight": "3.8ml",
    "prices": [
      {
        "state": "VIC",
        "price": "4105",
        "price_per_unit": "1560",
        "price_unit": ".ml"
      },
      {
        "state": "NSW",
        "price": "4105",
        "price_per_unit": "1560",
        "price_unit": ".ml"
      },
      {
        "state": "QLD",
        "price": "4105",
        "price_per_unit": "1560",
        "price_unit": ".ml"
      },
      {
        "state": "WA",
        "price": "4105",
        "price_per_unit": "1560",
        "price_unit": ".ml"
      },
      {
        "state": "SA",
        "price": "4105",
        "price_per_unit": "1560",
        "price_unit": ".ml"
      },
      {
        "state": "TAS",
        "price": "4105",
        "price_per_unit": "1560",
        "price_unit": ".ml"
      },
      {
        "state": "ACT",
        "price": "4105",
        "price_per_unit": "1560",
        "price_unit": ".ml"
      },
      {
        "state": "NT",
        "price": "4303",
        "price_per_unit": "1635",
        "price_unit": ".ml"
      }
    ]
  },
  {
    "source_url": "https://www.woolworths.com.au/shop/productdetails/393602/revlon-super-lustrous-lip-gloss-super-natural",
    "name": "Revlon Super Lustrous Lip Gloss Super Natural 3.8ml",
    "image_url": "https://cdn1.woolworths.media/content/wowproductimages/large/393602.jpg",
    "barcode": "9370700011677",
    "shop": "Woolworths",
    "category_id": "22394",
    "weight": "10ML",
    "prices": [
      {
        "state": "VIC",
        "price": "1820",
        "price_per_unit": "4789",
        "price_unit": "ML"
      },
      {
        "state": "QLD",
        "price": "1820",
        "price_per_unit": "4789",
        "price_unit": "ML"
      },
      {
        "state": "WA",
        "price": "1820",
        "price_per_unit": "4789",
        "price_unit": "ML"
      },
      {
        "state": "TAS",
        "price": "1820",
        "price_per_unit": "4789",
        "price_unit": "ML"
      },
      {
        "state": "NT",
        "price": "1820",
        "price_per_unit": "4789",
        "price_unit": "ML"
      }
    ]
  }
]