[
  {
    "source_url": "https://www.woolworths.com.au/shop/productdetails/794903/binkill-insect-control",
    "name": "Binkill Insect Control 10.5g",
    "image_url": "https://cdn1.woolworths.media/content/wowproductimages/large/794903.jpg",
    "source_id": "Woolworths - 794903",
    "barcode": "9369999046590",
    "category_id": "22459",
    "shop": "Woolworths",
    "weight": "100G",
    "prices": [
      {
        "state": "NSW",
        "price": "7619",
        "price_per_unit": "800",
        "price_unit": "G"
      },
      {
        "state": "VIC",
        "price": "7619",
        "price_per_unit": "800",
        "price_unit": "G"
      },
      {
        "state": "QLD",
        "price": "7619",
        "price_per_unit": "800",
        "price_unit": "G"
      },
      {
        "state": "WA",
        "price": "7619",
        "price_per_unit": "800",
        "price_unit": "G"
      },
      {
        "state": "SA",
        "price": "7619",
        "price_per_unit": "800",
        "price_unit": "G"
      },
      {
        "state": "TAS",
        "price": "7619",
        "price_per_unit": "800",
        "price_unit": "G"
      },
      {
        "state": "ACT",
        "price": "7619",
        "price_per_unit": "800",
        "price_unit": "G"
      },
      {
        "state": "NT",
        "price": "7619",
        "price_per_unit": "800",
        "price_unit": "G"
      }
    ]
  },
  {
    "source_url": "https://www.woolworths.com.au/shop/productdetails/789017/bosisto-s-insect-spray-dust-mites-eucalyptus",
    "name": "Bosisto's Insect Spray Dust Mites Eucalyptus 200g",
    "image_url": "https://cdn1.woolworths.media/content/wowproductimages/large/789017.jpg",
    "source_id": "Woolworths - 789017",
    "barcode": "9300710001535",
    "category_id": "22459",
    "shop": "Woolworths",
    "weight": "100G",
    "prices": [
      {
        "state": "NSW",
        "price": "698",
        "price_per_unit": "1395",
        "price_unit": "G"
      },
      {
        "state": "VIC",
        "price": "698",
        "price_per_unit": "1395",
        "price_unit": "G"
      },
      {
        "state": "QLD",
        "price": "698",
        "price_per_unit": "1395",
        "price_unit": "G"
      },
      {
        "state": "WA",
        "price": "698",
        "price_per_unit": "1395",
        "price_unit": "G"
      },
      {
        "state": "SA",
        "price": "698",
        "price_per_unit": "1395",
        "price_unit": "G"
      },
      {
        "state": "TAS",
        "price": "698",
        "price_per_unit": "1395",
        "price_unit": "G"
      },
      {
        "state": "ACT",
        "price": "698",
        "price_per_unit": "1395",
        "price_unit": "G"
      },
      {
        "state": "NT",
        "price": "730",
        "price_per_unit": "1460",
        "price_unit": "G"
      }
    ]
  },
  {
    "source_url": "https://www.woolworths.com.au/shop/productdetails/642426/buzz-disposable-fly-trap",
    "name": "Buzz Disposable Fly Trap Each",
    "image_url": "https://cdn1.woolworths.media/content/wowproductimages/large/642426.jpg",
    "source_id": "Woolworths - 642426",
    "barcode": "9310522710877",
    "category_id": "22459",
    "shop": "Woolworths",
    "weight": "1EA",
    "prices": [
      {
        "state": "NSW",
        "price": "770",
        "price_per_unit": "770",
        "price_unit": "EA"
      },
      {
        "state": "VIC",
        "price": "770",
        "price_per_unit": "770",
        "price_unit": "EA"
      },
      {
        "state": "QLD",
        "price": "770",
        "price_per_unit": "770",
        "price_unit": "EA"
      },
      {
        "state": "WA",
        "price": "770",
        "price_per_unit": "770",
        "price_unit": "EA"
      },
      {
        "state": "SA",
        "price": "770",
        "price_per_unit": "770",
        "price_unit": "EA"
      },
      {
        "state": "TAS",
        "price": "770",
        "price_per_unit": "770",
        "price_unit": "EA"
      },
      {
        "state": "ACT",
        "price": "770",
        "price_per_unit": "770",
        "price_unit": "EA"
      },
      {
        "state": "NT",
        "price": "805",
        "price_per_unit": "805",
        "price_unit": "EA"
      }
    ]
  },
  {
    "source_url": "https://www.woolworths.com.au/shop/productdetails/48278/hovex-insect-control-camphor",
    "name": "Hovex Insect Control Camphor 18g",
    "image_url": "https://cdn1.woolworths.media/content/wowproductimages/large/048278.jpg",
    "source_id": "Woolworths - 48278",
    "barcode": "9300764010682",
    "category_id": "22459",
    "shop": "Woolworths",
    "weight": "1EA",
    "prices": [
      {
        "state": "NSW",
        "price": "150",
        "price_per_unit": "300",
        "price_unit": "EA"
      },
      {
        "state": "VIC",
        "price": "150",
        "price_per_unit": "300",
        "price_unit": "EA"
      },
      {
        "state": "QLD",
        "price": "150",
        "price_per_unit": "300",
        "price_unit": "EA"
      },
      {
        "state": "WA",
        "price": "150",
        "price_per_unit": "300",
        "price_unit": "EA"
      },
      {
        "state": "SA",
        "price": "150",
        "price_per_unit": "300",
        "price_unit": "EA"
      },
      {
        "state": "TAS",
        "price": "150",
        "price_per_unit": "300",
        "price_unit": "EA"
      },
      {
        "state": "ACT",
        "price": "150",
        "price_per_unit": "300",
        "price_unit": "EA"
      },
      {
        "state": "NT",
        "price": "150",
        "price_per_unit": "300",
        "price_unit": "EA"
      }
    ]
  },
  {
    "source_url": "https://www.woolworths.com.au/shop/productdetails/202256/hovex-insect-control-moth-balls",
    "name": "Hovex Insect Control Moth Balls 27g",
    "image_url": "https://cdn1.woolworths.media/content/wowproductimages/large/202256.jpg",
    "source_id": "Woolworths - 202256",
    "barcode": "9300764036606",
    "category_id": "22459",
    "shop": "Woolworths",
    "weight": "1EA",
    "prices": [
      {
        "state": "NSW",
        "price": "123",
        "price_per_unit": "370",
        "price_unit": "EA"
      },
      {
        "state": "VIC",
        "price": "123",
        "price_per_unit": "370",
        "price_unit": "EA"
      },
      {
        "state": "QLD",
        "price": "123",
        "price_per_unit": "370",
        "price_unit": "EA"
      },
      {
        "state": "WA",
        "price": "123",
        "price_per_unit": "370",
        "price_unit": "EA"
      },
      {
        "state": "SA",
        "price": "123",
        "price_per_unit": "370",
        "price_unit": "EA"
      },
      {
        "state": "TAS",
        "price": "123",
        "price_per_unit": "370",
        "price_unit": "EA"
      },
      {
        "state": "ACT",
        "price": "123",
        "price_per_unit": "370",
        "price_unit": "EA"
      },
      {
        "state": "NT",
        "price": "123",
        "price_per_unit": "370",
        "price_unit": "EA"
      }
    ]
  },
  {
    "source_url": "https://www.woolworths.com.au/shop/productdetails/973002/no-clothes-moths-non-chemical-pheromone-traps",
    "name": "NO Clothes Moths Non-Chemical Pheromone Traps 3 pack",
    "image_url": "https://cdn1.woolworths.media/content/wowproductimages/large/973002.jpg",
    "source_id": "Woolworths - 973002",
    "barcode": "9400096003526",
    "category_id": "22459",
    "shop": "Woolworths",
    "weight": "1EA",
    "prices": [
      {
        "state": "NSW",
        "price": "333",
        "price_per_unit": "1000",
        "price_unit": "EA"
      },
      {
        "state": "VIC",
        "price": "333",
        "price_per_unit": "1000",
        "price_unit": "EA"
      },
      {
        "state": "QLD",
        "price": "333",
        "price_per_unit": "1000",
        "price_unit": "EA"
      },
      {
        "state": "WA",
        "price": "333",
        "price_per_unit": "1000",
        "price_unit": "EA"
      },
      {
        "state": "SA",
        "price": "333",
        "price_per_unit": "1000",
        "price_unit": "EA"
      },
      {
        "state": "TAS",
        "price": "333",
        "price_per_unit": "1000",
        "price_unit": "EA"
      },
      {
        "state": "NT",
        "price": "350",
        "price_per_unit": "1050",
        "price_unit": "EA"
      }
    ]
  },
  {
    "source_url": "https://www.woolworths.com.au/shop/productdetails/973133/no-pantry-moths-non-chemical-pheromone-traps",
    "name": "NO Pantry Moths Non-Chemical Pheromone Traps 3 pack",
    "image_url": "https://cdn1.woolworths.media/content/wowproductimages/large/973133.jpg",
    "source_id": "Woolworths - 973133",
    "barcode": "9400096003519",
    "category_id": "22459",
    "shop": "Woolworths",
    "weight": "1EA",
    "prices": [
      {
        "state": "NSW",
        "price": "333",
        "price_per_unit": "1000",
        "price_unit": "EA"
      },
      {
        "state": "VIC",
        "price": "333",
        "price_per_unit": "1000",
        "price_unit": "EA"
      },
      {
        "state": "WA",
        "price": "333",
        "price_per_unit": "1000",
        "price_unit": "EA"
      },
      {
        "state": "SA",
        "price": "333",
        "price_per_unit": "1000",
        "price_unit": "EA"
      },
      {
        "state": "TAS",
        "price": "333",
        "price_per_unit": "1000",
        "price_unit": "EA"
      }
    ]
  },
  {
    "source_url": "https://www.woolworths.com.au/shop/productdetails/492620/brunnings-rose-spray-rtu",
    "name": "Brunnings Rose Spray Rtu 1l",
    "image_url": "https://cdn1.woolworths.media/content/wowproductimages/large/492620.jpg",
    "source_id": "Woolworths - 492620",
    "barcode": "9310522030456",
    "category_id": "22459",
    "shop": "Woolworths",
    "weight": "100ML",
    "prices": [
      {
        "state": "VIC",
        "price": "100",
        "price_per_unit": "1000",
        "price_unit": "ML"
      },
      {
        "state": "QLD",
        "price": "100",
        "price_per_unit": "1000",
        "price_unit": "ML"
      },
      {
        "state": "WA",
        "price": "100",
        "price_per_unit": "1000",
        "price_unit": "ML"
      },
      {
        "state": "SA",
        "price": "100",
        "price_per_unit": "1000",
        "price_unit": "ML"
      },
      {
        "state": "TAS",
        "price": "100",
        "price_per_unit": "1000",
        "price_unit": "ML"
      },
      {
        "state": "ACT",
        "price": "100",
        "price_per_unit": "1000",
        "price_unit": "ML"
      },
      {
        "state": "NT",
        "price": "100",
        "price_per_unit": "1000",
        "price_unit": "ML"
      }
    ]
  },
  {
    "source_url": "https://www.woolworths.com.au/shop/productdetails/729687/bin-buddy-berry-and-citrus",
    "name": "Bin Buddy Berry And Citrus 450g",
    "image_url": "https://cdn1.woolworths.media/content/wowproductimages/large/729687.jpg",
    "source_id": "Woolworths - 729687",
    "barcode": "9346176000057",
    "category_id": "22459",
    "shop": "Woolworths",
    "weight": "100G",
    "prices": [
      {
        "state": "VIC",
        "price": "256",
        "price_per_unit": "1150",
        "price_unit": "G"
      },
      {
        "state": "QLD",
        "price": "256",
        "price_per_unit": "1150",
        "price_unit": "G"
      },
      {
        "state": "WA",
        "price": "256",
        "price_per_unit": "1150",
        "price_unit": "G"
      },
      {
        "state": "SA",
        "price": "256",
        "price_per_unit": "1150",
        "price_unit": "G"
      },
      {
        "state": "TAS",
        "price": "256",
        "price_per_unit": "1150",
        "price_unit": "G"
      },
      {
        "state": "NT",
        "price": "256",
        "price_per_unit": "1150",
        "price_unit": "G"
      }
    ]
  },
  {
    "source_url": "https://www.woolworths.com.au/shop/productdetails/626668/brunnings-1-hr-fast-action-weed-kill",
    "name": "Brunnings 1 Hr Fast Action Weed Kill 1l",
    "image_url": "https://cdn1.woolworths.media/content/wowproductimages/large/626668.jpg",
    "source_id": "Woolworths - 626668",
    "barcode": "9310522100357",
    "category_id": "22459",
    "shop": "Woolworths",
    "weight": "100ML",
    "prices": [
      {
        "state": "VIC",
        "price": "140",
        "price_per_unit": "1400",
        "price_unit": "ML"
      },
      {
        "state": "QLD",
        "price": "140",
        "price_per_unit": "1400",
        "price_unit": "ML"
      },
      {
        "state": "WA",
        "price": "140",
        "price_per_unit": "1400",
        "price_unit": "ML"
      },
      {
        "state": "SA",
        "price": "140",
        "price_per_unit": "1400",
        "price_unit": "ML"
      },
      {
        "state": "TAS",
        "price": "140",
        "price_per_unit": "1400",
        "price_unit": "ML"
      },
      {
        "state": "ACT",
        "price": "140",
        "price_per_unit": "1400",
        "price_unit": "ML"
      },
      {
        "state": "NT",
        "price": "140",
        "price_per_unit": "1400",
        "price_unit": "ML"
      }
    ]
  },
  {
    "source_url": "https://www.woolworths.com.au/shop/productdetails/223873/brunnings-fast-action-organic-weed-kill-spray",
    "name": "Brunnings Fast Action Organic Weed Kill Spray 1l",
    "image_url": "https://cdn1.woolworths.media/content/wowproductimages/large/223873.jpg",
    "source_id": "Woolworths - 223873",
    "barcode": "9310522100364",
    "category_id": "22459",
    "shop": "Woolworths",
    "weight": "100ML",
    "prices": [
      {
        "state": "VIC",
        "price": "140",
        "price_per_unit": "1400",
        "price_unit": "ML"
      },
      {
        "state": "QLD",
        "price": "140",
        "price_per_unit": "1400",
        "price_unit": "ML"
      },
      {
        "state": "WA",
        "price": "140",
        "price_per_unit": "1400",
        "price_unit": "ML"
      },
      {
        "state": "SA",
        "price": "140",
        "price_per_unit": "1400",
        "price_unit": "ML"
      },
      {
        "state": "TAS",
        "price": "140",
        "price_per_unit": "1400",
        "price_unit": "ML"
      },
      {
        "state": "ACT",
        "price": "140",
        "price_per_unit": "1400",
        "price_unit": "ML"
      },
      {
        "state": "NT",
        "price": "140",
        "price_per_unit": "1400",
        "price_unit": "ML"
      }
    ]
  },
  {
    "source_url": "https://www.woolworths.com.au/shop/productdetails/12478/brunnings-fast-action-path-weeder-rtu",
    "name": "Brunnings Fast Action Path Weeder Rtu 1l",
    "image_url": "https://cdn1.woolworths.media/content/wowproductimages/large/012478.jpg",
    "source_id": "Woolworths - 12478",
    "barcode": "9310522100333",
    "category_id": "22459",
    "shop": "Woolworths",
    "weight": "100ML",
    "prices": [
      {
        "state": "VIC",
        "price": "140",
        "price_per_unit": "1400",
        "price_unit": "ML"
      },
      {
        "state": "QLD",
        "price": "140",
        "price_per_unit": "1400",
        "price_unit": "ML"
      },
      {
        "state": "WA",
        "price": "140",
        "price_per_unit": "1400",
        "price_unit": "ML"
      },
      {
        "state": "SA",
        "price": "140",
        "price_per_unit": "1400",
        "price_unit": "ML"
      },
      {
        "state": "TAS",
        "price": "140",
        "price_per_unit": "1400",
        "price_unit": "ML"
      },
      {
        "state": "ACT",
        "price": "140",
        "price_per_unit": "1400",
        "price_unit": "ML"
      },
      {
        "state": "NT",
        "price": "140",
        "price_per_unit": "1400",
        "price_unit": "ML"
      }
    ]
  },
  {
    "source_url": "https://www.woolworths.com.au/shop/productdetails/195265/brunnings-weed-kill-concentrate",
    "name": "Brunnings Weed Kill Concentrate 1l",
    "image_url": "https://cdn1.woolworths.media/content/wowproductimages/large/195265.jpg",
    "source_id": "Woolworths - 195265",
    "barcode": "9310522030289",
    "category_id": "22459",
    "shop": "Woolworths",
    "weight": "100ML",
    "prices": [
      {
        "state": "VIC",
        "price": "200",
        "price_per_unit": "2000",
        "price_unit": "ML"
      },
      {
        "state": "QLD",
        "price": "200",
        "price_per_unit": "2000",
        "price_unit": "ML"
      },
      {
        "state": "WA",
        "price": "200",
        "price_per_unit": "2000",
        "price_unit": "ML"
      },
      {
        "state": "SA",
        "price": "200",
        "price_per_unit": "2000",
        "price_unit": "ML"
      },
      {
        "state": "TAS",
        "price": "200",
        "price_per_unit": "2000",
        "price_unit": "ML"
      },
      {
        "state": "ACT",
        "price": "200",
        "price_per_unit": "2000",
        "price_unit": "ML"
      },
      {
        "state": "NT",
        "price": "200",
        "price_per_unit": "2000",
        "price_unit": "ML"
      }
    ]
  },
  {
    "source_url": "https://www.woolworths.com.au/shop/productdetails/12416/brunnings-bug-fungus-kill-rtu",
    "name": "Brunnings Bug & Fungus Kill Rtu 1l",
    "image_url": "https://cdn1.woolworths.media/content/wowproductimages/large/012416.jpg",
    "source_id": "Woolworths - 12416",
    "barcode": "9310522028088",
    "category_id": "22459",
    "shop": "Woolworths",
    "weight": "100ML",
    "prices": [
      {
        "state": "QLD",
        "price": "100",
        "price_per_unit": "1000",
        "price_unit": "ML"
      },
      {
        "state": "WA",
        "price": "100",
        "price_per_unit": "1000",
        "price_unit": "ML"
      },
      {
        "state": "SA",
        "price": "100",
        "price_per_unit": "1000",
        "price_unit": "ML"
      },
      {
        "state": "TAS",
        "price": "100",
        "price_per_unit": "1000",
        "price_unit": "ML"
      },
      {
        "state": "ACT",
        "price": "100",
        "price_per_unit": "1000",
        "price_unit": "ML"
      },
      {
        "state": "NT",
        "price": "100",
        "price_per_unit": "1000",
        "price_unit": "ML"
      }
    ]
  },
  {
    "source_url": "https://www.woolworths.com.au/shop/productdetails/799/brunnings-white-oil-aerosol",
    "name": "Brunnings White Oil Aerosol 400g",
    "image_url": "https://cdn1.woolworths.media/content/wowproductimages/large/000799.jpg",
    "source_id": "Woolworths - 799",
    "barcode": "9310522030739",
    "category_id": "22459",
    "shop": "Woolworths",
    "weight": "100G",
    "prices": [
      {
        "state": "QLD",
        "price": "250",
        "price_per_unit": "1000",
        "price_unit": "G"
      },
      {
        "state": "WA",
        "price": "250",
        "price_per_unit": "1000",
        "price_unit": "G"
      },
      {
        "state": "SA",
        "price": "250",
        "price_per_unit": "1000",
        "price_unit": "G"
      },
      {
        "state": "TAS",
        "price": "250",
        "price_per_unit": "1000",
        "price_unit": "G"
      },
      {
        "state": "ACT",
        "price": "250",
        "price_per_unit": "1000",
        "price_unit": "G"
      },
      {
        "state": "NT",
        "price": "250",
        "price_per_unit": "1000",
        "price_unit": "G"
      }
    ]
  },
  {
    "source_url": "https://www.woolworths.com.au/shop/productdetails/391569/mcgregor-s-weed-out-protect-shaker-pack",
    "name": "McGregor's Weed Out Protect Shaker Pack 500g",
    "image_url": "https://cdn1.woolworths.media/content/wowproductimages/large/391569.jpg",
    "source_id": "Woolworths - 391569",
    "barcode": "9414061117453",
    "category_id": "22459",
    "shop": "Woolworths",
    "weight": "100G",
    "prices": [
      {
        "state": "QLD",
        "price": "400",
        "price_per_unit": "2000",
        "price_unit": "G"
      },
      {
        "state": "WA",
        "price": "400",
        "price_per_unit": "2000",
        "price_unit": "G"
      },
      {
        "state": "SA",
        "price": "400",
        "price_per_unit": "2000",
        "price_unit": "G"
      },
      {
        "state": "TAS",
        "price": "400",
        "price_per_unit": "2000",
        "price_unit": "G"
      },
      {
        "state": "ACT",
        "price": "400",
        "price_per_unit": "2000",
        "price_unit": "G"
      },
      {
        "state": "NT",
        "price": "400",
        "price_per_unit": "2000",
        "price_unit": "G"
      }
    ]
  },
  {
    "source_url": "https://www.woolworths.com.au/shop/productdetails/352344/roundup-garden-weed-killer-fast-action",
    "name": "Roundup Garden Weed Killer Fast Action 1l",
    "image_url": "https://cdn1.woolworths.media/content/wowproductimages/large/352344.jpg",
    "source_id": "Woolworths - 352344",
    "barcode": "9311105008619",
    "category_id": "22459",
    "shop": "Woolworths",
    "weight": "100ML",
    "prices": [
      {
        "state": "QLD",
        "price": "230",
        "price_per_unit": "2300",
        "price_unit": "ML"
      },
      {
        "state": "WA",
        "price": "230",
        "price_per_unit": "2300",
        "price_unit": "ML"
      },
      {
        "state": "SA",
        "price": "230",
        "price_per_unit": "2300",
        "price_unit": "ML"
      },
      {
        "state": "TAS",
        "price": "230",
        "price_per_unit": "2300",
        "price_unit": "ML"
      },
      {
        "state": "ACT",
        "price": "230",
        "price_per_unit": "2300",
        "price_unit": "ML"
      },
      {
        "state": "NT",
        "price": "230",
        "price_per_unit": "2300",
        "price_unit": "ML"
      }
    ]
  },
  {
    "source_url": "https://www.woolworths.com.au/shop/productdetails/105741/roundup-natural-weed-killer",
    "name": "Roundup Natural Weed Killer 1l",
    "image_url": "https://cdn1.woolworths.media/content/wowproductimages/large/105741.jpg",
    "source_id": "Woolworths - 105741",
    "barcode": "9311105008855",
    "category_id": "22459",
    "shop": "Woolworths",
    "weight": "100ML",
    "prices": [
      {
        "state": "QLD",
        "price": "200",
        "price_per_unit": "2000",
        "price_unit": "ML"
      },
      {
        "state": "WA",
        "price": "200",
        "price_per_unit": "2000",
        "price_unit": "ML"
      },
      {
        "state": "SA",
        "price": "200",
        "price_per_unit": "2000",
        "price_unit": "ML"
      },
      {
        "state": "TAS",
        "price": "200",
        "price_per_unit": "2000",
        "price_unit": "ML"
      },
      {
        "state": "ACT",
        "price": "200",
        "price_per_unit": "2000",
        "price_unit": "ML"
      },
      {
        "state": "NT",
        "price": "200",
        "price_per_unit": "2000",
        "price_unit": "ML"
      }
    ]
  },
  {
    "source_url": "https://www.woolworths.com.au/shop/productdetails/691495/slasher-organic-weed-killer-ready-to-use",
    "name": "Slasher Organic Weed Killer Ready To Use 750ml",
    "image_url": "https://cdn1.woolworths.media/content/wowproductimages/large/691495.jpg",
    "source_id": "Woolworths - 691495",
    "barcode": "9336099000333",
    "category_id": "22459",
    "shop": "Woolworths",
    "weight": "100ML",
    "prices": [
      {
        "state": "QLD",
        "price": "187",
        "price_per_unit": "1400",
        "price_unit": "ML"
      },
      {
        "state": "WA",
        "price": "187",
        "price_per_unit": "1400",
        "price_unit": "ML"
      },
      {
        "state": "SA",
        "price": "187",
        "price_per_unit": "1400",
        "price_unit": "ML"
      },
      {
        "state": "TAS",
        "price": "187",
        "price_per_unit": "1400",
        "price_unit": "ML"
      },
      {
        "state": "ACT",
        "price": "187",
        "price_per_unit": "1400",
        "price_unit": "ML"
      },
      {
        "state": "NT",
        "price": "187",
        "price_per_unit": "1400",
        "price_unit": "ML"
      }
    ]
  },
  {
    "source_url": "https://www.woolworths.com.au/shop/productdetails/166822/yates-ant-flea-tick-killer-fast-action",
    "name": "Yates Ant Flea & Tick Killer Fast Action 600g",
    "image_url": "https://cdn1.woolworths.media/content/wowproductimages/large/166822.jpg",
    "source_id": "Woolworths - 166822",
    "barcode": "9310428563430",
    "category_id": "22459",
    "shop": "Woolworths",
    "weight": "100G",
    "prices": [
      {
        "state": "QLD",
        "price": "205",
        "price_per_unit": "1230",
        "price_unit": "G"
      },
      {
        "state": "WA",
        "price": "205",
        "price_per_unit": "1230",
        "price_unit": "G"
      },
      {
        "state": "SA",
        "price": "205",
        "price_per_unit": "1230",
        "price_unit": "G"
      },
      {
        "state": "TAS",
        "price": "205",
        "price_per_unit": "1230",
        "price_unit": "G"
      },
      {
        "state": "ACT",
        "price": "205",
        "price_per_unit": "1230",
        "price_unit": "G"
      },
      {
        "state": "NT",
        "price": "205",
        "price_per_unit": "1230",
        "price_unit": "G"
      }
    ]
  },
  {
    "source_url": "https://www.woolworths.com.au/shop/productdetails/352346/yates-blitzem-garden-snail-slug-pellets",
    "name": "Yates Blitzem Garden Snail & Slug Pellets 500g",
    "image_url": "https://cdn1.woolworths.media/content/wowproductimages/large/352346.jpg",
    "source_id": "Woolworths - 352346",
    "barcode": "9310428097409",
    "category_id": "22459",
    "shop": "Woolworths",
    "weight": "100G",
    "prices": [
      {
        "state": "QLD",
        "price": "84",
        "price_per_unit": "420",
        "price_unit": "G"
      },
      {
        "state": "WA",
        "price": "84",
        "price_per_unit": "420",
        "price_unit": "G"
      },
      {
        "state": "SA",
        "price": "84",
        "price_per_unit": "420",
        "price_unit": "G"
      },
      {
        "state": "TAS",
        "price": "84",
        "price_per_unit": "420",
        "price_unit": "G"
      },
      {
        "state": "ACT",
        "price": "84",
        "price_per_unit": "420",
        "price_unit": "G"
      },
      {
        "state": "NT",
        "price": "84",
        "price_per_unit": "420",
        "price_unit": "G"
      }
    ]
  },
  {
    "source_url": "https://www.woolworths.com.au/shop/productdetails/166912/yates-blitzem-wasp-killer-nest-destroyer",
    "name": "Yates Blitzem Wasp Killer & Nest Destroyer 350g",
    "image_url": "https://cdn1.woolworths.media/content/wowproductimages/large/166912.jpg",
    "source_id": "Woolworths - 166912",
    "barcode": "9310428563447",
    "category_id": "22459",
    "shop": "Woolworths",
    "weight": "100G",
    "prices": [
      {
        "state": "QLD",
        "price": "437",
        "price_per_unit": "1530",
        "price_unit": "G"
      },
      {
        "state": "WA",
        "price": "437",
        "price_per_unit": "1530",
        "price_unit": "G"
      },
      {
        "state": "SA",
        "price": "437",
        "price_per_unit": "1530",
        "price_unit": "G"
      },
      {
        "state": "TAS",
        "price": "437",
        "price_per_unit": "1530",
        "price_unit": "G"
      },
      {
        "state": "ACT",
        "price": "437",
        "price_per_unit": "1530",
        "price_unit": "G"
      },
      {
        "state": "NT",
        "price": "437",
        "price_per_unit": "1530",
        "price_unit": "G"
      }
    ]
  },
  {
    "source_url": "https://www.woolworths.com.au/shop/productdetails/181992/yates-insect-control-control-spray",
    "name": "Yates Insect Control Control Spray 750ml",
    "image_url": "https://cdn1.woolworths.media/content/wowproductimages/large/181992.jpg",
    "source_id": "Woolworths - 181992",
    "barcode": "9310428428074",
    "category_id": "22459",
    "shop": "Woolworths",
    "weight": "100ML",
    "prices": [
      {
        "state": "QLD",
        "price": "191",
        "price_per_unit": "1430",
        "price_unit": "ML"
      },
      {
        "state": "WA",
        "price": "191",
        "price_per_unit": "1430",
        "price_unit": "ML"
      },
      {
        "state": "SA",
        "price": "191",
        "price_per_unit": "1430",
        "price_unit": "ML"
      },
      {
        "state": "TAS",
        "price": "191",
        "price_per_unit": "1430",
        "price_unit": "ML"
      },
      {
        "state": "ACT",
        "price": "191",
        "price_per_unit": "1430",
        "price_unit": "ML"
      },
      {
        "state": "NT",
        "price": "191",
        "price_per_unit": "1430",
        "price_unit": "ML"
      }
    ]
  },
  {
    "source_url": "https://www.woolworths.com.au/shop/productdetails/492044/yates-insect-spray-nature-s-way-all-purpose",
    "name": "Yates Insect Spray Nature's Way All Purpose 750ml",
    "image_url": "https://cdn1.woolworths.media/content/wowproductimages/large/492044.jpg",
    "source_id": "Woolworths - 492044",
    "barcode": "9310428551000",
    "category_id": "22459",
    "shop": "Woolworths",
    "weight": "100ML",
    "prices": [
      {
        "state": "QLD",
        "price": "220",
        "price_per_unit": "1650",
        "price_unit": "ML"
      },
      {
        "state": "WA",
        "price": "220",
        "price_per_unit": "1650",
        "price_unit": "ML"
      },
      {
        "state": "SA",
        "price": "220",
        "price_per_unit": "1650",
        "price_unit": "ML"
      },
      {
        "state": "TAS",
        "price": "220",
        "price_per_unit": "1650",
        "price_unit": "ML"
      },
      {
        "state": "ACT",
        "price": "220",
        "price_per_unit": "1650",
        "price_unit": "ML"
      },
      {
        "state": "NT",
        "price": "220",
        "price_per_unit": "1650",
        "price_unit": "ML"
      }
    ]
  },
  {
    "source_url": "https://www.woolworths.com.au/shop/productdetails/195211/yates-pyrethrum-insect-control-spray-bottle-refill",
    "name": "Yates Pyrethrum Insect Control Spray Bottle & Refill 2x750ml",
    "image_url": "https://cdn1.woolworths.media/content/wowproductimages/large/195211.jpg",
    "source_id": "Woolworths - 195211",
    "barcode": "9310428441172",
    "category_id": "22459",
    "shop": "Woolworths",
    "weight": "100ML",
    "prices": [
      {
        "state": "QLD",
        "price": "117",
        "price_per_unit": "1750",
        "price_unit": "ML"
      },
      {
        "state": "WA",
        "price": "117",
        "price_per_unit": "1750",
        "price_unit": "ML"
      },
      {
        "state": "SA",
        "price": "117",
        "price_per_unit": "1750",
        "price_unit": "ML"
      },
      {
        "state": "TAS",
        "price": "117",
        "price_per_unit": "1750",
        "price_unit": "ML"
      },
      {
        "state": "ACT",
        "price": "117",
        "price_per_unit": "1750",
        "price_unit": "ML"
      },
      {
        "state": "NT",
        "price": "117",
        "price_per_unit": "1750",
        "price_unit": "ML"
      }
    ]
  },
  {
    "source_url": "https://www.woolworths.com.au/shop/productdetails/691511/yates-zero-weedkiller-broadleaf-weeds-spray-twin-pack",
    "name": "Yates Zero Weedkiller Broadleaf Weeds Spray Twin Pack 750ml x2 Pack",
    "image_url": "https://cdn1.woolworths.media/content/wowproductimages/large/691511.jpg",
    "source_id": "Woolworths - 691511",
    "barcode": "9310428089008",
    "category_id": "22459",
    "shop": "Woolworths",
    "weight": "100ML",
    "prices": [
      {
        "state": "QLD",
        "price": "99",
        "price_per_unit": "1490",
        "price_unit": "ML"
      },
      {
        "state": "WA",
        "price": "99",
        "price_per_unit": "1490",
        "price_unit": "ML"
      },
      {
        "state": "SA",
        "price": "99",
        "price_per_unit": "1490",
        "price_unit": "ML"
      },
      {
        "state": "TAS",
        "price": "99",
        "price_per_unit": "1490",
        "price_unit": "ML"
      },
      {
        "state": "ACT",
        "price": "99",
        "price_per_unit": "1490",
        "price_unit": "ML"
      },
      {
        "state": "NT",
        "price": "99",
        "price_per_unit": "1490",
        "price_unit": "ML"
      }
    ]
  },
  {
    "source_url": "https://www.woolworths.com.au/shop/productdetails/503940/yates-advanced-garden-insect-killer",
    "name": "Yates Advanced Garden Insect Killer 750mL",
    "image_url": "https://cdn1.woolworths.media/content/wowproductimages/large/503940.jpg",
    "source_id": "Woolworths - 503940",
    "barcode": "9310428565793",
    "category_id": "22459",
    "shop": "Woolworths",
    "weight": "100ML",
    "prices": [
      {
        "state": "NT",
        "price": "193",
        "price_per_unit": "1450",
        "price_unit": "ML"
      }
    ]
  }
]