[
  {
    "source_url": "https://www.woolworths.com.au/shop/productdetails/120289/evergreen-gyoza-wrappers",
    "name": "Evergreen Gyoza Wrappers 275g",
    "image_url": "https://cdn1.woolworths.media/content/wowproductimages/large/120289.jpg",
    "source_id": "Woolworths - 120289",
    "barcode": "9323536720114",
    "shop": "Woolworths",
    "weight": "100G",
    "prices": [
      {
        "state": "NSW",
        "price": "410",
        "price_per_unit": "149",
        "price_unit": "G"
      },
      {
        "state": "NSW",
        "price": "410",
        "price_per_unit": "149",
        "price_unit": "G"
      },
      {
        "state": "QLD",
        "price": "410",
        "price_per_unit": "149",
        "price_unit": "G"
      },
      {
        "state": "QLD",
        "price": "410",
        "price_per_unit": "149",
        "price_unit": "G"
      },
      {
        "state": "WA",
        "price": "410",
        "price_per_unit": "149",
        "price_unit": "G"
      },
      {
        "state": "WA",
        "price": "410",
        "price_per_unit": "149",
        "price_unit": "G"
      },
      {
        "state": "SA",
        "price": "410",
        "price_per_unit": "149",
        "price_unit": "G"
      },
      {
        "state": "SA",
        "price": "410",
        "price_per_unit": "149",
        "price_unit": "G"
      },
      {
        "state": "TAS",
        "price": "410",
        "price_per_unit": "149",
        "price_unit": "G"
      },
      {
        "state": "TAS",
        "price": "410",
        "price_per_unit": "149",
        "price_unit": "G"
      },
      {
        "state": "NT",
        "price": "410",
        "price_per_unit": "149",
        "price_unit": "G"
      },
      {
        "state": "NT",
        "price": "410",
        "price_per_unit": "149",
        "price_unit": "G"
      }
    ]
  },
  {
    "source_url": "https://www.woolworths.com.au/shop/productdetails/120049/evergreen-wonton-wrappers",
    "name": "Evergreen Wonton Wrappers 300g",
    "image_url": "https://cdn1.woolworths.media/content/wowproductimages/large/120049.jpg",
    "source_id": "Woolworths - 120049",
    "barcode": "9323536720138",
    "shop": "Woolworths",
    "weight": "100G",
    "prices": [
      {
        "state": "NSW",
        "price": "410",
        "price_per_unit": "137",
        "price_unit": "G"
      },
      {
        "state": "NSW",
        "price": "410",
        "price_per_unit": "137",
        "price_unit": "G"
      },
      {
        "state": "QLD",
        "price": "410",
        "price_per_unit": "137",
        "price_unit": "G"
      },
      {
        "state": "QLD",
        "price": "410",
        "price_per_unit": "137",
        "price_unit": "G"
      },
      {
        "state": "WA",
        "price": "410",
        "price_per_unit": "137",
        "price_unit": "G"
      },
      {
        "state": "WA",
        "price": "410",
        "price_per_unit": "137",
        "price_unit": "G"
      },
      {
        "state": "SA",
        "price": "410",
        "price_per_unit": "137",
        "price_unit": "G"
      },
      {
        "state": "SA",
        "price": "410",
        "price_per_unit": "137",
        "price_unit": "G"
      },
      {
        "state": "TAS",
        "price": "410",
        "price_per_unit": "137",
        "price_unit": "G"
      },
      {
        "state": "TAS",
        "price": "410",
        "price_per_unit": "137",
        "price_unit": "G"
      },
      {
        "state": "NT",
        "price": "410",
        "price_per_unit": "137",
        "price_unit": "G"
      },
      {
        "state": "NT",
        "price": "410",
        "price_per_unit": "137",
        "price_unit": "G"
      }
    ]
  },
  {
    "source_url": "https://www.woolworths.com.au/shop/productdetails/596103/evergreen-classic-tofu",
    "name": "Evergreen Classic Tofu 300g",
    "image_url": "https://cdn1.woolworths.media/content/wowproductimages/large/596103.jpg",
    "source_id": "Woolworths - 596103",
    "barcode": "9323536580022",
    "shop": "Woolworths",
    "weight": "1KG",
    "prices": [
      {
        "state": "NSW",
        "price": "250",
        "price_per_unit": "833",
        "price_unit": "KG"
      },
      {
        "state": "VIC",
        "price": "250",
        "price_per_unit": "833",
        "price_unit": "KG"
      },
      {
        "state": "SA",
        "price": "230",
        "price_per_unit": "767",
        "price_unit": "KG"
      },
      {
        "state": "ACT",
        "price": "250",
        "price_per_unit": "833",
        "price_unit": "KG"
      },
      {
        "state": "NT",
        "price": "230",
        "price_per_unit": "767",
        "price_unit": "KG"
      }
    ]
  },
  {
    "source_url": "https://www.woolworths.com.au/shop/productdetails/595589/evergreen-classic-tofu",
    "name": "Evergreen Classic Tofu 500g",
    "image_url": "https://cdn1.woolworths.media/content/wowproductimages/large/595589.jpg",
    "source_id": "Woolworths - 595589",
    "barcode": "9323536008786",
    "shop": "Woolworths",
    "weight": "1KG",
    "prices": [
      {
        "state": "NSW",
        "price": "385",
        "price_per_unit": "770",
        "price_unit": "KG"
      },
      {
        "state": "VIC",
        "price": "385",
        "price_per_unit": "770",
        "price_unit": "KG"
      },
      {
        "state": "SA",
        "price": "420",
        "price_per_unit": "840",
        "price_unit": "KG"
      },
      {
        "state": "ACT",
        "price": "385",
        "price_per_unit": "770",
        "price_unit": "KG"
      },
      {
        "state": "NT",
        "price": "420",
        "price_per_unit": "840",
        "price_unit": "KG"
      }
    ]
  },
  {
    "source_url": "https://www.woolworths.com.au/shop/productdetails/595587/evergreen-firm-tofu",
    "name": "Evergreen Firm Tofu 900g",
    "image_url": "https://cdn1.woolworths.media/content/wowproductimages/large/595587.jpg",
    "source_id": "Woolworths - 595587",
    "barcode": "9323536008908",
    "shop": "Woolworths",
    "weight": "1KG",
    "prices": [
      {
        "state": "NSW",
        "price": "525",
        "price_per_unit": "583",
        "price_unit": "KG"
      },
      {
        "state": "SA",
        "price": "500",
        "price_per_unit": "556",
        "price_unit": "KG"
      },
      {
        "state": "NT",
        "price": "500",
        "price_per_unit": "556",
        "price_unit": "KG"
      }
    ]
  },
  {
    "source_url": "https://www.woolworths.com.au/shop/productdetails/595735/evergreen-fresh-egg-noddle",
    "name": "Evergreen Fresh Egg Noddle 500g",
    "image_url": "https://cdn1.woolworths.media/content/wowproductimages/large/595735.jpg",
    "source_id": "Woolworths - 595735",
    "barcode": "9323536588035",
    "shop": "Woolworths",
    "weight": "1KG",
    "prices": [
      {
        "state": "NSW",
        "price": "350",
        "price_per_unit": "700",
        "price_unit": "KG"
      },
      {
        "state": "SA",
        "price": "325",
        "price_per_unit": "650",
        "price_unit": "KG"
      },
      {
        "state": "ACT",
        "price": "350",
        "price_per_unit": "700",
        "price_unit": "KG"
      },
      {
        "state": "NT",
        "price": "325",
        "price_per_unit": "650",
        "price_unit": "KG"
      }
    ]
  },
  {
    "source_url": "https://www.woolworths.com.au/shop/productdetails/595465/evergreen-fresh-hard-tofu",
    "name": "Evergreen Fresh Hard Tofu 650g",
    "image_url": "https://cdn1.woolworths.media/content/wowproductimages/large/595465.jpg",
    "source_id": "Woolworths - 595465",
    "barcode": "9323536001268",
    "shop": "Woolworths",
    "weight": "1KG",
    "prices": [
      {
        "state": "NSW",
        "price": "550",
        "price_per_unit": "846",
        "price_unit": "KG"
      },
      {
        "state": "SA",
        "price": "580",
        "price_per_unit": "892",
        "price_unit": "KG"
      },
      {
        "state": "ACT",
        "price": "550",
        "price_per_unit": "846",
        "price_unit": "KG"
      },
      {
        "state": "NT",
        "price": "580",
        "price_per_unit": "892",
        "price_unit": "KG"
      }
    ]
  },
  {
    "source_url": "https://www.woolworths.com.au/shop/productdetails/595730/evergreen-fried-tofu-puff",
    "name": "Evergreen Fried Tofu Puff 200g",
    "image_url": "https://cdn1.woolworths.media/content/wowproductimages/large/595730.jpg",
    "source_id": "Woolworths - 595730",
    "barcode": "9323536021259",
    "shop": "Woolworths",
    "weight": "1KG",
    "prices": [
      {
        "state": "NSW",
        "price": "500",
        "price_per_unit": "2500",
        "price_unit": "KG"
      }
    ]
  },
  {
    "source_url": "https://www.woolworths.com.au/shop/productdetails/595737/evergreen-la-mein-noodle",
    "name": "Evergreen La Mein Noodle 500g",
    "image_url": "https://cdn1.woolworths.media/content/wowproductimages/large/595737.jpg",
    "source_id": "Woolworths - 595737",
    "barcode": "9323536588028",
    "shop": "Woolworths",
    "weight": "1KG",
    "prices": [
      {
        "state": "NSW",
        "price": "300",
        "price_per_unit": "600",
        "price_unit": "KG"
      },
      {
        "state": "SA",
        "price": "325",
        "price_per_unit": "650",
        "price_unit": "KG"
      },
      {
        "state": "ACT",
        "price": "300",
        "price_per_unit": "600",
        "price_unit": "KG"
      },
      {
        "state": "NT",
        "price": "325",
        "price_per_unit": "650",
        "price_unit": "KG"
      }
    ]
  },
  {
    "source_url": "https://www.woolworths.com.au/shop/productdetails/596100/evergreen-momen-tofu",
    "name": "Evergreen Momen Tofu 500g",
    "image_url": "https://cdn1.woolworths.media/content/wowproductimages/large/596100.jpg",
    "source_id": "Woolworths - 596100",
    "barcode": "9323536008892",
    "shop": "Woolworths",
    "weight": "1KG",
    "prices": [
      {
        "state": "NSW",
        "price": "385",
        "price_per_unit": "770",
        "price_unit": "KG"
      },
      {
        "state": "SA",
        "price": "425",
        "price_per_unit": "850",
        "price_unit": "KG"
      },
      {
        "state": "ACT",
        "price": "385",
        "price_per_unit": "770",
        "price_unit": "KG"
      },
      {
        "state": "NT",
        "price": "425",
        "price_per_unit": "850",
        "price_unit": "KG"
      }
    ]
  },
  {
    "source_url": "https://www.woolworths.com.au/shop/productdetails/595732/evergreen-original-tofu",
    "name": "Evergreen Original Tofu 900g",
    "image_url": "https://cdn1.woolworths.media/content/wowproductimages/large/595732.jpg",
    "source_id": "Woolworths - 595732",
    "barcode": "9323536008885",
    "shop": "Woolworths",
    "weight": "1KG",
    "prices": [
      {
        "state": "NSW",
        "price": "525",
        "price_per_unit": "583",
        "price_unit": "KG"
      },
      {
        "state": "SA",
        "price": "500",
        "price_per_unit": "556",
        "price_unit": "KG"
      },
      {
        "state": "ACT",
        "price": "525",
        "price_per_unit": "583",
        "price_unit": "KG"
      },
      {
        "state": "NT",
        "price": "500",
        "price_per_unit": "556",
        "price_unit": "KG"
      }
    ]
  },
  {
    "source_url": "https://www.woolworths.com.au/shop/productdetails/595733/evergreen-regular-tofu",
    "name": "Evergreen Regular Tofu 900g",
    "image_url": "https://cdn1.woolworths.media/content/wowproductimages/large/595733.jpg",
    "source_id": "Woolworths - 595733",
    "barcode": "9323536008687",
    "shop": "Woolworths",
    "weight": "1KG",
    "prices": [
      {
        "state": "NSW",
        "price": "515",
        "price_per_unit": "572",
        "price_unit": "KG"
      },
      {
        "state": "VIC",
        "price": "515",
        "price_per_unit": "572",
        "price_unit": "KG"
      },
      {
        "state": "SA",
        "price": "500",
        "price_per_unit": "556",
        "price_unit": "KG"
      },
      {
        "state": "ACT",
        "price": "515",
        "price_per_unit": "572",
        "price_unit": "KG"
      },
      {
        "state": "NT",
        "price": "500",
        "price_per_unit": "556",
        "price_unit": "KG"
      }
    ]
  },
  {
    "source_url": "https://www.woolworths.com.au/shop/productdetails/595734/evergreen-silken-tofu",
    "name": "Evergreen Silken Tofu 300g",
    "image_url": "https://cdn1.woolworths.media/content/wowproductimages/large/595734.jpg",
    "source_id": "Woolworths - 595734",
    "barcode": "9323536580015",
    "shop": "Woolworths",
    "weight": "1KG",
    "prices": [
      null,
      {
        "state": "SA",
        "price": "230",
        "price_per_unit": "767",
        "price_unit": "KG"
      },
      {
        "state": "ACT",
        "price": "250",
        "price_per_unit": "833",
        "price_unit": "KG"
      },
      {
        "state": "NT",
        "price": "230",
        "price_per_unit": "767",
        "price_unit": "KG"
      }
    ]
  },
  {
    "source_url": "https://www.woolworths.com.au/shop/productdetails/595736/evergreen-yang-chun-noodle",
    "name": "Evergreen Yang Chun Noodle 500g",
    "image_url": "https://cdn1.woolworths.media/content/wowproductimages/large/595736.jpg",
    "source_id": "Woolworths - 595736",
    "barcode": "9323536588011",
    "shop": "Woolworths",
    "weight": "1KG",
    "prices": [
      {
        "state": "NSW",
        "price": "300",
        "price_per_unit": "600",
        "price_unit": "KG"
      },
      {
        "state": "SA",
        "price": "325",
        "price_per_unit": "650",
        "price_unit": "KG"
      },
      {
        "state": "NT",
        "price": "325",
        "price_per_unit": "650",
        "price_unit": "KG"
      }
    ]
  },
  {
    "source_url": "https://www.woolworths.com.au/shop/productdetails/696053/hakka-beef-balls",
    "name": "Hakka Beef Balls 200g",
    "image_url": "https://cdn1.woolworths.media/content/wowproductimages/large/696053.jpg",
    "source_id": "Woolworths - 696053",
    "barcode": "9313353020016",
    "shop": "Woolworths",
    "weight": "1KG",
    "prices": [
      {
        "state": "NSW",
        "price": "725",
        "price_per_unit": "3625",
        "price_unit": "KG"
      },
      {
        "state": "VIC",
        "price": "725",
        "price_per_unit": "3625",
        "price_unit": "KG"
      }
    ]
  },
  {
    "source_url": "https://www.woolworths.com.au/shop/productdetails/695989/hakka-fresh-pork-ball",
    "name": "Hakka Fresh Pork Ball 200g",
    "image_url": "https://cdn1.woolworths.media/content/wowproductimages/large/695989.jpg",
    "source_id": "Woolworths - 695989",
    "barcode": "9313353020023",
    "shop": "Woolworths",
    "weight": "1KG",
    "prices": [
      {
        "state": "NSW",
        "price": "725",
        "price_per_unit": "3625",
        "price_unit": "KG"
      },
      {
        "state": "VIC",
        "price": "725",
        "price_per_unit": "3625",
        "price_unit": "KG"
      },
      {
        "state": "SA",
        "price": "775",
        "price_per_unit": "3875",
        "price_unit": "KG"
      },
      {
        "state": "NT",
        "price": "775",
        "price_per_unit": "3875",
        "price_unit": "KG"
      }
    ]
  },
  {
    "source_url": "https://www.woolworths.com.au/shop/productdetails/696020/hakka-fried-fish-balls",
    "name": "Hakka Fried Fish Balls 200g",
    "image_url": "https://cdn1.woolworths.media/content/wowproductimages/large/696020.jpg",
    "source_id": "Woolworths - 696020",
    "barcode": "9313353020047",
    "shop": "Woolworths",
    "weight": "1KG",
    "prices": [
      {
        "state": "NSW",
        "price": "525",
        "price_per_unit": "2625",
        "price_unit": "KG"
      },
      {
        "state": "VIC",
        "price": "525",
        "price_per_unit": "2625",
        "price_unit": "KG"
      }
    ]
  },
  {
    "source_url": "https://www.woolworths.com.au/shop/productdetails/696036/hakka-fried-fish-pieces",
    "name": "Hakka Fried Fish Pieces 180g",
    "image_url": "https://cdn1.woolworths.media/content/wowproductimages/large/696036.jpg",
    "source_id": "Woolworths - 696036",
    "barcode": "9313353020139",
    "shop": "Woolworths",
    "weight": "1KG",
    "prices": [
      {
        "state": "NSW",
        "price": "500",
        "price_per_unit": "2778",
        "price_unit": "KG"
      },
      {
        "state": "VIC",
        "price": "500",
        "price_per_unit": "2778",
        "price_unit": "KG"
      },
      {
        "state": "SA",
        "price": "550",
        "price_per_unit": "3056",
        "price_unit": "KG"
      },
      {
        "state": "NT",
        "price": "550",
        "price_per_unit": "3056",
        "price_unit": "KG"
      }
    ]
  },
  {
    "source_url": "https://www.woolworths.com.au/shop/productdetails/695998/hakka-white-fish-balls",
    "name": "Hakka White Fish Balls 200g",
    "image_url": "https://cdn1.woolworths.media/content/wowproductimages/large/695998.jpg",
    "source_id": "Woolworths - 695998",
    "barcode": "9313353020085",
    "shop": "Woolworths",
    "weight": "1KG",
    "prices": [
      {
        "state": "NSW",
        "price": "525",
        "price_per_unit": "2625",
        "price_unit": "KG"
      },
      {
        "state": "VIC",
        "price": "525",
        "price_per_unit": "2625",
        "price_unit": "KG"
      },
      {
        "state": "SA",
        "price": "550",
        "price_per_unit": "2750",
        "price_unit": "KG"
      },
      {
        "state": "NT",
        "price": "550",
        "price_per_unit": "2750",
        "price_unit": "KG"
      }
    ]
  },
  {
    "source_url": "https://www.woolworths.com.au/shop/productdetails/695665/mc-yee-chow-mein",
    "name": "Mc YEE Chow Mein 500g",
    "image_url": "https://cdn1.woolworths.media/content/wowproductimages/large/695665.jpg",
    "source_id": "Woolworths - 695665",
    "barcode": "9352576000139",
    "shop": "Woolworths",
    "weight": "1KG",
    "prices": [
      {
        "state": "NSW",
        "price": "325",
        "price_per_unit": "650",
        "price_unit": "KG"
      },
      {
        "state": "SA",
        "price": "500",
        "price_per_unit": "1000",
        "price_unit": "KG"
      },
      {
        "state": "NT",
        "price": "500",
        "price_per_unit": "1000",
        "price_unit": "KG"
      }
    ]
  },
  {
    "source_url": "https://www.woolworths.com.au/shop/productdetails/695894/mc-yee-egg-noodles",
    "name": "Mc YEE Egg Noodles 1kg",
    "image_url": "https://cdn1.woolworths.media/content/wowproductimages/large/695894.jpg",
    "source_id": "Woolworths - 695894",
    "barcode": "9352576000016",
    "shop": "Woolworths",
    "weight": "1KG",
    "prices": [
      {
        "state": "NSW",
        "price": "600",
        "price_per_unit": "600",
        "price_unit": "KG"
      },
      {
        "state": "SA",
        "price": "700",
        "price_per_unit": "700",
        "price_unit": "KG"
      },
      {
        "state": "NT",
        "price": "700",
        "price_per_unit": "700",
        "price_unit": "KG"
      }
    ]
  },
  {
    "source_url": "https://www.woolworths.com.au/shop/productdetails/695947/mc-yee-egg-noodles-traditional",
    "name": "Mc YEE Egg Noodles Traditional 375g",
    "image_url": "https://cdn1.woolworths.media/content/wowproductimages/large/695947.jpg",
    "source_id": "Woolworths - 695947",
    "barcode": "9352576000023",
    "shop": "Woolworths",
    "weight": "1KG",
    "prices": [
      {
        "state": "NSW",
        "price": "260",
        "price_per_unit": "693",
        "price_unit": "KG"
      }
    ]
  },
  {
    "source_url": "https://www.woolworths.com.au/shop/productdetails/695896/mc-yee-hokkein-noodle",
    "name": "Mc YEE Hokkein Noodle 1kg",
    "image_url": "https://cdn1.woolworths.media/content/wowproductimages/large/695896.jpg",
    "source_id": "Woolworths - 695896",
    "barcode": "9352576000115",
    "shop": "Woolworths",
    "weight": "1KG",
    "prices": [
      {
        "state": "NSW",
        "price": "330",
        "price_per_unit": "330",
        "price_unit": "KG"
      },
      {
        "state": "SA",
        "price": "500",
        "price_per_unit": "500",
        "price_unit": "KG"
      },
      {
        "state": "NT",
        "price": "500",
        "price_per_unit": "500",
        "price_unit": "KG"
      }
    ]
  },
  {
    "source_url": "https://www.woolworths.com.au/shop/productdetails/853119/mc-yee-noodles-gow-gee",
    "name": "Mc YEE Noodles Gow Gee 300g",
    "image_url": "https://cdn1.woolworths.media/content/wowproductimages/large/853119.jpg",
    "source_id": "Woolworths - 853119",
    "barcode": "9352576000283",
    "shop": "Woolworths",
    "weight": "1KG",
    "prices": [
      {
        "state": "NSW",
        "price": "280",
        "price_per_unit": "933",
        "price_unit": "KG"
      }
    ]
  },
  {
    "source_url": "https://www.woolworths.com.au/shop/productdetails/855574/mc-yee-noodles-wonton",
    "name": "Mc YEE Noodles Wonton 300g",
    "image_url": "https://cdn1.woolworths.media/content/wowproductimages/large/855574.jpg",
    "source_id": "Woolworths - 855574",
    "barcode": "9352576000252",
    "shop": "Woolworths",
    "weight": "1KG",
    "prices": [
      {
        "state": "NSW",
        "price": "250",
        "price_per_unit": "833",
        "price_unit": "KG"
      }
    ]
  },
  {
    "source_url": "https://www.woolworths.com.au/shop/productdetails/695898/mc-yee-shanghai-noodles-traditional",
    "name": "Mc YEE Shanghai Noodles Traditional 1kg",
    "image_url": "https://cdn1.woolworths.media/content/wowproductimages/large/695898.jpg",
    "source_id": "Woolworths - 695898",
    "barcode": "9352576000191",
    "shop": "Woolworths",
    "weight": "1KG",
    "prices": [
      {
        "state": "NSW",
        "price": "330",
        "price_per_unit": "330",
        "price_unit": "KG"
      }
    ]
  },
  {
    "source_url": "https://www.woolworths.com.au/shop/productdetails/972298/o-food-cold-noodles-with-chilled-broth",
    "name": "O'Food Cold Noodles With Chilled Broth 780g",
    "image_url": "https://cdn1.woolworths.media/content/wowproductimages/large/972298.jpg",
    "source_id": "Woolworths - 972298",
    "barcode": "8801052123097",
    "shop": "Woolworths",
    "weight": "1KG",
    "prices": [
      {
        "state": "NSW",
        "price": "795",
        "price_per_unit": "1019",
        "price_unit": "KG"
      }
    ]
  },
  {
    "source_url": "https://www.woolworths.com.au/shop/productdetails/972542/ofood-cold-noodles-with-spicy-sauce",
    "name": "OFood Cold Noodles With Spicy Sauce 370g",
    "image_url": "https://cdn1.woolworths.media/content/wowproductimages/large/972542.jpg",
    "source_id": "Woolworths - 972542",
    "barcode": "8801052123103",
    "shop": "Woolworths",
    "weight": "1KG",
    "prices": [
      {
        "state": "NSW",
        "price": "795",
        "price_per_unit": "2149",
        "price_unit": "KG"
      },
      {
        "state": "VIC",
        "price": "795",
        "price_per_unit": "2149",
        "price_unit": "KG"
      }
    ]
  },
  {
    "source_url": "https://www.woolworths.com.au/shop/productdetails/179689/sugo-tu-pizza-sauce-chilled",
    "name": "Sugo Tu Pizza Sauce Chilled 150g",
    "image_url": "https://cdn1.woolworths.media/content/wowproductimages/large/179689.jpg",
    "source_id": "Woolworths - 179689",
    "barcode": "9342739001684",
    "shop": "Woolworths",
    "weight": "100G",
    "prices": [
      {
        "state": "VIC",
        "price": "250",
        "price_per_unit": "167",
        "price_unit": "G"
      },
      {
        "state": "VIC",
        "price": "250",
        "price_per_unit": "167",
        "price_unit": "G"
      },
      {
        "state": "QLD",
        "price": "250",
        "price_per_unit": "167",
        "price_unit": "G"
      },
      {
        "state": "QLD",
        "price": "250",
        "price_per_unit": "167",
        "price_unit": "G"
      }
    ]
  },
  {
    "source_url": "https://www.woolworths.com.au/shop/productdetails/133791/cong-thanh-banh-uot-rolled-noodles",
    "name": "Cong Thanh Banh Uot Rolled Noodles 1kg",
    "image_url": "https://cdn1.woolworths.media/content/wowproductimages/large/133791.jpg",
    "source_id": "Woolworths - 133791",
    "barcode": "9359412000032",
    "shop": "Woolworths",
    "weight": "1KG",
    "prices": [
      {
        "state": "VIC",
        "price": "425",
        "price_per_unit": "425",
        "price_unit": "KG"
      }
    ]
  },
  {
    "source_url": "https://www.woolworths.com.au/shop/productdetails/134162/cong-thanh-hu-tieu-sai-gon-stir-fry-noodles",
    "name": "Cong Thanh Hu Tieu Sai Gon Stir Fry Noodles 1Kg",
    "image_url": "https://cdn1.woolworths.media/content/wowproductimages/large/134162.jpg",
    "source_id": "Woolworths - 134162",
    "barcode": "9359412000001",
    "shop": "Woolworths",
    "weight": "1KG",
    "prices": []
  },
  {
    "source_url": "https://www.woolworths.com.au/shop/productdetails/133355/cong-thanh-pho-tuoi-sai-gon-rice-noodles",
    "name": "Cong Thanh Pho Tuoi Sai Gon Rice Noodles 1Kg",
    "image_url": "https://cdn1.woolworths.media/content/wowproductimages/large/133355.jpg",
    "source_id": "Woolworths - 133355",
    "barcode": "9359412000018",
    "shop": "Woolworths",
    "weight": "1KG",
    "prices": []
  },
  {
    "source_url": "https://www.woolworths.com.au/shop/productdetails/597158/evergreen-bean-curd-6-pieces",
    "name": "Evergreen Bean Curd 6 Pieces 500g",
    "image_url": "https://cdn1.woolworths.media/content/wowproductimages/large/597158.jpg",
    "source_id": "Woolworths - 597158",
    "barcode": "9323536001220",
    "shop": "Woolworths",
    "weight": "1KG",
    "prices": [
      {
        "state": "VIC",
        "price": "540",
        "price_per_unit": "900",
        "price_unit": "KG"
      },
      {
        "state": "SA",
        "price": "525",
        "price_per_unit": "875",
        "price_unit": "KG"
      },
      {
        "state": "NT",
        "price": "525",
        "price_per_unit": "875",
        "price_unit": "KG"
      }
    ]
  },
  {
    "source_url": "https://www.woolworths.com.au/shop/productdetails/595428/evergreen-five-spice-bean-cake-6-pieces",
    "name": "Evergreen Five Spice Bean Cake 6 Pieces 220g",
    "image_url": "https://cdn1.woolworths.media/content/wowproductimages/large/595428.jpg",
    "source_id": "Woolworths - 595428",
    "barcode": "9323536001015",
    "shop": "Woolworths",
    "weight": "1KG",
    "prices": [
      {
        "state": "SA",
        "price": "485",
        "price_per_unit": "2205",
        "price_unit": "KG"
      },
      {
        "state": "NT",
        "price": "485",
        "price_per_unit": "2205",
        "price_unit": "KG"
      }
    ]
  },
  {
    "source_url": "https://www.woolworths.com.au/shop/productdetails/595583/evergreen-fried-bean-curd-6-pieces",
    "name": "Evergreen Fried Bean Curd 6 Pieces 500g",
    "image_url": "https://cdn1.woolworths.media/content/wowproductimages/large/595583.jpg",
    "source_id": "Woolworths - 595583",
    "barcode": "9323536001237",
    "shop": "Woolworths",
    "weight": "1KG",
    "prices": [
      {
        "state": "VIC",
        "price": "500",
        "price_per_unit": "1000",
        "price_unit": "KG"
      },
      {
        "state": "SA",
        "price": "525",
        "price_per_unit": "1050",
        "price_unit": "KG"
      },
      {
        "state": "NT",
        "price": "525",
        "price_per_unit": "1050",
        "price_unit": "KG"
      }
    ]
  },
  {
    "source_url": "https://www.woolworths.com.au/shop/productdetails/309815/evergreen-gow-gee-pastry",
    "name": "Evergreen Gow Gee Pastry 330g",
    "image_url": "https://cdn1.woolworths.media/content/wowproductimages/large/309815.jpg",
    "source_id": "Woolworths - 309815",
    "barcode": "9323536588837",
    "shop": "Woolworths",
    "weight": "1KG",
    "prices": [
      {
        "state": "SA",
        "price": "250",
        "price_per_unit": "758",
        "price_unit": "KG"
      },
      {
        "state": "NT",
        "price": "250",
        "price_per_unit": "758",
        "price_unit": "KG"
      }
    ]
  },
  {
    "source_url": "https://www.woolworths.com.au/shop/productdetails/601581/seng-hork-bbq-pork-buns",
    "name": "Seng Hork Bbq Pork Buns 4 Pack",
    "image_url": "https://cdn1.woolworths.media/content/wowproductimages/large/601581.jpg",
    "source_id": "Woolworths - 601581",
    "barcode": "9324505000084",
    "shop": "Woolworths",
    "weight": "1KG",
    "prices": [
      {
        "state": "VIC",
        "price": "450",
        "price_per_unit": "1500",
        "price_unit": "KG"
      }
    ]
  },
  {
    "source_url": "https://www.woolworths.com.au/shop/productdetails/601586/seng-hork-chicken-buns",
    "name": "Seng Hork Chicken Buns 4 Pack",
    "image_url": "https://cdn1.woolworths.media/content/wowproductimages/large/601586.jpg",
    "source_id": "Woolworths - 601586",
    "barcode": "9324505000091",
    "shop": "Woolworths",
    "weight": "1KG",
    "prices": [
      {
        "state": "VIC",
        "price": "500",
        "price_per_unit": "1667",
        "price_unit": "KG"
      }
    ]
  },
  {
    "source_url": "https://www.woolworths.com.au/shop/productdetails/601589/seng-hork-flower-rolls",
    "name": "Seng Hork Flower Rolls 6 Pack",
    "image_url": "https://cdn1.woolworths.media/content/wowproductimages/large/601589.jpg",
    "source_id": "Woolworths - 601589",
    "barcode": "9324505000244",
    "shop": "Woolworths",
    "weight": "1KG",
    "prices": [
      {
        "state": "VIC",
        "price": "500",
        "price_per_unit": "1000",
        "price_unit": "KG"
      }
    ]
  }
]