[
  {
    "source_url": "https://www.woolworths.com.au/shop/productdetails/13916/chris-dips-avocado",
    "name": "Chris' Dips Avocado 200g",
    "image_url": "https://cdn1.woolworths.media/content/wowproductimages/large/013916.jpg",
    "source_id": "Woolworths - 13916",
    "barcode": "93262231",
    "shop": "Woolworths",
    "weight": "100G",
    "prices": [
      {
        "state": "NSW",
        "price": "450",
        "price_per_unit": "225",
        "price_unit": "G"
      },
      {
        "state": "NSW",
        "price": "450",
        "price_per_unit": "225",
        "price_unit": "G"
      },
      {
        "state": "VIC",
        "price": "450",
        "price_per_unit": "225",
        "price_unit": "G"
      },
      {
        "state": "VIC",
        "price": "450",
        "price_per_unit": "225",
        "price_unit": "G"
      },
      {
        "state": "QLD",
        "price": "450",
        "price_per_unit": "225",
        "price_unit": "G"
      },
      {
        "state": "QLD",
        "price": "450",
        "price_per_unit": "225",
        "price_unit": "G"
      },
      {
        "state": "WA",
        "price": "450",
        "price_per_unit": "225",
        "price_unit": "G"
      },
      {
        "state": "WA",
        "price": "450",
        "price_per_unit": "225",
        "price_unit": "G"
      },
      {
        "state": "SA",
        "price": "450",
        "price_per_unit": "225",
        "price_unit": "G"
      },
      {
        "state": "SA",
        "price": "450",
        "price_per_unit": "225",
        "price_unit": "G"
      },
      {
        "state": "TAS",
        "price": "450",
        "price_per_unit": "225",
        "price_unit": "G"
      },
      {
        "state": "TAS",
        "price": "450",
        "price_per_unit": "225",
        "price_unit": "G"
      },
      {
        "state": "ACT",
        "price": "450",
        "price_per_unit": "225",
        "price_unit": "G"
      },
      {
        "state": "ACT",
        "price": "450",
        "price_per_unit": "225",
        "price_unit": "G"
      },
      {
        "state": "NT",
        "price": "450",
        "price_per_unit": "225",
        "price_unit": "G"
      },
      {
        "state": "NT",
        "price": "450",
        "price_per_unit": "225",
        "price_unit": "G"
      }
    ]
  },
  {
    "source_url": "https://www.woolworths.com.au/shop/productdetails/263846/chris-dips-cheese-chive",
    "name": "Chris' Dips Cheese & Chive 200g",
    "image_url": "https://cdn1.woolworths.media/content/wowproductimages/large/263846.jpg",
    "source_id": "Woolworths - 263846",
    "barcode": "9312726071747",
    "shop": "Woolworths",
    "weight": "100G",
    "prices": [
      {
        "state": "NSW",
        "price": "450",
        "price_per_unit": "225",
        "price_unit": "G"
      },
      {
        "state": "NSW",
        "price": "450",
        "price_per_unit": "225",
        "price_unit": "G"
      },
      {
        "state": "VIC",
        "price": "450",
        "price_per_unit": "225",
        "price_unit": "G"
      },
      {
        "state": "VIC",
        "price": "450",
        "price_per_unit": "225",
        "price_unit": "G"
      },
      {
        "state": "QLD",
        "price": "450",
        "price_per_unit": "225",
        "price_unit": "G"
      },
      {
        "state": "QLD",
        "price": "450",
        "price_per_unit": "225",
        "price_unit": "G"
      },
      {
        "state": "WA",
        "price": "450",
        "price_per_unit": "225",
        "price_unit": "G"
      },
      {
        "state": "WA",
        "price": "450",
        "price_per_unit": "225",
        "price_unit": "G"
      },
      {
        "state": "SA",
        "price": "450",
        "price_per_unit": "225",
        "price_unit": "G"
      },
      {
        "state": "SA",
        "price": "450",
        "price_per_unit": "225",
        "price_unit": "G"
      },
      {
        "state": "TAS",
        "price": "450",
        "price_per_unit": "225",
        "price_unit": "G"
      },
      {
        "state": "TAS",
        "price": "450",
        "price_per_unit": "225",
        "price_unit": "G"
      },
      {
        "state": "ACT",
        "price": "450",
        "price_per_unit": "225",
        "price_unit": "G"
      },
      {
        "state": "ACT",
        "price": "450",
        "price_per_unit": "225",
        "price_unit": "G"
      },
      {
        "state": "NT",
        "price": "450",
        "price_per_unit": "225",
        "price_unit": "G"
      },
      {
        "state": "NT",
        "price": "450",
        "price_per_unit": "225",
        "price_unit": "G"
      }
    ]
  },
  {
    "source_url": "https://www.woolworths.com.au/shop/productdetails/263854/chris-dips-corn-relish",
    "name": "Chris' Dips Corn Relish 200g",
    "image_url": "https://cdn1.woolworths.media/content/wowproductimages/large/263854.jpg",
    "source_id": "Woolworths - 263854",
    "barcode": "9312726071716",
    "shop": "Woolworths",
    "weight": "100G",
    "prices": [
      {
        "state": "NSW",
        "price": "450",
        "price_per_unit": "225",
        "price_unit": "G"
      },
      {
        "state": "NSW",
        "price": "450",
        "price_per_unit": "225",
        "price_unit": "G"
      },
      {
        "state": "VIC",
        "price": "450",
        "price_per_unit": "225",
        "price_unit": "G"
      },
      {
        "state": "VIC",
        "price": "450",
        "price_per_unit": "225",
        "price_unit": "G"
      },
      {
        "state": "QLD",
        "price": "450",
        "price_per_unit": "225",
        "price_unit": "G"
      },
      {
        "state": "QLD",
        "price": "450",
        "price_per_unit": "225",
        "price_unit": "G"
      },
      {
        "state": "WA",
        "price": "450",
        "price_per_unit": "225",
        "price_unit": "G"
      },
      {
        "state": "WA",
        "price": "450",
        "price_per_unit": "225",
        "price_unit": "G"
      },
      {
        "state": "SA",
        "price": "450",
        "price_per_unit": "225",
        "price_unit": "G"
      },
      {
        "state": "SA",
        "price": "450",
        "price_per_unit": "225",
        "price_unit": "G"
      },
      {
        "state": "TAS",
        "price": "450",
        "price_per_unit": "225",
        "price_unit": "G"
      },
      {
        "state": "TAS",
        "price": "450",
        "price_per_unit": "225",
        "price_unit": "G"
      },
      {
        "state": "ACT",
        "price": "450",
        "price_per_unit": "225",
        "price_unit": "G"
      },
      {
        "state": "ACT",
        "price": "450",
        "price_per_unit": "225",
        "price_unit": "G"
      },
      {
        "state": "NT",
        "price": "450",
        "price_per_unit": "225",
        "price_unit": "G"
      },
      {
        "state": "NT",
        "price": "450",
        "price_per_unit": "225",
        "price_unit": "G"
      }
    ]
  },
  {
    "source_url": "https://www.woolworths.com.au/shop/productdetails/716246/chris-dips-egyptian-beetroot",
    "name": "Chris' Dips Egyptian Beetroot 200g",
    "image_url": "https://cdn1.woolworths.media/content/wowproductimages/large/716246.jpg",
    "source_id": "Woolworths - 716246",
    "barcode": "9312726002048",
    "shop": "Woolworths",
    "weight": "100G",
    "prices": [
      {
        "state": "NSW",
        "price": "450",
        "price_per_unit": "225",
        "price_unit": "G"
      },
      {
        "state": "NSW",
        "price": "450",
        "price_per_unit": "225",
        "price_unit": "G"
      },
      {
        "state": "VIC",
        "price": "450",
        "price_per_unit": "225",
        "price_unit": "G"
      },
      {
        "state": "VIC",
        "price": "450",
        "price_per_unit": "225",
        "price_unit": "G"
      },
      {
        "state": "WA",
        "price": "450",
        "price_per_unit": "225",
        "price_unit": "G"
      },
      {
        "state": "WA",
        "price": "450",
        "price_per_unit": "225",
        "price_unit": "G"
      },
      {
        "state": "SA",
        "price": "450",
        "price_per_unit": "225",
        "price_unit": "G"
      },
      {
        "state": "SA",
        "price": "450",
        "price_per_unit": "225",
        "price_unit": "G"
      },
      {
        "state": "TAS",
        "price": "450",
        "price_per_unit": "225",
        "price_unit": "G"
      },
      {
        "state": "TAS",
        "price": "450",
        "price_per_unit": "225",
        "price_unit": "G"
      },
      {
        "state": "ACT",
        "price": "450",
        "price_per_unit": "225",
        "price_unit": "G"
      },
      {
        "state": "ACT",
        "price": "450",
        "price_per_unit": "225",
        "price_unit": "G"
      },
      {
        "state": "NT",
        "price": "450",
        "price_per_unit": "225",
        "price_unit": "G"
      },
      {
        "state": "NT",
        "price": "450",
        "price_per_unit": "225",
        "price_unit": "G"
      }
    ]
  },
  {
    "source_url": "https://www.woolworths.com.au/shop/productdetails/932567/chris-dips-french-onion",
    "name": "Chris' Dips French Onion 60g x3 Pack",
    "image_url": "https://cdn1.woolworths.media/content/wowproductimages/large/932567.jpg",
    "source_id": "Woolworths - 932567",
    "barcode": "9312726000761",
    "shop": "Woolworths",
    "weight": "100G",
    "prices": [
      {
        "state": "NSW",
        "price": "400",
        "price_per_unit": "222",
        "price_unit": "G"
      },
      {
        "state": "NSW",
        "price": "400",
        "price_per_unit": "222",
        "price_unit": "G"
      },
      {
        "state": "VIC",
        "price": "400",
        "price_per_unit": "222",
        "price_unit": "G"
      },
      {
        "state": "VIC",
        "price": "400",
        "price_per_unit": "222",
        "price_unit": "G"
      },
      {
        "state": "QLD",
        "price": "400",
        "price_per_unit": "222",
        "price_unit": "G"
      },
      {
        "state": "QLD",
        "price": "400",
        "price_per_unit": "222",
        "price_unit": "G"
      },
      {
        "state": "WA",
        "price": "400",
        "price_per_unit": "222",
        "price_unit": "G"
      },
      {
        "state": "WA",
        "price": "400",
        "price_per_unit": "222",
        "price_unit": "G"
      },
      {
        "state": "SA",
        "price": "400",
        "price_per_unit": "222",
        "price_unit": "G"
      },
      {
        "state": "SA",
        "price": "400",
        "price_per_unit": "222",
        "price_unit": "G"
      },
      {
        "state": "TAS",
        "price": "400",
        "price_per_unit": "222",
        "price_unit": "G"
      },
      {
        "state": "TAS",
        "price": "400",
        "price_per_unit": "222",
        "price_unit": "G"
      },
      {
        "state": "ACT",
        "price": "400",
        "price_per_unit": "222",
        "price_unit": "G"
      },
      {
        "state": "ACT",
        "price": "400",
        "price_per_unit": "222",
        "price_unit": "G"
      },
      {
        "state": "NT",
        "price": "400",
        "price_per_unit": "222",
        "price_unit": "G"
      },
      {
        "state": "NT",
        "price": "400",
        "price_per_unit": "222",
        "price_unit": "G"
      }
    ]
  },
  {
    "source_url": "https://www.woolworths.com.au/shop/productdetails/932579/chris-dips-hommus",
    "name": "Chris' Dips Hommus 60g x3 Pack",
    "image_url": "https://cdn1.woolworths.media/content/wowproductimages/large/932579.jpg",
    "source_id": "Woolworths - 932579",
    "barcode": "9312726002758",
    "shop": "Woolworths",
    "weight": "100G",
    "prices": [
      {
        "state": "NSW",
        "price": "375",
        "price_per_unit": "208",
        "price_unit": "G"
      },
      {
        "state": "NSW",
        "price": "375",
        "price_per_unit": "208",
        "price_unit": "G"
      },
      {
        "state": "VIC",
        "price": "375",
        "price_per_unit": "208",
        "price_unit": "G"
      },
      {
        "state": "VIC",
        "price": "375",
        "price_per_unit": "208",
        "price_unit": "G"
      },
      {
        "state": "QLD",
        "price": "375",
        "price_per_unit": "208",
        "price_unit": "G"
      },
      {
        "state": "QLD",
        "price": "375",
        "price_per_unit": "208",
        "price_unit": "G"
      },
      {
        "state": "WA",
        "price": "375",
        "price_per_unit": "208",
        "price_unit": "G"
      },
      {
        "state": "WA",
        "price": "375",
        "price_per_unit": "208",
        "price_unit": "G"
      },
      {
        "state": "SA",
        "price": "375",
        "price_per_unit": "208",
        "price_unit": "G"
      },
      {
        "state": "SA",
        "price": "375",
        "price_per_unit": "208",
        "price_unit": "G"
      },
      {
        "state": "TAS",
        "price": "375",
        "price_per_unit": "208",
        "price_unit": "G"
      },
      {
        "state": "TAS",
        "price": "375",
        "price_per_unit": "208",
        "price_unit": "G"
      },
      {
        "state": "NT",
        "price": "375",
        "price_per_unit": "208",
        "price_unit": "G"
      },
      {
        "state": "NT",
        "price": "375",
        "price_per_unit": "208",
        "price_unit": "G"
      }
    ]
  },
  {
    "source_url": "https://www.woolworths.com.au/shop/productdetails/28703/chris-dips-spicy-capsicum",
    "name": "Chris' Dips Spicy Capsicum 200g",
    "image_url": "https://cdn1.woolworths.media/content/wowproductimages/large/028703.jpg",
    "source_id": "Woolworths - 28703",
    "barcode": "93282970",
    "shop": "Woolworths",
    "weight": "100G",
    "prices": [
      {
        "state": "NSW",
        "price": "450",
        "price_per_unit": "225",
        "price_unit": "G"
      },
      {
        "state": "NSW",
        "price": "450",
        "price_per_unit": "225",
        "price_unit": "G"
      },
      {
        "state": "VIC",
        "price": "450",
        "price_per_unit": "225",
        "price_unit": "G"
      },
      {
        "state": "VIC",
        "price": "450",
        "price_per_unit": "225",
        "price_unit": "G"
      },
      {
        "state": "QLD",
        "price": "450",
        "price_per_unit": "225",
        "price_unit": "G"
      },
      {
        "state": "QLD",
        "price": "450",
        "price_per_unit": "225",
        "price_unit": "G"
      },
      {
        "state": "WA",
        "price": "450",
        "price_per_unit": "225",
        "price_unit": "G"
      },
      {
        "state": "WA",
        "price": "450",
        "price_per_unit": "225",
        "price_unit": "G"
      },
      {
        "state": "SA",
        "price": "450",
        "price_per_unit": "225",
        "price_unit": "G"
      },
      {
        "state": "SA",
        "price": "450",
        "price_per_unit": "225",
        "price_unit": "G"
      },
      {
        "state": "TAS",
        "price": "450",
        "price_per_unit": "225",
        "price_unit": "G"
      },
      {
        "state": "TAS",
        "price": "450",
        "price_per_unit": "225",
        "price_unit": "G"
      },
      {
        "state": "ACT",
        "price": "450",
        "price_per_unit": "225",
        "price_unit": "G"
      },
      {
        "state": "ACT",
        "price": "450",
        "price_per_unit": "225",
        "price_unit": "G"
      },
      {
        "state": "NT",
        "price": "450",
        "price_per_unit": "225",
        "price_unit": "G"
      },
      {
        "state": "NT",
        "price": "450",
        "price_per_unit": "225",
        "price_unit": "G"
      }
    ]
  },
  {
    "source_url": "https://www.woolworths.com.au/shop/productdetails/28700/chris-dips-spring-onion",
    "name": "Chris' Dips Spring Onion 200g",
    "image_url": "https://cdn1.woolworths.media/content/wowproductimages/large/028700.jpg",
    "source_id": "Woolworths - 28700",
    "barcode": "93282987",
    "shop": "Woolworths",
    "weight": "100G",
    "prices": [
      {
        "state": "NSW",
        "price": "450",
        "price_per_unit": "225",
        "price_unit": "G"
      },
      {
        "state": "NSW",
        "price": "450",
        "price_per_unit": "225",
        "price_unit": "G"
      },
      {
        "state": "VIC",
        "price": "450",
        "price_per_unit": "225",
        "price_unit": "G"
      },
      {
        "state": "VIC",
        "price": "450",
        "price_per_unit": "225",
        "price_unit": "G"
      },
      {
        "state": "QLD",
        "price": "450",
        "price_per_unit": "225",
        "price_unit": "G"
      },
      {
        "state": "QLD",
        "price": "450",
        "price_per_unit": "225",
        "price_unit": "G"
      },
      {
        "state": "WA",
        "price": "450",
        "price_per_unit": "225",
        "price_unit": "G"
      },
      {
        "state": "WA",
        "price": "450",
        "price_per_unit": "225",
        "price_unit": "G"
      },
      {
        "state": "SA",
        "price": "450",
        "price_per_unit": "225",
        "price_unit": "G"
      },
      {
        "state": "SA",
        "price": "450",
        "price_per_unit": "225",
        "price_unit": "G"
      },
      {
        "state": "TAS",
        "price": "450",
        "price_per_unit": "225",
        "price_unit": "G"
      },
      {
        "state": "TAS",
        "price": "450",
        "price_per_unit": "225",
        "price_unit": "G"
      },
      {
        "state": "ACT",
        "price": "450",
        "price_per_unit": "225",
        "price_unit": "G"
      },
      {
        "state": "ACT",
        "price": "450",
        "price_per_unit": "225",
        "price_unit": "G"
      },
      {
        "state": "NT",
        "price": "450",
        "price_per_unit": "225",
        "price_unit": "G"
      },
      {
        "state": "NT",
        "price": "450",
        "price_per_unit": "225",
        "price_unit": "G"
      }
    ]
  },
  {
    "source_url": "https://www.woolworths.com.au/shop/productdetails/66303/chris-dips-sundried-tomato",
    "name": "Chris' Dips Sundried Tomato 200g",
    "image_url": "https://cdn1.woolworths.media/content/wowproductimages/large/066303.jpg",
    "source_id": "Woolworths - 66303",
    "barcode": "9312726001003",
    "shop": "Woolworths",
    "weight": "100G",
    "prices": [
      {
        "state": "NSW",
        "price": "450",
        "price_per_unit": "225",
        "price_unit": "G"
      },
      {
        "state": "NSW",
        "price": "450",
        "price_per_unit": "225",
        "price_unit": "G"
      },
      {
        "state": "VIC",
        "price": "450",
        "price_per_unit": "225",
        "price_unit": "G"
      },
      {
        "state": "VIC",
        "price": "450",
        "price_per_unit": "225",
        "price_unit": "G"
      },
      {
        "state": "WA",
        "price": "450",
        "price_per_unit": "225",
        "price_unit": "G"
      },
      {
        "state": "WA",
        "price": "450",
        "price_per_unit": "225",
        "price_unit": "G"
      },
      {
        "state": "SA",
        "price": "450",
        "price_per_unit": "225",
        "price_unit": "G"
      },
      {
        "state": "SA",
        "price": "450",
        "price_per_unit": "225",
        "price_unit": "G"
      },
      {
        "state": "TAS",
        "price": "450",
        "price_per_unit": "225",
        "price_unit": "G"
      },
      {
        "state": "TAS",
        "price": "450",
        "price_per_unit": "225",
        "price_unit": "G"
      },
      {
        "state": "NT",
        "price": "450",
        "price_per_unit": "225",
        "price_unit": "G"
      },
      {
        "state": "NT",
        "price": "450",
        "price_per_unit": "225",
        "price_unit": "G"
      }
    ]
  },
  {
    "source_url": "https://www.woolworths.com.au/shop/productdetails/66302/chris-dips-sweet-potato-cashew",
    "name": "Chris' Dips Sweet Potato & Cashew 200g",
    "image_url": "https://cdn1.woolworths.media/content/wowproductimages/large/066302.jpg",
    "source_id": "Woolworths - 66302",
    "barcode": "9312726000990",
    "shop": "Woolworths",
    "weight": "100G",
    "prices": [
      {
        "state": "NSW",
        "price": "450",
        "price_per_unit": "225",
        "price_unit": "G"
      },
      {
        "state": "NSW",
        "price": "450",
        "price_per_unit": "225",
        "price_unit": "G"
      },
      {
        "state": "VIC",
        "price": "450",
        "price_per_unit": "225",
        "price_unit": "G"
      },
      {
        "state": "VIC",
        "price": "450",
        "price_per_unit": "225",
        "price_unit": "G"
      },
      {
        "state": "QLD",
        "price": "450",
        "price_per_unit": "225",
        "price_unit": "G"
      },
      {
        "state": "QLD",
        "price": "450",
        "price_per_unit": "225",
        "price_unit": "G"
      },
      {
        "state": "WA",
        "price": "450",
        "price_per_unit": "225",
        "price_unit": "G"
      },
      {
        "state": "WA",
        "price": "450",
        "price_per_unit": "225",
        "price_unit": "G"
      },
      {
        "state": "SA",
        "price": "450",
        "price_per_unit": "225",
        "price_unit": "G"
      },
      {
        "state": "SA",
        "price": "450",
        "price_per_unit": "225",
        "price_unit": "G"
      },
      {
        "state": "TAS",
        "price": "450",
        "price_per_unit": "225",
        "price_unit": "G"
      },
      {
        "state": "TAS",
        "price": "450",
        "price_per_unit": "225",
        "price_unit": "G"
      },
      {
        "state": "ACT",
        "price": "450",
        "price_per_unit": "225",
        "price_unit": "G"
      },
      {
        "state": "ACT",
        "price": "450",
        "price_per_unit": "225",
        "price_unit": "G"
      },
      {
        "state": "NT",
        "price": "450",
        "price_per_unit": "225",
        "price_unit": "G"
      },
      {
        "state": "NT",
        "price": "450",
        "price_per_unit": "225",
        "price_unit": "G"
      }
    ]
  },
  {
    "source_url": "https://www.woolworths.com.au/shop/productdetails/312362/chris-dips-three-olive",
    "name": "Chris' Dips Three Olive 200g",
    "image_url": "https://cdn1.woolworths.media/content/wowproductimages/large/312362.jpg",
    "source_id": "Woolworths - 312362",
    "barcode": "9312726000075",
    "shop": "Woolworths",
    "weight": "100G",
    "prices": [
      {
        "state": "NSW",
        "price": "450",
        "price_per_unit": "225",
        "price_unit": "G"
      },
      {
        "state": "NSW",
        "price": "450",
        "price_per_unit": "225",
        "price_unit": "G"
      },
      {
        "state": "VIC",
        "price": "450",
        "price_per_unit": "225",
        "price_unit": "G"
      },
      {
        "state": "VIC",
        "price": "450",
        "price_per_unit": "225",
        "price_unit": "G"
      },
      {
        "state": "QLD",
        "price": "450",
        "price_per_unit": "225",
        "price_unit": "G"
      },
      {
        "state": "QLD",
        "price": "450",
        "price_per_unit": "225",
        "price_unit": "G"
      },
      {
        "state": "WA",
        "price": "450",
        "price_per_unit": "225",
        "price_unit": "G"
      },
      {
        "state": "WA",
        "price": "450",
        "price_per_unit": "225",
        "price_unit": "G"
      },
      {
        "state": "SA",
        "price": "450",
        "price_per_unit": "225",
        "price_unit": "G"
      },
      {
        "state": "SA",
        "price": "450",
        "price_per_unit": "225",
        "price_unit": "G"
      },
      {
        "state": "TAS",
        "price": "450",
        "price_per_unit": "225",
        "price_unit": "G"
      },
      {
        "state": "TAS",
        "price": "450",
        "price_per_unit": "225",
        "price_unit": "G"
      },
      {
        "state": "ACT",
        "price": "450",
        "price_per_unit": "225",
        "price_unit": "G"
      },
      {
        "state": "ACT",
        "price": "450",
        "price_per_unit": "225",
        "price_unit": "G"
      },
      {
        "state": "NT",
        "price": "450",
        "price_per_unit": "225",
        "price_unit": "G"
      },
      {
        "state": "NT",
        "price": "450",
        "price_per_unit": "225",
        "price_unit": "G"
      }
    ]
  },
  {
    "source_url": "https://www.woolworths.com.au/shop/productdetails/703453/chris-dips-traditional-hommus",
    "name": "Chris' Dips Traditional Hommus 200g",
    "image_url": "https://cdn1.woolworths.media/content/wowproductimages/large/703453.jpg",
    "source_id": "Woolworths - 703453",
    "barcode": "9312726001980",
    "shop": "Woolworths",
    "weight": "100G",
    "prices": [
      {
        "state": "NSW",
        "price": "450",
        "price_per_unit": "225",
        "price_unit": "G"
      },
      {
        "state": "NSW",
        "price": "450",
        "price_per_unit": "225",
        "price_unit": "G"
      },
      {
        "state": "VIC",
        "price": "450",
        "price_per_unit": "225",
        "price_unit": "G"
      },
      {
        "state": "VIC",
        "price": "450",
        "price_per_unit": "225",
        "price_unit": "G"
      },
      {
        "state": "QLD",
        "price": "450",
        "price_per_unit": "225",
        "price_unit": "G"
      },
      {
        "state": "QLD",
        "price": "450",
        "price_per_unit": "225",
        "price_unit": "G"
      },
      {
        "state": "WA",
        "price": "450",
        "price_per_unit": "225",
        "price_unit": "G"
      },
      {
        "state": "WA",
        "price": "450",
        "price_per_unit": "225",
        "price_unit": "G"
      },
      {
        "state": "SA",
        "price": "450",
        "price_per_unit": "225",
        "price_unit": "G"
      },
      {
        "state": "SA",
        "price": "450",
        "price_per_unit": "225",
        "price_unit": "G"
      },
      {
        "state": "TAS",
        "price": "450",
        "price_per_unit": "225",
        "price_unit": "G"
      },
      {
        "state": "TAS",
        "price": "450",
        "price_per_unit": "225",
        "price_unit": "G"
      },
      {
        "state": "ACT",
        "price": "450",
        "price_per_unit": "225",
        "price_unit": "G"
      },
      {
        "state": "ACT",
        "price": "450",
        "price_per_unit": "225",
        "price_unit": "G"
      },
      {
        "state": "NT",
        "price": "450",
        "price_per_unit": "225",
        "price_unit": "G"
      },
      {
        "state": "NT",
        "price": "450",
        "price_per_unit": "225",
        "price_unit": "G"
      }
    ]
  },
  {
    "source_url": "https://www.woolworths.com.au/shop/productdetails/857954/chris-dips-tzatziki-roasted-garlic",
    "name": "Chris' Dips Tzatziki & Roasted Garlic 200g",
    "image_url": "https://cdn1.woolworths.media/content/wowproductimages/large/857954.jpg",
    "source_id": "Woolworths - 857954",
    "barcode": "9312726000754",
    "shop": "Woolworths",
    "weight": "100G",
    "prices": [
      {
        "state": "NSW",
        "price": "450",
        "price_per_unit": "225",
        "price_unit": "G"
      },
      {
        "state": "NSW",
        "price": "450",
        "price_per_unit": "225",
        "price_unit": "G"
      },
      {
        "state": "VIC",
        "price": "450",
        "price_per_unit": "225",
        "price_unit": "G"
      },
      {
        "state": "VIC",
        "price": "450",
        "price_per_unit": "225",
        "price_unit": "G"
      },
      {
        "state": "QLD",
        "price": "450",
        "price_per_unit": "225",
        "price_unit": "G"
      },
      {
        "state": "QLD",
        "price": "450",
        "price_per_unit": "225",
        "price_unit": "G"
      },
      {
        "state": "WA",
        "price": "450",
        "price_per_unit": "225",
        "price_unit": "G"
      },
      {
        "state": "WA",
        "price": "450",
        "price_per_unit": "225",
        "price_unit": "G"
      },
      {
        "state": "SA",
        "price": "450",
        "price_per_unit": "225",
        "price_unit": "G"
      },
      {
        "state": "SA",
        "price": "450",
        "price_per_unit": "225",
        "price_unit": "G"
      },
      {
        "state": "TAS",
        "price": "450",
        "price_per_unit": "225",
        "price_unit": "G"
      },
      {
        "state": "TAS",
        "price": "450",
        "price_per_unit": "225",
        "price_unit": "G"
      },
      {
        "state": "ACT",
        "price": "450",
        "price_per_unit": "225",
        "price_unit": "G"
      },
      {
        "state": "ACT",
        "price": "450",
        "price_per_unit": "225",
        "price_unit": "G"
      },
      {
        "state": "NT",
        "price": "450",
        "price_per_unit": "225",
        "price_unit": "G"
      },
      {
        "state": "NT",
        "price": "450",
        "price_per_unit": "225",
        "price_unit": "G"
      }
    ]
  },
  {
    "source_url": "https://www.woolworths.com.au/shop/productdetails/703500/chris-dips-tzatziki",
    "name": "Chris' Dips Tzatziki 200g",
    "image_url": "https://cdn1.woolworths.media/content/wowproductimages/large/703500.jpg",
    "source_id": "Woolworths - 703500",
    "barcode": "9312726001997",
    "shop": "Woolworths",
    "weight": "100G",
    "prices": [
      {
        "state": "NSW",
        "price": "450",
        "price_per_unit": "225",
        "price_unit": "G"
      },
      {
        "state": "NSW",
        "price": "450",
        "price_per_unit": "225",
        "price_unit": "G"
      },
      {
        "state": "VIC",
        "price": "450",
        "price_per_unit": "225",
        "price_unit": "G"
      },
      {
        "state": "VIC",
        "price": "450",
        "price_per_unit": "225",
        "price_unit": "G"
      },
      {
        "state": "QLD",
        "price": "450",
        "price_per_unit": "225",
        "price_unit": "G"
      },
      {
        "state": "QLD",
        "price": "450",
        "price_per_unit": "225",
        "price_unit": "G"
      },
      {
        "state": "WA",
        "price": "450",
        "price_per_unit": "225",
        "price_unit": "G"
      },
      {
        "state": "WA",
        "price": "450",
        "price_per_unit": "225",
        "price_unit": "G"
      },
      {
        "state": "SA",
        "price": "450",
        "price_per_unit": "225",
        "price_unit": "G"
      },
      {
        "state": "SA",
        "price": "450",
        "price_per_unit": "225",
        "price_unit": "G"
      },
      {
        "state": "TAS",
        "price": "450",
        "price_per_unit": "225",
        "price_unit": "G"
      },
      {
        "state": "TAS",
        "price": "450",
        "price_per_unit": "225",
        "price_unit": "G"
      },
      {
        "state": "ACT",
        "price": "450",
        "price_per_unit": "225",
        "price_unit": "G"
      },
      {
        "state": "ACT",
        "price": "450",
        "price_per_unit": "225",
        "price_unit": "G"
      },
      {
        "state": "NT",
        "price": "450",
        "price_per_unit": "225",
        "price_unit": "G"
      },
      {
        "state": "NT",
        "price": "450",
        "price_per_unit": "225",
        "price_unit": "G"
      }
    ]
  },
  {
    "source_url": "https://www.woolworths.com.au/shop/productdetails/805414/chris-guacamole",
    "name": "Chris' Guacamole 200g",
    "image_url": "https://cdn1.woolworths.media/content/wowproductimages/large/805414.jpg",
    "source_id": "Woolworths - 805414",
    "barcode": "9312726000563",
    "shop": "Woolworths",
    "weight": "100G",
    "prices": [
      {
        "state": "NSW",
        "price": "450",
        "price_per_unit": "225",
        "price_unit": "G"
      },
      {
        "state": "NSW",
        "price": "450",
        "price_per_unit": "225",
        "price_unit": "G"
      },
      {
        "state": "VIC",
        "price": "450",
        "price_per_unit": "225",
        "price_unit": "G"
      },
      {
        "state": "VIC",
        "price": "450",
        "price_per_unit": "225",
        "price_unit": "G"
      },
      {
        "state": "QLD",
        "price": "450",
        "price_per_unit": "225",
        "price_unit": "G"
      },
      {
        "state": "QLD",
        "price": "450",
        "price_per_unit": "225",
        "price_unit": "G"
      },
      {
        "state": "WA",
        "price": "450",
        "price_per_unit": "225",
        "price_unit": "G"
      },
      {
        "state": "WA",
        "price": "450",
        "price_per_unit": "225",
        "price_unit": "G"
      },
      {
        "state": "SA",
        "price": "450",
        "price_per_unit": "225",
        "price_unit": "G"
      },
      {
        "state": "SA",
        "price": "450",
        "price_per_unit": "225",
        "price_unit": "G"
      },
      {
        "state": "TAS",
        "price": "450",
        "price_per_unit": "225",
        "price_unit": "G"
      },
      {
        "state": "TAS",
        "price": "450",
        "price_per_unit": "225",
        "price_unit": "G"
      },
      {
        "state": "ACT",
        "price": "450",
        "price_per_unit": "225",
        "price_unit": "G"
      },
      {
        "state": "ACT",
        "price": "450",
        "price_per_unit": "225",
        "price_unit": "G"
      },
      {
        "state": "NT",
        "price": "450",
        "price_per_unit": "225",
        "price_unit": "G"
      },
      {
        "state": "NT",
        "price": "450",
        "price_per_unit": "225",
        "price_unit": "G"
      }
    ]
  },
  {
    "source_url": "https://www.woolworths.com.au/shop/productdetails/209653/chris-heritage-camembert-cherry-walnut-dip",
    "name": "Chris' Heritage Camembert Cherry & Walnut Dip 170g",
    "image_url": "https://cdn1.woolworths.media/content/wowproductimages/large/209653.jpg",
    "source_id": "Woolworths - 209653",
    "barcode": "9312726004202",
    "shop": "Woolworths",
    "weight": "100G",
    "prices": [
      {
        "state": "NSW",
        "price": "650",
        "price_per_unit": "382",
        "price_unit": "G"
      },
      {
        "state": "NSW",
        "price": "650",
        "price_per_unit": "382",
        "price_unit": "G"
      },
      {
        "state": "VIC",
        "price": "650",
        "price_per_unit": "382",
        "price_unit": "G"
      },
      {
        "state": "VIC",
        "price": "650",
        "price_per_unit": "382",
        "price_unit": "G"
      },
      {
        "state": "QLD",
        "price": "650",
        "price_per_unit": "382",
        "price_unit": "G"
      },
      {
        "state": "QLD",
        "price": "650",
        "price_per_unit": "382",
        "price_unit": "G"
      },
      {
        "state": "WA",
        "price": "650",
        "price_per_unit": "382",
        "price_unit": "G"
      },
      {
        "state": "WA",
        "price": "650",
        "price_per_unit": "382",
        "price_unit": "G"
      },
      {
        "state": "SA",
        "price": "650",
        "price_per_unit": "382",
        "price_unit": "G"
      },
      {
        "state": "SA",
        "price": "650",
        "price_per_unit": "382",
        "price_unit": "G"
      },
      {
        "state": "TAS",
        "price": "650",
        "price_per_unit": "382",
        "price_unit": "G"
      },
      {
        "state": "TAS",
        "price": "650",
        "price_per_unit": "382",
        "price_unit": "G"
      },
      {
        "state": "ACT",
        "price": "650",
        "price_per_unit": "382",
        "price_unit": "G"
      },
      {
        "state": "ACT",
        "price": "650",
        "price_per_unit": "382",
        "price_unit": "G"
      },
      {
        "state": "NT",
        "price": "650",
        "price_per_unit": "382",
        "price_unit": "G"
      },
      {
        "state": "NT",
        "price": "650",
        "price_per_unit": "382",
        "price_unit": "G"
      }
    ]
  },
  {
    "source_url": "https://www.woolworths.com.au/shop/productdetails/823695/chris-heritage-dips-blue-cheese-fig-pistachio",
    "name": "Chris' Heritage Dips Blue Cheese, Fig & Pistachio 170g",
    "image_url": "https://cdn1.woolworths.media/content/wowproductimages/large/823695.jpg",
    "source_id": "Woolworths - 823695",
    "barcode": "9312726002697",
    "shop": "Woolworths",
    "weight": "100G",
    "prices": [
      {
        "state": "NSW",
        "price": "650",
        "price_per_unit": "382",
        "price_unit": "G"
      },
      {
        "state": "NSW",
        "price": "650",
        "price_per_unit": "382",
        "price_unit": "G"
      },
      {
        "state": "VIC",
        "price": "650",
        "price_per_unit": "382",
        "price_unit": "G"
      },
      {
        "state": "VIC",
        "price": "650",
        "price_per_unit": "382",
        "price_unit": "G"
      },
      {
        "state": "QLD",
        "price": "650",
        "price_per_unit": "382",
        "price_unit": "G"
      },
      {
        "state": "QLD",
        "price": "650",
        "price_per_unit": "382",
        "price_unit": "G"
      },
      {
        "state": "WA",
        "price": "650",
        "price_per_unit": "382",
        "price_unit": "G"
      },
      {
        "state": "WA",
        "price": "650",
        "price_per_unit": "382",
        "price_unit": "G"
      },
      {
        "state": "SA",
        "price": "650",
        "price_per_unit": "382",
        "price_unit": "G"
      },
      {
        "state": "SA",
        "price": "650",
        "price_per_unit": "382",
        "price_unit": "G"
      },
      {
        "state": "TAS",
        "price": "650",
        "price_per_unit": "382",
        "price_unit": "G"
      },
      {
        "state": "TAS",
        "price": "650",
        "price_per_unit": "382",
        "price_unit": "G"
      },
      {
        "state": "ACT",
        "price": "650",
        "price_per_unit": "382",
        "price_unit": "G"
      },
      {
        "state": "ACT",
        "price": "650",
        "price_per_unit": "382",
        "price_unit": "G"
      },
      {
        "state": "NT",
        "price": "650",
        "price_per_unit": "382",
        "price_unit": "G"
      },
      {
        "state": "NT",
        "price": "650",
        "price_per_unit": "382",
        "price_unit": "G"
      }
    ]
  },
  {
    "source_url": "https://www.woolworths.com.au/shop/productdetails/823696/chris-heritage-dips-vintage-cheddar-caramelised-onion-cheese",
    "name": "Chris' Heritage Dips Vintage Cheddar & Caramelised Onion Cheese 170g",
    "image_url": "https://cdn1.woolworths.media/content/wowproductimages/large/823696.jpg",
    "source_id": "Woolworths - 823696",
    "barcode": "9312726002703",
    "shop": "Woolworths",
    "weight": "100G",
    "prices": [
      {
        "state": "NSW",
        "price": "650",
        "price_per_unit": "382",
        "price_unit": "G"
      },
      {
        "state": "NSW",
        "price": "650",
        "price_per_unit": "382",
        "price_unit": "G"
      },
      {
        "state": "VIC",
        "price": "650",
        "price_per_unit": "382",
        "price_unit": "G"
      },
      {
        "state": "VIC",
        "price": "650",
        "price_per_unit": "382",
        "price_unit": "G"
      },
      {
        "state": "QLD",
        "price": "650",
        "price_per_unit": "382",
        "price_unit": "G"
      },
      {
        "state": "QLD",
        "price": "650",
        "price_per_unit": "382",
        "price_unit": "G"
      },
      {
        "state": "WA",
        "price": "650",
        "price_per_unit": "382",
        "price_unit": "G"
      },
      {
        "state": "WA",
        "price": "650",
        "price_per_unit": "382",
        "price_unit": "G"
      },
      {
        "state": "SA",
        "price": "650",
        "price_per_unit": "382",
        "price_unit": "G"
      },
      {
        "state": "SA",
        "price": "650",
        "price_per_unit": "382",
        "price_unit": "G"
      },
      {
        "state": "TAS",
        "price": "650",
        "price_per_unit": "382",
        "price_unit": "G"
      },
      {
        "state": "TAS",
        "price": "650",
        "price_per_unit": "382",
        "price_unit": "G"
      },
      {
        "state": "ACT",
        "price": "650",
        "price_per_unit": "382",
        "price_unit": "G"
      },
      {
        "state": "ACT",
        "price": "650",
        "price_per_unit": "382",
        "price_unit": "G"
      },
      {
        "state": "NT",
        "price": "650",
        "price_per_unit": "382",
        "price_unit": "G"
      },
      {
        "state": "NT",
        "price": "650",
        "price_per_unit": "382",
        "price_unit": "G"
      }
    ]
  },
  {
    "source_url": "https://www.woolworths.com.au/shop/productdetails/432784/chris-heritage-goat-cheese-black-truffle-dip",
    "name": "Chris' Heritage Goat Cheese & Black Truffle Dip 170g",
    "image_url": "https://cdn1.woolworths.media/content/wowproductimages/large/432784.jpg",
    "source_id": "Woolworths - 432784",
    "barcode": "9312726003052",
    "shop": "Woolworths",
    "weight": "100G",
    "prices": [
      {
        "state": "NSW",
        "price": "650",
        "price_per_unit": "382",
        "price_unit": "G"
      },
      {
        "state": "NSW",
        "price": "650",
        "price_per_unit": "382",
        "price_unit": "G"
      },
      {
        "state": "VIC",
        "price": "650",
        "price_per_unit": "382",
        "price_unit": "G"
      },
      {
        "state": "VIC",
        "price": "650",
        "price_per_unit": "382",
        "price_unit": "G"
      },
      {
        "state": "QLD",
        "price": "650",
        "price_per_unit": "382",
        "price_unit": "G"
      },
      {
        "state": "QLD",
        "price": "650",
        "price_per_unit": "382",
        "price_unit": "G"
      },
      {
        "state": "WA",
        "price": "650",
        "price_per_unit": "382",
        "price_unit": "G"
      },
      {
        "state": "WA",
        "price": "650",
        "price_per_unit": "382",
        "price_unit": "G"
      },
      {
        "state": "SA",
        "price": "650",
        "price_per_unit": "382",
        "price_unit": "G"
      },
      {
        "state": "SA",
        "price": "650",
        "price_per_unit": "382",
        "price_unit": "G"
      },
      {
        "state": "TAS",
        "price": "650",
        "price_per_unit": "382",
        "price_unit": "G"
      },
      {
        "state": "TAS",
        "price": "650",
        "price_per_unit": "382",
        "price_unit": "G"
      },
      {
        "state": "ACT",
        "price": "650",
        "price_per_unit": "382",
        "price_unit": "G"
      },
      {
        "state": "ACT",
        "price": "650",
        "price_per_unit": "382",
        "price_unit": "G"
      },
      {
        "state": "NT",
        "price": "650",
        "price_per_unit": "382",
        "price_unit": "G"
      },
      {
        "state": "NT",
        "price": "650",
        "price_per_unit": "382",
        "price_unit": "G"
      }
    ]
  },
  {
    "source_url": "https://www.woolworths.com.au/shop/productdetails/815421/chris-heritage-smoked-gouda-jalapeno-dip",
    "name": "Chris' Heritage Smoked Gouda & Jalapeno Dip 170g",
    "image_url": "https://cdn1.woolworths.media/content/wowproductimages/large/815421.jpg",
    "source_id": "Woolworths - 815421",
    "barcode": "9312726000716",
    "shop": "Woolworths",
    "weight": "100G",
    "prices": [
      {
        "state": "NSW",
        "price": "650",
        "price_per_unit": "382",
        "price_unit": "G"
      },
      {
        "state": "NSW",
        "price": "650",
        "price_per_unit": "382",
        "price_unit": "G"
      },
      {
        "state": "VIC",
        "price": "650",
        "price_per_unit": "382",
        "price_unit": "G"
      },
      {
        "state": "VIC",
        "price": "650",
        "price_per_unit": "382",
        "price_unit": "G"
      },
      {
        "state": "QLD",
        "price": "650",
        "price_per_unit": "382",
        "price_unit": "G"
      },
      {
        "state": "QLD",
        "price": "650",
        "price_per_unit": "382",
        "price_unit": "G"
      },
      {
        "state": "WA",
        "price": "650",
        "price_per_unit": "382",
        "price_unit": "G"
      },
      {
        "state": "WA",
        "price": "650",
        "price_per_unit": "382",
        "price_unit": "G"
      },
      {
        "state": "SA",
        "price": "650",
        "price_per_unit": "382",
        "price_unit": "G"
      },
      {
        "state": "SA",
        "price": "650",
        "price_per_unit": "382",
        "price_unit": "G"
      },
      {
        "state": "ACT",
        "price": "650",
        "price_per_unit": "382",
        "price_unit": "G"
      },
      {
        "state": "ACT",
        "price": "650",
        "price_per_unit": "382",
        "price_unit": "G"
      }
    ]
  },
  {
    "source_url": "https://www.woolworths.com.au/shop/productdetails/248117/chris-homestyle-corn-relish",
    "name": "Chris' Homestyle Corn Relish 3 x 60g",
    "image_url": "https://cdn1.woolworths.media/content/wowproductimages/large/248117.jpg",
    "source_id": "Woolworths - 248117",
    "barcode": "9312726004899",
    "shop": "Woolworths",
    "weight": "100G",
    "prices": [
      {
        "state": "NSW",
        "price": "400",
        "price_per_unit": "222",
        "price_unit": "G"
      },
      {
        "state": "NSW",
        "price": "400",
        "price_per_unit": "222",
        "price_unit": "G"
      },
      {
        "state": "VIC",
        "price": "400",
        "price_per_unit": "222",
        "price_unit": "G"
      },
      {
        "state": "VIC",
        "price": "400",
        "price_per_unit": "222",
        "price_unit": "G"
      },
      {
        "state": "WA",
        "price": "400",
        "price_per_unit": "222",
        "price_unit": "G"
      },
      {
        "state": "WA",
        "price": "400",
        "price_per_unit": "222",
        "price_unit": "G"
      },
      {
        "state": "SA",
        "price": "400",
        "price_per_unit": "222",
        "price_unit": "G"
      },
      {
        "state": "SA",
        "price": "400",
        "price_per_unit": "222",
        "price_unit": "G"
      }
    ]
  },
  {
    "source_url": "https://www.woolworths.com.au/shop/productdetails/210823/chris-homestyle-dip-spread-tzatziki",
    "name": "Chris' Homestyle Dip & Spread Tzatziki 3 Pack",
    "image_url": "https://cdn1.woolworths.media/content/wowproductimages/large/210823.jpg",
    "source_id": "Woolworths - 210823",
    "barcode": "9312726001270",
    "shop": "Woolworths",
    "weight": "100G",
    "prices": [
      {
        "state": "NSW",
        "price": "400",
        "price_per_unit": "222",
        "price_unit": "G"
      },
      {
        "state": "NSW",
        "price": "400",
        "price_per_unit": "222",
        "price_unit": "G"
      },
      {
        "state": "VIC",
        "price": "400",
        "price_per_unit": "222",
        "price_unit": "G"
      },
      {
        "state": "VIC",
        "price": "400",
        "price_per_unit": "222",
        "price_unit": "G"
      },
      {
        "state": "QLD",
        "price": "400",
        "price_per_unit": "222",
        "price_unit": "G"
      },
      {
        "state": "QLD",
        "price": "400",
        "price_per_unit": "222",
        "price_unit": "G"
      },
      {
        "state": "WA",
        "price": "400",
        "price_per_unit": "222",
        "price_unit": "G"
      },
      {
        "state": "WA",
        "price": "400",
        "price_per_unit": "222",
        "price_unit": "G"
      },
      {
        "state": "SA",
        "price": "400",
        "price_per_unit": "222",
        "price_unit": "G"
      },
      {
        "state": "SA",
        "price": "400",
        "price_per_unit": "222",
        "price_unit": "G"
      },
      {
        "state": "TAS",
        "price": "400",
        "price_per_unit": "222",
        "price_unit": "G"
      },
      {
        "state": "TAS",
        "price": "400",
        "price_per_unit": "222",
        "price_unit": "G"
      },
      {
        "state": "ACT",
        "price": "400",
        "price_per_unit": "222",
        "price_unit": "G"
      },
      {
        "state": "ACT",
        "price": "400",
        "price_per_unit": "222",
        "price_unit": "G"
      },
      {
        "state": "NT",
        "price": "400",
        "price_per_unit": "222",
        "price_unit": "G"
      },
      {
        "state": "NT",
        "price": "400",
        "price_per_unit": "222",
        "price_unit": "G"
      }
    ]
  },
  {
    "source_url": "https://www.woolworths.com.au/shop/productdetails/385384/chris-homestyle-dips-sweet-chilli",
    "name": "Chris' Homestyle Dips Sweet Chilli 60g x 3 Pack",
    "image_url": "https://cdn1.woolworths.media/content/wowproductimages/large/385384.jpg",
    "source_id": "Woolworths - 385384",
    "barcode": "9312726004622",
    "shop": "Woolworths",
    "weight": "100G",
    "prices": [
      {
        "state": "NSW",
        "price": "400",
        "price_per_unit": "222",
        "price_unit": "G"
      },
      {
        "state": "NSW",
        "price": "400",
        "price_per_unit": "222",
        "price_unit": "G"
      },
      {
        "state": "VIC",
        "price": "400",
        "price_per_unit": "222",
        "price_unit": "G"
      },
      {
        "state": "VIC",
        "price": "400",
        "price_per_unit": "222",
        "price_unit": "G"
      },
      {
        "state": "QLD",
        "price": "400",
        "price_per_unit": "222",
        "price_unit": "G"
      },
      {
        "state": "QLD",
        "price": "400",
        "price_per_unit": "222",
        "price_unit": "G"
      },
      {
        "state": "WA",
        "price": "400",
        "price_per_unit": "222",
        "price_unit": "G"
      },
      {
        "state": "WA",
        "price": "400",
        "price_per_unit": "222",
        "price_unit": "G"
      },
      {
        "state": "SA",
        "price": "400",
        "price_per_unit": "222",
        "price_unit": "G"
      },
      {
        "state": "SA",
        "price": "400",
        "price_per_unit": "222",
        "price_unit": "G"
      },
      {
        "state": "TAS",
        "price": "400",
        "price_per_unit": "222",
        "price_unit": "G"
      },
      {
        "state": "TAS",
        "price": "400",
        "price_per_unit": "222",
        "price_unit": "G"
      },
      {
        "state": "ACT",
        "price": "400",
        "price_per_unit": "222",
        "price_unit": "G"
      },
      {
        "state": "ACT",
        "price": "400",
        "price_per_unit": "222",
        "price_unit": "G"
      }
    ]
  },
  {
    "source_url": "https://www.woolworths.com.au/shop/productdetails/209264/chris-homestyle-spicy-mediterranean-dip",
    "name": "Chris' Homestyle Spicy Mediterranean Dip 200g",
    "image_url": "https://cdn1.woolworths.media/content/wowproductimages/large/209264.jpg",
    "source_id": "Woolworths - 209264",
    "barcode": "9312726004493",
    "shop": "Woolworths",
    "weight": "100G",
    "prices": [
      {
        "state": "NSW",
        "price": "450",
        "price_per_unit": "225",
        "price_unit": "G"
      },
      {
        "state": "NSW",
        "price": "450",
        "price_per_unit": "225",
        "price_unit": "G"
      },
      {
        "state": "VIC",
        "price": "450",
        "price_per_unit": "225",
        "price_unit": "G"
      },
      {
        "state": "VIC",
        "price": "450",
        "price_per_unit": "225",
        "price_unit": "G"
      },
      {
        "state": "SA",
        "price": "450",
        "price_per_unit": "225",
        "price_unit": "G"
      },
      {
        "state": "SA",
        "price": "450",
        "price_per_unit": "225",
        "price_unit": "G"
      }
    ]
  },
  {
    "source_url": "https://www.woolworths.com.au/shop/productdetails/210496/chris-homestyle-sweet-chilli-dip",
    "name": "Chris' Homestyle Sweet Chilli Dip 200g",
    "image_url": "https://cdn1.woolworths.media/content/wowproductimages/large/210496.jpg",
    "source_id": "Woolworths - 210496",
    "barcode": "9312726004486",
    "shop": "Woolworths",
    "weight": "100G",
    "prices": [
      {
        "state": "QLD",
        "price": "450",
        "price_per_unit": "225",
        "price_unit": "G"
      },
      {
        "state": "QLD",
        "price": "450",
        "price_per_unit": "225",
        "price_unit": "G"
      },
      {
        "state": "WA",
        "price": "450",
        "price_per_unit": "225",
        "price_unit": "G"
      },
      {
        "state": "WA",
        "price": "450",
        "price_per_unit": "225",
        "price_unit": "G"
      },
      {
        "state": "TAS",
        "price": "450",
        "price_per_unit": "225",
        "price_unit": "G"
      },
      {
        "state": "TAS",
        "price": "450",
        "price_per_unit": "225",
        "price_unit": "G"
      }
    ]
  },
  {
    "source_url": "https://www.woolworths.com.au/shop/productdetails/99423/chris-hommus-roasted-garlic-dip-spread",
    "name": "Chris' Hommus & Roasted Garlic Dip & Spread 200g",
    "image_url": "https://cdn1.woolworths.media/content/wowproductimages/large/099423.jpg",
    "source_id": "Woolworths - 99423",
    "barcode": "9312726001478",
    "shop": "Woolworths",
    "weight": "100G",
    "prices": [
      {
        "state": "NSW",
        "price": "450",
        "price_per_unit": "225",
        "price_unit": "G"
      },
      {
        "state": "NSW",
        "price": "450",
        "price_per_unit": "225",
        "price_unit": "G"
      },
      {
        "state": "VIC",
        "price": "450",
        "price_per_unit": "225",
        "price_unit": "G"
      },
      {
        "state": "VIC",
        "price": "450",
        "price_per_unit": "225",
        "price_unit": "G"
      },
      {
        "state": "QLD",
        "price": "450",
        "price_per_unit": "225",
        "price_unit": "G"
      },
      {
        "state": "QLD",
        "price": "450",
        "price_per_unit": "225",
        "price_unit": "G"
      },
      {
        "state": "WA",
        "price": "450",
        "price_per_unit": "225",
        "price_unit": "G"
      },
      {
        "state": "WA",
        "price": "450",
        "price_per_unit": "225",
        "price_unit": "G"
      },
      {
        "state": "SA",
        "price": "450",
        "price_per_unit": "225",
        "price_unit": "G"
      },
      {
        "state": "SA",
        "price": "450",
        "price_per_unit": "225",
        "price_unit": "G"
      },
      {
        "state": "TAS",
        "price": "450",
        "price_per_unit": "225",
        "price_unit": "G"
      },
      {
        "state": "TAS",
        "price": "450",
        "price_per_unit": "225",
        "price_unit": "G"
      },
      {
        "state": "ACT",
        "price": "450",
        "price_per_unit": "225",
        "price_unit": "G"
      },
      {
        "state": "ACT",
        "price": "450",
        "price_per_unit": "225",
        "price_unit": "G"
      }
    ]
  },
  {
    "source_url": "https://www.woolworths.com.au/shop/productdetails/82072/chris-red-capsicum-cashew-dip-spread",
    "name": "Chris' Red Capsicum & Cashew Dip & Spread 200g",
    "image_url": "https://cdn1.woolworths.media/content/wowproductimages/large/082072.jpg",
    "source_id": "Woolworths - 82072",
    "barcode": "9312726001317",
    "shop": "Woolworths",
    "weight": "100G",
    "prices": [
      {
        "state": "NSW",
        "price": "450",
        "price_per_unit": "225",
        "price_unit": "G"
      },
      {
        "state": "NSW",
        "price": "450",
        "price_per_unit": "225",
        "price_unit": "G"
      },
      {
        "state": "VIC",
        "price": "450",
        "price_per_unit": "225",
        "price_unit": "G"
      },
      {
        "state": "VIC",
        "price": "450",
        "price_per_unit": "225",
        "price_unit": "G"
      },
      {
        "state": "QLD",
        "price": "450",
        "price_per_unit": "225",
        "price_unit": "G"
      },
      {
        "state": "QLD",
        "price": "450",
        "price_per_unit": "225",
        "price_unit": "G"
      },
      {
        "state": "WA",
        "price": "450",
        "price_per_unit": "225",
        "price_unit": "G"
      },
      {
        "state": "WA",
        "price": "450",
        "price_per_unit": "225",
        "price_unit": "G"
      },
      {
        "state": "SA",
        "price": "450",
        "price_per_unit": "225",
        "price_unit": "G"
      },
      {
        "state": "SA",
        "price": "450",
        "price_per_unit": "225",
        "price_unit": "G"
      },
      {
        "state": "TAS",
        "price": "450",
        "price_per_unit": "225",
        "price_unit": "G"
      },
      {
        "state": "TAS",
        "price": "450",
        "price_per_unit": "225",
        "price_unit": "G"
      },
      {
        "state": "ACT",
        "price": "450",
        "price_per_unit": "225",
        "price_unit": "G"
      },
      {
        "state": "ACT",
        "price": "450",
        "price_per_unit": "225",
        "price_unit": "G"
      },
      {
        "state": "NT",
        "price": "450",
        "price_per_unit": "225",
        "price_unit": "G"
      },
      {
        "state": "NT",
        "price": "450",
        "price_per_unit": "225",
        "price_unit": "G"
      }
    ]
  },
  {
    "source_url": "https://www.woolworths.com.au/shop/productdetails/82074/chris-spicy-jalapeno-dip-spread",
    "name": "Chris' Spicy Jalapeno Dip & Spread 200g",
    "image_url": "https://cdn1.woolworths.media/content/wowproductimages/large/082074.jpg",
    "source_id": "Woolworths - 82074",
    "barcode": "9312726001348",
    "shop": "Woolworths",
    "weight": "100G",
    "prices": [
      {
        "state": "NSW",
        "price": "450",
        "price_per_unit": "225",
        "price_unit": "G"
      },
      {
        "state": "NSW",
        "price": "450",
        "price_per_unit": "225",
        "price_unit": "G"
      },
      {
        "state": "VIC",
        "price": "450",
        "price_per_unit": "225",
        "price_unit": "G"
      },
      {
        "state": "VIC",
        "price": "450",
        "price_per_unit": "225",
        "price_unit": "G"
      },
      {
        "state": "QLD",
        "price": "450",
        "price_per_unit": "225",
        "price_unit": "G"
      },
      {
        "state": "QLD",
        "price": "450",
        "price_per_unit": "225",
        "price_unit": "G"
      },
      {
        "state": "WA",
        "price": "450",
        "price_per_unit": "225",
        "price_unit": "G"
      },
      {
        "state": "WA",
        "price": "450",
        "price_per_unit": "225",
        "price_unit": "G"
      },
      {
        "state": "SA",
        "price": "450",
        "price_per_unit": "225",
        "price_unit": "G"
      },
      {
        "state": "SA",
        "price": "450",
        "price_per_unit": "225",
        "price_unit": "G"
      },
      {
        "state": "TAS",
        "price": "450",
        "price_per_unit": "225",
        "price_unit": "G"
      },
      {
        "state": "TAS",
        "price": "450",
        "price_per_unit": "225",
        "price_unit": "G"
      },
      {
        "state": "ACT",
        "price": "450",
        "price_per_unit": "225",
        "price_unit": "G"
      },
      {
        "state": "ACT",
        "price": "450",
        "price_per_unit": "225",
        "price_unit": "G"
      },
      {
        "state": "NT",
        "price": "450",
        "price_per_unit": "225",
        "price_unit": "G"
      },
      {
        "state": "NT",
        "price": "450",
        "price_per_unit": "225",
        "price_unit": "G"
      }
    ]
  },
  {
    "source_url": "https://www.woolworths.com.au/shop/productdetails/703502/chris-taramosalata-homestyle-caviar-dip",
    "name": "Chris' Taramosalata Homestyle Caviar Dip 200g",
    "image_url": "https://cdn1.woolworths.media/content/wowproductimages/large/703502.jpg",
    "source_id": "Woolworths - 703502",
    "barcode": "9312726002000",
    "shop": "Woolworths",
    "weight": "100G",
    "prices": [
      {
        "state": "NSW",
        "price": "450",
        "price_per_unit": "225",
        "price_unit": "G"
      },
      {
        "state": "NSW",
        "price": "450",
        "price_per_unit": "225",
        "price_unit": "G"
      },
      {
        "state": "VIC",
        "price": "450",
        "price_per_unit": "225",
        "price_unit": "G"
      },
      {
        "state": "VIC",
        "price": "450",
        "price_per_unit": "225",
        "price_unit": "G"
      },
      {
        "state": "QLD",
        "price": "450",
        "price_per_unit": "225",
        "price_unit": "G"
      },
      {
        "state": "QLD",
        "price": "450",
        "price_per_unit": "225",
        "price_unit": "G"
      },
      {
        "state": "WA",
        "price": "450",
        "price_per_unit": "225",
        "price_unit": "G"
      },
      {
        "state": "WA",
        "price": "450",
        "price_per_unit": "225",
        "price_unit": "G"
      },
      {
        "state": "SA",
        "price": "450",
        "price_per_unit": "225",
        "price_unit": "G"
      },
      {
        "state": "SA",
        "price": "450",
        "price_per_unit": "225",
        "price_unit": "G"
      },
      {
        "state": "TAS",
        "price": "450",
        "price_per_unit": "225",
        "price_unit": "G"
      },
      {
        "state": "TAS",
        "price": "450",
        "price_per_unit": "225",
        "price_unit": "G"
      },
      {
        "state": "ACT",
        "price": "450",
        "price_per_unit": "225",
        "price_unit": "G"
      },
      {
        "state": "ACT",
        "price": "450",
        "price_per_unit": "225",
        "price_unit": "G"
      },
      {
        "state": "NT",
        "price": "450",
        "price_per_unit": "225",
        "price_unit": "G"
      },
      {
        "state": "NT",
        "price": "450",
        "price_per_unit": "225",
        "price_unit": "G"
      }
    ]
  },
  {
    "source_url": "https://www.woolworths.com.au/shop/productdetails/620882/chris-traditional-french-onion",
    "name": "Chris' Traditional French Onion 200g",
    "image_url": "https://cdn1.woolworths.media/content/wowproductimages/large/620882.jpg",
    "source_id": "Woolworths - 620882",
    "barcode": "9312726000150",
    "shop": "Woolworths",
    "weight": "100G",
    "prices": [
      {
        "state": "NSW",
        "price": "450",
        "price_per_unit": "225",
        "price_unit": "G"
      },
      {
        "state": "NSW",
        "price": "450",
        "price_per_unit": "225",
        "price_unit": "G"
      },
      {
        "state": "VIC",
        "price": "450",
        "price_per_unit": "225",
        "price_unit": "G"
      },
      {
        "state": "VIC",
        "price": "450",
        "price_per_unit": "225",
        "price_unit": "G"
      },
      {
        "state": "QLD",
        "price": "450",
        "price_per_unit": "225",
        "price_unit": "G"
      },
      {
        "state": "QLD",
        "price": "450",
        "price_per_unit": "225",
        "price_unit": "G"
      },
      {
        "state": "WA",
        "price": "450",
        "price_per_unit": "225",
        "price_unit": "G"
      },
      {
        "state": "WA",
        "price": "450",
        "price_per_unit": "225",
        "price_unit": "G"
      },
      {
        "state": "SA",
        "price": "450",
        "price_per_unit": "225",
        "price_unit": "G"
      },
      {
        "state": "SA",
        "price": "450",
        "price_per_unit": "225",
        "price_unit": "G"
      },
      {
        "state": "TAS",
        "price": "450",
        "price_per_unit": "225",
        "price_unit": "G"
      },
      {
        "state": "TAS",
        "price": "450",
        "price_per_unit": "225",
        "price_unit": "G"
      },
      {
        "state": "ACT",
        "price": "450",
        "price_per_unit": "225",
        "price_unit": "G"
      },
      {
        "state": "ACT",
        "price": "450",
        "price_per_unit": "225",
        "price_unit": "G"
      },
      {
        "state": "NT",
        "price": "450",
        "price_per_unit": "225",
        "price_unit": "G"
      },
      {
        "state": "NT",
        "price": "450",
        "price_per_unit": "225",
        "price_unit": "G"
      }
    ]
  },
  {
    "source_url": "https://www.woolworths.com.au/shop/productdetails/117923/fifya-3-layer-nacho-dip",
    "name": "Fifya 3 Layer Nacho Dip 250g",
    "image_url": "https://cdn1.woolworths.media/content/wowproductimages/large/117923.jpg",
    "source_id": "Woolworths - 117923",
    "barcode": "9322515004214",
    "shop": "Woolworths",
    "weight": "100G",
    "prices": [
      {
        "state": "NSW",
        "price": "500",
        "price_per_unit": "200",
        "price_unit": "G"
      },
      {
        "state": "NSW",
        "price": "500",
        "price_per_unit": "200",
        "price_unit": "G"
      },
      {
        "state": "VIC",
        "price": "500",
        "price_per_unit": "200",
        "price_unit": "G"
      },
      {
        "state": "VIC",
        "price": "500",
        "price_per_unit": "200",
        "price_unit": "G"
      },
      {
        "state": "WA",
        "price": "500",
        "price_per_unit": "200",
        "price_unit": "G"
      },
      {
        "state": "WA",
        "price": "500",
        "price_per_unit": "200",
        "price_unit": "G"
      },
      {
        "state": "SA",
        "price": "500",
        "price_per_unit": "200",
        "price_unit": "G"
      },
      {
        "state": "SA",
        "price": "500",
        "price_per_unit": "200",
        "price_unit": "G"
      },
      {
        "state": "TAS",
        "price": "500",
        "price_per_unit": "200",
        "price_unit": "G"
      },
      {
        "state": "TAS",
        "price": "500",
        "price_per_unit": "200",
        "price_unit": "G"
      },
      {
        "state": "ACT",
        "price": "500",
        "price_per_unit": "200",
        "price_unit": "G"
      },
      {
        "state": "ACT",
        "price": "500",
        "price_per_unit": "200",
        "price_unit": "G"
      }
    ]
  },
  {
    "source_url": "https://www.woolworths.com.au/shop/productdetails/796631/mediterranean-delite-garlic-dip",
    "name": "Mediterranean Delite Garlic Dip 200g",
    "image_url": "https://cdn1.woolworths.media/content/wowproductimages/large/796631.jpg",
    "source_id": "Woolworths - 796631",
    "barcode": "9335492000933",
    "shop": "Woolworths",
    "weight": "100G",
    "prices": [
      {
        "state": "NSW",
        "price": "330",
        "price_per_unit": "165",
        "price_unit": "G"
      },
      {
        "state": "NSW",
        "price": "330",
        "price_per_unit": "165",
        "price_unit": "G"
      },
      {
        "state": "VIC",
        "price": "330",
        "price_per_unit": "165",
        "price_unit": "G"
      },
      {
        "state": "VIC",
        "price": "330",
        "price_per_unit": "165",
        "price_unit": "G"
      },
      {
        "state": "QLD",
        "price": "330",
        "price_per_unit": "165",
        "price_unit": "G"
      },
      {
        "state": "QLD",
        "price": "330",
        "price_per_unit": "165",
        "price_unit": "G"
      },
      {
        "state": "WA",
        "price": "330",
        "price_per_unit": "165",
        "price_unit": "G"
      },
      {
        "state": "WA",
        "price": "330",
        "price_per_unit": "165",
        "price_unit": "G"
      },
      {
        "state": "SA",
        "price": "330",
        "price_per_unit": "165",
        "price_unit": "G"
      },
      {
        "state": "SA",
        "price": "330",
        "price_per_unit": "165",
        "price_unit": "G"
      },
      {
        "state": "TAS",
        "price": "330",
        "price_per_unit": "165",
        "price_unit": "G"
      },
      {
        "state": "TAS",
        "price": "330",
        "price_per_unit": "165",
        "price_unit": "G"
      },
      {
        "state": "ACT",
        "price": "330",
        "price_per_unit": "165",
        "price_unit": "G"
      },
      {
        "state": "ACT",
        "price": "330",
        "price_per_unit": "165",
        "price_unit": "G"
      },
      {
        "state": "NT",
        "price": "330",
        "price_per_unit": "165",
        "price_unit": "G"
      },
      {
        "state": "NT",
        "price": "330",
        "price_per_unit": "165",
        "price_unit": "G"
      }
    ]
  },
  {
    "source_url": "https://www.woolworths.com.au/shop/productdetails/208804/nuffin-chive-onion-dip",
    "name": "Nuffin Chive & Onion Dip 200g",
    "image_url": "https://cdn1.woolworths.media/content/wowproductimages/large/208804.jpg",
    "source_id": "Woolworths - 208804",
    "barcode": "9330370013036",
    "shop": "Woolworths",
    "weight": "100G",
    "prices": [
      {
        "state": "NSW",
        "price": "500",
        "price_per_unit": "250",
        "price_unit": "G"
      },
      {
        "state": "NSW",
        "price": "500",
        "price_per_unit": "250",
        "price_unit": "G"
      },
      {
        "state": "VIC",
        "price": "500",
        "price_per_unit": "250",
        "price_unit": "G"
      },
      {
        "state": "VIC",
        "price": "500",
        "price_per_unit": "250",
        "price_unit": "G"
      },
      {
        "state": "WA",
        "price": "500",
        "price_per_unit": "250",
        "price_unit": "G"
      },
      {
        "state": "WA",
        "price": "500",
        "price_per_unit": "250",
        "price_unit": "G"
      },
      {
        "state": "SA",
        "price": "500",
        "price_per_unit": "250",
        "price_unit": "G"
      },
      {
        "state": "SA",
        "price": "500",
        "price_per_unit": "250",
        "price_unit": "G"
      },
      {
        "state": "TAS",
        "price": "500",
        "price_per_unit": "250",
        "price_unit": "G"
      },
      {
        "state": "TAS",
        "price": "500",
        "price_per_unit": "250",
        "price_unit": "G"
      },
      {
        "state": "ACT",
        "price": "500",
        "price_per_unit": "250",
        "price_unit": "G"
      },
      {
        "state": "ACT",
        "price": "500",
        "price_per_unit": "250",
        "price_unit": "G"
      }
    ]
  },
  {
    "source_url": "https://www.woolworths.com.au/shop/productdetails/208001/nuffin-fetta-cracked-pepper-dip",
    "name": "Nuffin Fetta & Cracked Pepper Dip 200g",
    "image_url": "https://cdn1.woolworths.media/content/wowproductimages/large/208001.jpg",
    "source_id": "Woolworths - 208001",
    "barcode": "9330370013067",
    "shop": "Woolworths",
    "weight": "100G",
    "prices": [
      {
        "state": "NSW",
        "price": "500",
        "price_per_unit": "250",
        "price_unit": "G"
      },
      {
        "state": "NSW",
        "price": "500",
        "price_per_unit": "250",
        "price_unit": "G"
      },
      {
        "state": "VIC",
        "price": "500",
        "price_per_unit": "250",
        "price_unit": "G"
      },
      {
        "state": "VIC",
        "price": "500",
        "price_per_unit": "250",
        "price_unit": "G"
      },
      {
        "state": "WA",
        "price": "500",
        "price_per_unit": "250",
        "price_unit": "G"
      },
      {
        "state": "WA",
        "price": "500",
        "price_per_unit": "250",
        "price_unit": "G"
      },
      {
        "state": "SA",
        "price": "500",
        "price_per_unit": "250",
        "price_unit": "G"
      },
      {
        "state": "SA",
        "price": "500",
        "price_per_unit": "250",
        "price_unit": "G"
      },
      {
        "state": "TAS",
        "price": "500",
        "price_per_unit": "250",
        "price_unit": "G"
      },
      {
        "state": "TAS",
        "price": "500",
        "price_per_unit": "250",
        "price_unit": "G"
      },
      {
        "state": "ACT",
        "price": "500",
        "price_per_unit": "250",
        "price_unit": "G"
      },
      {
        "state": "ACT",
        "price": "500",
        "price_per_unit": "250",
        "price_unit": "G"
      }
    ]
  },
  {
    "source_url": "https://www.woolworths.com.au/shop/productdetails/208397/nuffin-hommus-dip",
    "name": "Nuffin Hommus Dip 200g",
    "image_url": "https://cdn1.woolworths.media/content/wowproductimages/large/208397.jpg",
    "source_id": "Woolworths - 208397",
    "barcode": "9330370013012",
    "shop": "Woolworths",
    "weight": "100G",
    "prices": [
      {
        "state": "NSW",
        "price": "500",
        "price_per_unit": "250",
        "price_unit": "G"
      },
      {
        "state": "NSW",
        "price": "500",
        "price_per_unit": "250",
        "price_unit": "G"
      },
      {
        "state": "WA",
        "price": "500",
        "price_per_unit": "250",
        "price_unit": "G"
      },
      {
        "state": "WA",
        "price": "500",
        "price_per_unit": "250",
        "price_unit": "G"
      },
      {
        "state": "SA",
        "price": "500",
        "price_per_unit": "250",
        "price_unit": "G"
      },
      {
        "state": "SA",
        "price": "500",
        "price_per_unit": "250",
        "price_unit": "G"
      },
      {
        "state": "TAS",
        "price": "500",
        "price_per_unit": "250",
        "price_unit": "G"
      },
      {
        "state": "TAS",
        "price": "500",
        "price_per_unit": "250",
        "price_unit": "G"
      },
      {
        "state": "ACT",
        "price": "500",
        "price_per_unit": "250",
        "price_unit": "G"
      },
      {
        "state": "ACT",
        "price": "500",
        "price_per_unit": "250",
        "price_unit": "G"
      }
    ]
  },
  {
    "source_url": "https://www.woolworths.com.au/shop/productdetails/923890/obela-caramelised-onion-garnished-hommus",
    "name": "Obela Caramelised Onion Garnished Hommus 220g",
    "image_url": "https://cdn1.woolworths.media/content/wowproductimages/large/923890.jpg",
    "source_id": "Woolworths - 923890",
    "barcode": "9346321000222",
    "shop": "Woolworths",
    "weight": "100G",
    "prices": [
      {
        "state": "NSW",
        "price": "375",
        "price_per_unit": "170",
        "price_unit": "G"
      },
      {
        "state": "NSW",
        "price": "375",
        "price_per_unit": "170",
        "price_unit": "G"
      },
      {
        "state": "VIC",
        "price": "375",
        "price_per_unit": "170",
        "price_unit": "G"
      },
      {
        "state": "VIC",
        "price": "375",
        "price_per_unit": "170",
        "price_unit": "G"
      },
      {
        "state": "QLD",
        "price": "375",
        "price_per_unit": "170",
        "price_unit": "G"
      },
      {
        "state": "QLD",
        "price": "375",
        "price_per_unit": "170",
        "price_unit": "G"
      },
      {
        "state": "WA",
        "price": "375",
        "price_per_unit": "170",
        "price_unit": "G"
      },
      {
        "state": "WA",
        "price": "375",
        "price_per_unit": "170",
        "price_unit": "G"
      },
      {
        "state": "SA",
        "price": "375",
        "price_per_unit": "170",
        "price_unit": "G"
      },
      {
        "state": "SA",
        "price": "375",
        "price_per_unit": "170",
        "price_unit": "G"
      },
      {
        "state": "ACT",
        "price": "375",
        "price_per_unit": "170",
        "price_unit": "G"
      },
      {
        "state": "ACT",
        "price": "375",
        "price_per_unit": "170",
        "price_unit": "G"
      }
    ]
  },
  {
    "source_url": "https://www.woolworths.com.au/shop/productdetails/856823/obela-classic-guacamole",
    "name": "Obela Classic Guacamole 220g",
    "image_url": "https://cdn1.woolworths.media/content/wowproductimages/large/856823.jpg",
    "source_id": "Woolworths - 856823",
    "barcode": "9346321000185",
    "shop": "Woolworths",
    "weight": "100G",
    "prices": [
      {
        "state": "NSW",
        "price": "580",
        "price_per_unit": "264",
        "price_unit": "G"
      },
      {
        "state": "NSW",
        "price": "580",
        "price_per_unit": "264",
        "price_unit": "G"
      },
      {
        "state": "QLD",
        "price": "580",
        "price_per_unit": "264",
        "price_unit": "G"
      },
      {
        "state": "QLD",
        "price": "580",
        "price_per_unit": "264",
        "price_unit": "G"
      },
      {
        "state": "WA",
        "price": "580",
        "price_per_unit": "264",
        "price_unit": "G"
      },
      {
        "state": "WA",
        "price": "580",
        "price_per_unit": "264",
        "price_unit": "G"
      },
      {
        "state": "SA",
        "price": "580",
        "price_per_unit": "264",
        "price_unit": "G"
      },
      {
        "state": "SA",
        "price": "580",
        "price_per_unit": "264",
        "price_unit": "G"
      },
      {
        "state": "TAS",
        "price": "580",
        "price_per_unit": "264",
        "price_unit": "G"
      },
      {
        "state": "TAS",
        "price": "580",
        "price_per_unit": "264",
        "price_unit": "G"
      },
      {
        "state": "ACT",
        "price": "580",
        "price_per_unit": "264",
        "price_unit": "G"
      },
      {
        "state": "ACT",
        "price": "580",
        "price_per_unit": "264",
        "price_unit": "G"
      },
      {
        "state": "NT",
        "price": "580",
        "price_per_unit": "264",
        "price_unit": "G"
      },
      {
        "state": "NT",
        "price": "580",
        "price_per_unit": "264",
        "price_unit": "G"
      }
    ]
  },
  {
    "source_url": "https://www.woolworths.com.au/shop/productdetails/239449/obela-everyday-smooth-classic-hommus",
    "name": "Obela Everyday Smooth Classic Hommus 450g",
    "image_url": "https://cdn1.woolworths.media/content/wowproductimages/large/239449.jpg",
    "source_id": "Woolworths - 239449",
    "barcode": "93569125",
    "shop": "Woolworths",
    "weight": "100G",
    "prices": [
      {
        "state": "NSW",
        "price": "650",
        "price_per_unit": "144",
        "price_unit": "G"
      },
      {
        "state": "NSW",
        "price": "650",
        "price_per_unit": "144",
        "price_unit": "G"
      },
      {
        "state": "VIC",
        "price": "650",
        "price_per_unit": "144",
        "price_unit": "G"
      },
      {
        "state": "VIC",
        "price": "650",
        "price_per_unit": "144",
        "price_unit": "G"
      },
      {
        "state": "QLD",
        "price": "650",
        "price_per_unit": "144",
        "price_unit": "G"
      },
      {
        "state": "QLD",
        "price": "650",
        "price_per_unit": "144",
        "price_unit": "G"
      },
      {
        "state": "WA",
        "price": "650",
        "price_per_unit": "144",
        "price_unit": "G"
      },
      {
        "state": "WA",
        "price": "650",
        "price_per_unit": "144",
        "price_unit": "G"
      },
      {
        "state": "SA",
        "price": "650",
        "price_per_unit": "144",
        "price_unit": "G"
      },
      {
        "state": "SA",
        "price": "650",
        "price_per_unit": "144",
        "price_unit": "G"
      },
      {
        "state": "TAS",
        "price": "650",
        "price_per_unit": "144",
        "price_unit": "G"
      },
      {
        "state": "TAS",
        "price": "650",
        "price_per_unit": "144",
        "price_unit": "G"
      }
    ]
  },
  {
    "source_url": "https://www.woolworths.com.au/shop/productdetails/953277/obela-hi-protein-hommus-to-go",
    "name": "Obela Hi Protein Hommus To Go 125g",
    "image_url": "https://cdn1.woolworths.media/content/wowproductimages/large/953277.jpg",
    "source_id": "Woolworths - 953277",
    "barcode": "93575119",
    "shop": "Woolworths",
    "weight": "100G",
    "prices": [
      {
        "state": "NSW",
        "price": "450",
        "price_per_unit": "360",
        "price_unit": "G"
      },
      {
        "state": "NSW",
        "price": "450",
        "price_per_unit": "360",
        "price_unit": "G"
      },
      {
        "state": "VIC",
        "price": "450",
        "price_per_unit": "360",
        "price_unit": "G"
      },
      {
        "state": "VIC",
        "price": "450",
        "price_per_unit": "360",
        "price_unit": "G"
      },
      {
        "state": "QLD",
        "price": "450",
        "price_per_unit": "360",
        "price_unit": "G"
      },
      {
        "state": "QLD",
        "price": "450",
        "price_per_unit": "360",
        "price_unit": "G"
      },
      {
        "state": "WA",
        "price": "450",
        "price_per_unit": "360",
        "price_unit": "G"
      },
      {
        "state": "WA",
        "price": "450",
        "price_per_unit": "360",
        "price_unit": "G"
      },
      {
        "state": "SA",
        "price": "450",
        "price_per_unit": "360",
        "price_unit": "G"
      },
      {
        "state": "SA",
        "price": "450",
        "price_per_unit": "360",
        "price_unit": "G"
      },
      {
        "state": "TAS",
        "price": "450",
        "price_per_unit": "360",
        "price_unit": "G"
      },
      {
        "state": "TAS",
        "price": "450",
        "price_per_unit": "360",
        "price_unit": "G"
      },
      {
        "state": "ACT",
        "price": "450",
        "price_per_unit": "360",
        "price_unit": "G"
      },
      {
        "state": "ACT",
        "price": "450",
        "price_per_unit": "360",
        "price_unit": "G"
      }
    ]
  },
  {
    "source_url": "https://www.woolworths.com.au/shop/productdetails/944214/obela-hi-protein-to-go-jalapeno-hommus",
    "name": "Obela Hi-Protein To Go Jalapeno Hommus 125g",
    "image_url": "https://cdn1.woolworths.media/content/wowproductimages/large/944214.jpg",
    "source_id": "Woolworths - 944214",
    "barcode": "93575126",
    "shop": "Woolworths",
    "weight": "100G",
    "prices": [
      {
        "state": "NSW",
        "price": "450",
        "price_per_unit": "360",
        "price_unit": "G"
      },
      {
        "state": "NSW",
        "price": "450",
        "price_per_unit": "360",
        "price_unit": "G"
      },
      {
        "state": "VIC",
        "price": "450",
        "price_per_unit": "360",
        "price_unit": "G"
      },
      {
        "state": "VIC",
        "price": "450",
        "price_per_unit": "360",
        "price_unit": "G"
      },
      {
        "state": "QLD",
        "price": "450",
        "price_per_unit": "360",
        "price_unit": "G"
      },
      {
        "state": "QLD",
        "price": "450",
        "price_per_unit": "360",
        "price_unit": "G"
      },
      {
        "state": "WA",
        "price": "450",
        "price_per_unit": "360",
        "price_unit": "G"
      },
      {
        "state": "WA",
        "price": "450",
        "price_per_unit": "360",
        "price_unit": "G"
      },
      {
        "state": "SA",
        "price": "450",
        "price_per_unit": "360",
        "price_unit": "G"
      },
      {
        "state": "SA",
        "price": "450",
        "price_per_unit": "360",
        "price_unit": "G"
      },
      {
        "state": "TAS",
        "price": "450",
        "price_per_unit": "360",
        "price_unit": "G"
      },
      {
        "state": "TAS",
        "price": "450",
        "price_per_unit": "360",
        "price_unit": "G"
      },
      {
        "state": "ACT",
        "price": "450",
        "price_per_unit": "360",
        "price_unit": "G"
      },
      {
        "state": "ACT",
        "price": "450",
        "price_per_unit": "360",
        "price_unit": "G"
      }
    ]
  },
  {
    "source_url": "https://www.woolworths.com.au/shop/productdetails/664036/obela-hommus",
    "name": "Obela Hommus 1kg",
    "image_url": "https://cdn1.woolworths.media/content/wowproductimages/large/664036.jpg",
    "source_id": "Woolworths - 664036",
    "barcode": "9346321000475",
    "shop": "Woolworths",
    "weight": "100G",
    "prices": [
      {
        "state": "NSW",
        "price": "720",
        "price_per_unit": "72",
        "price_unit": "G"
      },
      {
        "state": "NSW",
        "price": "720",
        "price_per_unit": "72",
        "price_unit": "G"
      },
      {
        "state": "VIC",
        "price": "720",
        "price_per_unit": "72",
        "price_unit": "G"
      },
      {
        "state": "VIC",
        "price": "720",
        "price_per_unit": "72",
        "price_unit": "G"
      },
      {
        "state": "QLD",
        "price": "720",
        "price_per_unit": "72",
        "price_unit": "G"
      },
      {
        "state": "QLD",
        "price": "720",
        "price_per_unit": "72",
        "price_unit": "G"
      },
      {
        "state": "WA",
        "price": "720",
        "price_per_unit": "72",
        "price_unit": "G"
      },
      {
        "state": "WA",
        "price": "720",
        "price_per_unit": "72",
        "price_unit": "G"
      },
      {
        "state": "SA",
        "price": "720",
        "price_per_unit": "72",
        "price_unit": "G"
      },
      {
        "state": "SA",
        "price": "720",
        "price_per_unit": "72",
        "price_unit": "G"
      },
      {
        "state": "TAS",
        "price": "720",
        "price_per_unit": "72",
        "price_unit": "G"
      },
      {
        "state": "TAS",
        "price": "720",
        "price_per_unit": "72",
        "price_unit": "G"
      },
      {
        "state": "NT",
        "price": "720",
        "price_per_unit": "72",
        "price_unit": "G"
      },
      {
        "state": "NT",
        "price": "720",
        "price_per_unit": "72",
        "price_unit": "G"
      }
    ]
  },
  {
    "source_url": "https://www.woolworths.com.au/shop/productdetails/787662/obela-hommus-garnished-with-roasted-pinenut",
    "name": "Obela Hommus Garnished With Roasted Pinenut 220g",
    "image_url": "https://cdn1.woolworths.media/content/wowproductimages/large/787662.jpg",
    "source_id": "Woolworths - 787662",
    "barcode": "9346321000109",
    "shop": "Woolworths",
    "weight": "100G",
    "prices": [
      {
        "state": "NSW",
        "price": "375",
        "price_per_unit": "170",
        "price_unit": "G"
      },
      {
        "state": "NSW",
        "price": "375",
        "price_per_unit": "170",
        "price_unit": "G"
      },
      {
        "state": "VIC",
        "price": "375",
        "price_per_unit": "170",
        "price_unit": "G"
      },
      {
        "state": "VIC",
        "price": "375",
        "price_per_unit": "170",
        "price_unit": "G"
      },
      {
        "state": "QLD",
        "price": "375",
        "price_per_unit": "170",
        "price_unit": "G"
      },
      {
        "state": "QLD",
        "price": "375",
        "price_per_unit": "170",
        "price_unit": "G"
      },
      {
        "state": "WA",
        "price": "375",
        "price_per_unit": "170",
        "price_unit": "G"
      },
      {
        "state": "WA",
        "price": "375",
        "price_per_unit": "170",
        "price_unit": "G"
      },
      {
        "state": "SA",
        "price": "375",
        "price_per_unit": "170",
        "price_unit": "G"
      },
      {
        "state": "SA",
        "price": "375",
        "price_per_unit": "170",
        "price_unit": "G"
      },
      {
        "state": "TAS",
        "price": "375",
        "price_per_unit": "170",
        "price_unit": "G"
      },
      {
        "state": "TAS",
        "price": "375",
        "price_per_unit": "170",
        "price_unit": "G"
      },
      {
        "state": "ACT",
        "price": "375",
        "price_per_unit": "170",
        "price_unit": "G"
      },
      {
        "state": "ACT",
        "price": "375",
        "price_per_unit": "170",
        "price_unit": "G"
      },
      {
        "state": "NT",
        "price": "375",
        "price_per_unit": "170",
        "price_unit": "G"
      },
      {
        "state": "NT",
        "price": "375",
        "price_per_unit": "170",
        "price_unit": "G"
      }
    ]
  },
  {
    "source_url": "https://www.woolworths.com.au/shop/productdetails/787650/obela-hommus-garnished-with-zesty-jalapenos",
    "name": "Obela Hommus Garnished With Zesty Jalapenos 220g",
    "image_url": "https://cdn1.woolworths.media/content/wowproductimages/large/787650.jpg",
    "source_id": "Woolworths - 787650",
    "barcode": "9346321000079",
    "shop": "Woolworths",
    "weight": "100G",
    "prices": [
      {
        "state": "NSW",
        "price": "375",
        "price_per_unit": "170",
        "price_unit": "G"
      },
      {
        "state": "NSW",
        "price": "375",
        "price_per_unit": "170",
        "price_unit": "G"
      },
      {
        "state": "VIC",
        "price": "375",
        "price_per_unit": "170",
        "price_unit": "G"
      },
      {
        "state": "VIC",
        "price": "375",
        "price_per_unit": "170",
        "price_unit": "G"
      },
      {
        "state": "QLD",
        "price": "375",
        "price_per_unit": "170",
        "price_unit": "G"
      },
      {
        "state": "QLD",
        "price": "375",
        "price_per_unit": "170",
        "price_unit": "G"
      },
      {
        "state": "WA",
        "price": "375",
        "price_per_unit": "170",
        "price_unit": "G"
      },
      {
        "state": "WA",
        "price": "375",
        "price_per_unit": "170",
        "price_unit": "G"
      },
      {
        "state": "SA",
        "price": "375",
        "price_per_unit": "170",
        "price_unit": "G"
      },
      {
        "state": "SA",
        "price": "375",
        "price_per_unit": "170",
        "price_unit": "G"
      },
      {
        "state": "TAS",
        "price": "375",
        "price_per_unit": "170",
        "price_unit": "G"
      },
      {
        "state": "TAS",
        "price": "375",
        "price_per_unit": "170",
        "price_unit": "G"
      },
      {
        "state": "ACT",
        "price": "375",
        "price_per_unit": "170",
        "price_unit": "G"
      },
      {
        "state": "ACT",
        "price": "375",
        "price_per_unit": "170",
        "price_unit": "G"
      },
      {
        "state": "NT",
        "price": "375",
        "price_per_unit": "170",
        "price_unit": "G"
      },
      {
        "state": "NT",
        "price": "375",
        "price_per_unit": "170",
        "price_unit": "G"
      }
    ]
  },
  {
    "source_url": "https://www.woolworths.com.au/shop/productdetails/925738/obela-hommus-korean-style-chilli-with-black-sesame",
    "name": "Obela Hommus Korean Style Chilli With Black Sesame 220g",
    "image_url": "https://cdn1.woolworths.media/content/wowproductimages/large/925738.jpg",
    "source_id": "Woolworths - 925738",
    "barcode": "9346321002011",
    "shop": "Woolworths",
    "weight": "100G",
    "prices": [
      {
        "state": "NSW",
        "price": "375",
        "price_per_unit": "170",
        "price_unit": "G"
      },
      {
        "state": "NSW",
        "price": "375",
        "price_per_unit": "170",
        "price_unit": "G"
      },
      {
        "state": "VIC",
        "price": "375",
        "price_per_unit": "170",
        "price_unit": "G"
      },
      {
        "state": "VIC",
        "price": "375",
        "price_per_unit": "170",
        "price_unit": "G"
      },
      {
        "state": "WA",
        "price": "375",
        "price_per_unit": "170",
        "price_unit": "G"
      },
      {
        "state": "WA",
        "price": "375",
        "price_per_unit": "170",
        "price_unit": "G"
      },
      {
        "state": "SA",
        "price": "375",
        "price_per_unit": "170",
        "price_unit": "G"
      },
      {
        "state": "SA",
        "price": "375",
        "price_per_unit": "170",
        "price_unit": "G"
      },
      {
        "state": "TAS",
        "price": "375",
        "price_per_unit": "170",
        "price_unit": "G"
      },
      {
        "state": "TAS",
        "price": "375",
        "price_per_unit": "170",
        "price_unit": "G"
      },
      {
        "state": "ACT",
        "price": "375",
        "price_per_unit": "170",
        "price_unit": "G"
      },
      {
        "state": "ACT",
        "price": "375",
        "price_per_unit": "170",
        "price_unit": "G"
      }
    ]
  },
  {
    "source_url": "https://www.woolworths.com.au/shop/productdetails/111127/obela-hommus-pistachio-lemon-dukkah",
    "name": "Obela Hommus Pistachio Lemon Dukkah 220g",
    "image_url": "https://cdn1.woolworths.media/content/wowproductimages/large/111127.jpg",
    "source_id": "Woolworths - 111127",
    "barcode": "9346321000918",
    "shop": "Woolworths",
    "weight": "100G",
    "prices": [
      {
        "state": "NSW",
        "price": "375",
        "price_per_unit": "170",
        "price_unit": "G"
      },
      {
        "state": "NSW",
        "price": "375",
        "price_per_unit": "170",
        "price_unit": "G"
      },
      {
        "state": "VIC",
        "price": "375",
        "price_per_unit": "170",
        "price_unit": "G"
      },
      {
        "state": "VIC",
        "price": "375",
        "price_per_unit": "170",
        "price_unit": "G"
      },
      {
        "state": "QLD",
        "price": "375",
        "price_per_unit": "170",
        "price_unit": "G"
      },
      {
        "state": "QLD",
        "price": "375",
        "price_per_unit": "170",
        "price_unit": "G"
      },
      {
        "state": "WA",
        "price": "375",
        "price_per_unit": "170",
        "price_unit": "G"
      },
      {
        "state": "WA",
        "price": "375",
        "price_per_unit": "170",
        "price_unit": "G"
      },
      {
        "state": "SA",
        "price": "375",
        "price_per_unit": "170",
        "price_unit": "G"
      },
      {
        "state": "SA",
        "price": "375",
        "price_per_unit": "170",
        "price_unit": "G"
      },
      {
        "state": "TAS",
        "price": "375",
        "price_per_unit": "170",
        "price_unit": "G"
      },
      {
        "state": "TAS",
        "price": "375",
        "price_per_unit": "170",
        "price_unit": "G"
      },
      {
        "state": "ACT",
        "price": "375",
        "price_per_unit": "170",
        "price_unit": "G"
      },
      {
        "state": "ACT",
        "price": "375",
        "price_per_unit": "170",
        "price_unit": "G"
      }
    ]
  },
  {
    "source_url": "https://www.woolworths.com.au/shop/productdetails/765218/obela-hommus-smooth-classic",
    "name": "Obela Hommus Smooth Classic 220g",
    "image_url": "https://cdn1.woolworths.media/content/wowproductimages/large/765218.jpg",
    "source_id": "Woolworths - 765218",
    "barcode": "9346321000000",
    "shop": "Woolworths",
    "weight": "100G",
    "prices": [
      {
        "state": "NSW",
        "price": "350",
        "price_per_unit": "159",
        "price_unit": "G"
      },
      {
        "state": "NSW",
        "price": "350",
        "price_per_unit": "159",
        "price_unit": "G"
      },
      {
        "state": "VIC",
        "price": "350",
        "price_per_unit": "159",
        "price_unit": "G"
      },
      {
        "state": "VIC",
        "price": "350",
        "price_per_unit": "159",
        "price_unit": "G"
      },
      {
        "state": "QLD",
        "price": "350",
        "price_per_unit": "159",
        "price_unit": "G"
      },
      {
        "state": "QLD",
        "price": "350",
        "price_per_unit": "159",
        "price_unit": "G"
      },
      {
        "state": "WA",
        "price": "350",
        "price_per_unit": "159",
        "price_unit": "G"
      },
      {
        "state": "WA",
        "price": "350",
        "price_per_unit": "159",
        "price_unit": "G"
      },
      {
        "state": "SA",
        "price": "350",
        "price_per_unit": "159",
        "price_unit": "G"
      },
      {
        "state": "SA",
        "price": "350",
        "price_per_unit": "159",
        "price_unit": "G"
      },
      {
        "state": "TAS",
        "price": "350",
        "price_per_unit": "159",
        "price_unit": "G"
      },
      {
        "state": "TAS",
        "price": "350",
        "price_per_unit": "159",
        "price_unit": "G"
      },
      {
        "state": "ACT",
        "price": "350",
        "price_per_unit": "159",
        "price_unit": "G"
      },
      {
        "state": "ACT",
        "price": "350",
        "price_per_unit": "159",
        "price_unit": "G"
      },
      {
        "state": "NT",
        "price": "350",
        "price_per_unit": "159",
        "price_unit": "G"
      },
      {
        "state": "NT",
        "price": "350",
        "price_per_unit": "159",
        "price_unit": "G"
      }
    ]
  },
  {
    "source_url": "https://www.woolworths.com.au/shop/productdetails/926825/obela-hommus-sticky-balsamic-tomato",
    "name": "Obela Hommus Sticky Balsamic & Tomato 220g",
    "image_url": "https://cdn1.woolworths.media/content/wowproductimages/large/926825.jpg",
    "source_id": "Woolworths - 926825",
    "barcode": "9346321001991",
    "shop": "Woolworths",
    "weight": "100G",
    "prices": [
      {
        "state": "NSW",
        "price": "375",
        "price_per_unit": "170",
        "price_unit": "G"
      },
      {
        "state": "NSW",
        "price": "375",
        "price_per_unit": "170",
        "price_unit": "G"
      },
      {
        "state": "VIC",
        "price": "375",
        "price_per_unit": "170",
        "price_unit": "G"
      },
      {
        "state": "VIC",
        "price": "375",
        "price_per_unit": "170",
        "price_unit": "G"
      },
      {
        "state": "WA",
        "price": "375",
        "price_per_unit": "170",
        "price_unit": "G"
      },
      {
        "state": "WA",
        "price": "375",
        "price_per_unit": "170",
        "price_unit": "G"
      },
      {
        "state": "SA",
        "price": "375",
        "price_per_unit": "170",
        "price_unit": "G"
      },
      {
        "state": "SA",
        "price": "375",
        "price_per_unit": "170",
        "price_unit": "G"
      },
      {
        "state": "TAS",
        "price": "375",
        "price_per_unit": "170",
        "price_unit": "G"
      },
      {
        "state": "TAS",
        "price": "375",
        "price_per_unit": "170",
        "price_unit": "G"
      },
      {
        "state": "ACT",
        "price": "375",
        "price_per_unit": "170",
        "price_unit": "G"
      },
      {
        "state": "ACT",
        "price": "375",
        "price_per_unit": "170",
        "price_unit": "G"
      }
    ]
  },
  {
    "source_url": "https://www.woolworths.com.au/shop/productdetails/780071/obela-hommus-to-go-classic-sakata-crackers",
    "name": "Obela Hommus To Go Classic & Sakata Crackers 125g",
    "image_url": "https://cdn1.woolworths.media/content/wowproductimages/large/780071.jpg",
    "source_id": "Woolworths - 780071",
    "barcode": "93544351",
    "shop": "Woolworths",
    "weight": "100G",
    "prices": [
      {
        "state": "NSW",
        "price": "400",
        "price_per_unit": "320",
        "price_unit": "G"
      },
      {
        "state": "NSW",
        "price": "400",
        "price_per_unit": "320",
        "price_unit": "G"
      },
      {
        "state": "VIC",
        "price": "400",
        "price_per_unit": "320",
        "price_unit": "G"
      },
      {
        "state": "VIC",
        "price": "400",
        "price_per_unit": "320",
        "price_unit": "G"
      },
      {
        "state": "QLD",
        "price": "400",
        "price_per_unit": "320",
        "price_unit": "G"
      },
      {
        "state": "QLD",
        "price": "400",
        "price_per_unit": "320",
        "price_unit": "G"
      },
      {
        "state": "WA",
        "price": "400",
        "price_per_unit": "320",
        "price_unit": "G"
      },
      {
        "state": "WA",
        "price": "400",
        "price_per_unit": "320",
        "price_unit": "G"
      },
      {
        "state": "SA",
        "price": "400",
        "price_per_unit": "320",
        "price_unit": "G"
      },
      {
        "state": "SA",
        "price": "400",
        "price_per_unit": "320",
        "price_unit": "G"
      },
      {
        "state": "TAS",
        "price": "400",
        "price_per_unit": "320",
        "price_unit": "G"
      },
      {
        "state": "TAS",
        "price": "400",
        "price_per_unit": "320",
        "price_unit": "G"
      },
      {
        "state": "ACT",
        "price": "400",
        "price_per_unit": "320",
        "price_unit": "G"
      },
      {
        "state": "ACT",
        "price": "400",
        "price_per_unit": "320",
        "price_unit": "G"
      }
    ]
  },
  {
    "source_url": "https://www.woolworths.com.au/shop/productdetails/925093/obela-smooth-classic-hommus-to-go-singles",
    "name": "Obela Smooth Classic Hommus To Go Singles 60g x3 Pack",
    "image_url": "https://cdn1.woolworths.media/content/wowproductimages/large/925093.jpg",
    "source_id": "Woolworths - 925093",
    "barcode": "9346321000208",
    "shop": "Woolworths",
    "weight": "100G",
    "prices": [
      {
        "state": "NSW",
        "price": "380",
        "price_per_unit": "211",
        "price_unit": "G"
      },
      {
        "state": "NSW",
        "price": "380",
        "price_per_unit": "211",
        "price_unit": "G"
      },
      {
        "state": "VIC",
        "price": "380",
        "price_per_unit": "211",
        "price_unit": "G"
      },
      {
        "state": "VIC",
        "price": "380",
        "price_per_unit": "211",
        "price_unit": "G"
      },
      {
        "state": "QLD",
        "price": "380",
        "price_per_unit": "211",
        "price_unit": "G"
      },
      {
        "state": "QLD",
        "price": "380",
        "price_per_unit": "211",
        "price_unit": "G"
      },
      {
        "state": "WA",
        "price": "380",
        "price_per_unit": "211",
        "price_unit": "G"
      },
      {
        "state": "WA",
        "price": "380",
        "price_per_unit": "211",
        "price_unit": "G"
      },
      {
        "state": "SA",
        "price": "380",
        "price_per_unit": "211",
        "price_unit": "G"
      },
      {
        "state": "SA",
        "price": "380",
        "price_per_unit": "211",
        "price_unit": "G"
      },
      {
        "state": "TAS",
        "price": "380",
        "price_per_unit": "211",
        "price_unit": "G"
      },
      {
        "state": "TAS",
        "price": "380",
        "price_per_unit": "211",
        "price_unit": "G"
      },
      {
        "state": "ACT",
        "price": "380",
        "price_per_unit": "211",
        "price_unit": "G"
      },
      {
        "state": "ACT",
        "price": "380",
        "price_per_unit": "211",
        "price_unit": "G"
      },
      {
        "state": "NT",
        "price": "380",
        "price_per_unit": "211",
        "price_unit": "G"
      },
      {
        "state": "NT",
        "price": "380",
        "price_per_unit": "211",
        "price_unit": "G"
      }
    ]
  },
  {
    "source_url": "https://www.woolworths.com.au/shop/productdetails/923892/obela-spicy-harissa-garnished-hommus",
    "name": "Obela Spicy Harissa Garnished Hommus 220g",
    "image_url": "https://cdn1.woolworths.media/content/wowproductimages/large/923892.jpg",
    "source_id": "Woolworths - 923892",
    "barcode": "9346321000239",
    "shop": "Woolworths",
    "weight": "100G",
    "prices": [
      {
        "state": "NSW",
        "price": "375",
        "price_per_unit": "170",
        "price_unit": "G"
      },
      {
        "state": "NSW",
        "price": "375",
        "price_per_unit": "170",
        "price_unit": "G"
      },
      {
        "state": "VIC",
        "price": "375",
        "price_per_unit": "170",
        "price_unit": "G"
      },
      {
        "state": "VIC",
        "price": "375",
        "price_per_unit": "170",
        "price_unit": "G"
      },
      {
        "state": "WA",
        "price": "375",
        "price_per_unit": "170",
        "price_unit": "G"
      },
      {
        "state": "WA",
        "price": "375",
        "price_per_unit": "170",
        "price_unit": "G"
      },
      {
        "state": "SA",
        "price": "375",
        "price_per_unit": "170",
        "price_unit": "G"
      },
      {
        "state": "SA",
        "price": "375",
        "price_per_unit": "170",
        "price_unit": "G"
      },
      {
        "state": "ACT",
        "price": "375",
        "price_per_unit": "170",
        "price_unit": "G"
      },
      {
        "state": "ACT",
        "price": "375",
        "price_per_unit": "170",
        "price_unit": "G"
      }
    ]
  },
  {
    "source_url": "https://www.woolworths.com.au/shop/productdetails/923888/obela-sweet-beetroot-garnished-hommus",
    "name": "Obela Sweet Beetroot Garnished Hommus 220g",
    "image_url": "https://cdn1.woolworths.media/content/wowproductimages/large/923888.jpg",
    "source_id": "Woolworths - 923888",
    "barcode": "9346321000215",
    "shop": "Woolworths",
    "weight": "100G",
    "prices": [
      {
        "state": "NSW",
        "price": "375",
        "price_per_unit": "170",
        "price_unit": "G"
      },
      {
        "state": "NSW",
        "price": "375",
        "price_per_unit": "170",
        "price_unit": "G"
      },
      {
        "state": "VIC",
        "price": "375",
        "price_per_unit": "170",
        "price_unit": "G"
      },
      {
        "state": "VIC",
        "price": "375",
        "price_per_unit": "170",
        "price_unit": "G"
      },
      {
        "state": "QLD",
        "price": "375",
        "price_per_unit": "170",
        "price_unit": "G"
      },
      {
        "state": "QLD",
        "price": "375",
        "price_per_unit": "170",
        "price_unit": "G"
      },
      {
        "state": "WA",
        "price": "375",
        "price_per_unit": "170",
        "price_unit": "G"
      },
      {
        "state": "WA",
        "price": "375",
        "price_per_unit": "170",
        "price_unit": "G"
      },
      {
        "state": "SA",
        "price": "375",
        "price_per_unit": "170",
        "price_unit": "G"
      },
      {
        "state": "SA",
        "price": "375",
        "price_per_unit": "170",
        "price_unit": "G"
      },
      {
        "state": "TAS",
        "price": "375",
        "price_per_unit": "170",
        "price_unit": "G"
      },
      {
        "state": "TAS",
        "price": "375",
        "price_per_unit": "170",
        "price_unit": "G"
      },
      {
        "state": "ACT",
        "price": "375",
        "price_per_unit": "170",
        "price_unit": "G"
      },
      {
        "state": "ACT",
        "price": "375",
        "price_per_unit": "170",
        "price_unit": "G"
      }
    ]
  },
  {
    "source_url": "https://www.woolworths.com.au/shop/productdetails/923883/obela-tzatziki-dip-classic",
    "name": "Obela Tzatziki Dip Classic 220g",
    "image_url": "https://cdn1.woolworths.media/content/wowproductimages/large/923883.jpg",
    "source_id": "Woolworths - 923883",
    "barcode": "9346321000253",
    "shop": "Woolworths",
    "weight": "100G",
    "prices": [
      {
        "state": "NSW",
        "price": "375",
        "price_per_unit": "170",
        "price_unit": "G"
      },
      {
        "state": "NSW",
        "price": "375",
        "price_per_unit": "170",
        "price_unit": "G"
      },
      {
        "state": "VIC",
        "price": "375",
        "price_per_unit": "170",
        "price_unit": "G"
      },
      {
        "state": "VIC",
        "price": "375",
        "price_per_unit": "170",
        "price_unit": "G"
      },
      {
        "state": "QLD",
        "price": "375",
        "price_per_unit": "170",
        "price_unit": "G"
      },
      {
        "state": "QLD",
        "price": "375",
        "price_per_unit": "170",
        "price_unit": "G"
      },
      {
        "state": "WA",
        "price": "375",
        "price_per_unit": "170",
        "price_unit": "G"
      },
      {
        "state": "WA",
        "price": "375",
        "price_per_unit": "170",
        "price_unit": "G"
      },
      {
        "state": "SA",
        "price": "375",
        "price_per_unit": "170",
        "price_unit": "G"
      },
      {
        "state": "SA",
        "price": "375",
        "price_per_unit": "170",
        "price_unit": "G"
      },
      {
        "state": "TAS",
        "price": "375",
        "price_per_unit": "170",
        "price_unit": "G"
      },
      {
        "state": "TAS",
        "price": "375",
        "price_per_unit": "170",
        "price_unit": "G"
      },
      {
        "state": "ACT",
        "price": "375",
        "price_per_unit": "170",
        "price_unit": "G"
      },
      {
        "state": "ACT",
        "price": "375",
        "price_per_unit": "170",
        "price_unit": "G"
      }
    ]
  },
  {
    "source_url": "https://www.woolworths.com.au/shop/productdetails/213014/philadelphia-sweet-chilli-cream-cheese-pourover-tub",
    "name": "Philadelphia Sweet Chilli Cream Cheese Pourover Tub 250g",
    "image_url": "https://cdn1.woolworths.media/content/wowproductimages/large/213014.jpg",
    "source_id": "Woolworths - 213014",
    "barcode": "9300650438118",
    "shop": "Woolworths",
    "weight": "100G",
    "prices": [
      {
        "state": "NSW",
        "price": "350",
        "price_per_unit": "140",
        "price_unit": "G"
      },
      {
        "state": "NSW",
        "price": "350",
        "price_per_unit": "140",
        "price_unit": "G"
      },
      {
        "state": "VIC",
        "price": "350",
        "price_per_unit": "140",
        "price_unit": "G"
      },
      {
        "state": "VIC",
        "price": "350",
        "price_per_unit": "140",
        "price_unit": "G"
      },
      {
        "state": "QLD",
        "price": "350",
        "price_per_unit": "140",
        "price_unit": "G"
      },
      {
        "state": "QLD",
        "price": "350",
        "price_per_unit": "140",
        "price_unit": "G"
      },
      {
        "state": "WA",
        "price": "350",
        "price_per_unit": "140",
        "price_unit": "G"
      },
      {
        "state": "WA",
        "price": "350",
        "price_per_unit": "140",
        "price_unit": "G"
      },
      {
        "state": "SA",
        "price": "350",
        "price_per_unit": "140",
        "price_unit": "G"
      },
      {
        "state": "SA",
        "price": "350",
        "price_per_unit": "140",
        "price_unit": "G"
      },
      {
        "state": "TAS",
        "price": "350",
        "price_per_unit": "140",
        "price_unit": "G"
      },
      {
        "state": "TAS",
        "price": "350",
        "price_per_unit": "140",
        "price_unit": "G"
      },
      {
        "state": "ACT",
        "price": "350",
        "price_per_unit": "140",
        "price_unit": "G"
      },
      {
        "state": "ACT",
        "price": "350",
        "price_per_unit": "140",
        "price_unit": "G"
      },
      {
        "state": "NT",
        "price": "350",
        "price_per_unit": "140",
        "price_unit": "G"
      },
      {
        "state": "NT",
        "price": "350",
        "price_per_unit": "140",
        "price_unit": "G"
      }
    ]
  },
  {
    "source_url": "https://www.woolworths.com.au/shop/productdetails/114593/picante-chargrilled-peppers-smoky-chipotle-panela-cheese",
    "name": "Picante Chargrilled Peppers Smoky Chipotle & Panela Cheese 170g",
    "image_url": "https://cdn1.woolworths.media/content/wowproductimages/large/114593.jpg",
    "source_id": "Woolworths - 114593",
    "barcode": "9344808001038",
    "shop": "Woolworths",
    "weight": "100G",
    "prices": [
      {
        "state": "NSW",
        "price": "350",
        "price_per_unit": "206",
        "price_unit": "G"
      },
      {
        "state": "NSW",
        "price": "350",
        "price_per_unit": "206",
        "price_unit": "G"
      },
      {
        "state": "VIC",
        "price": "350",
        "price_per_unit": "206",
        "price_unit": "G"
      },
      {
        "state": "VIC",
        "price": "350",
        "price_per_unit": "206",
        "price_unit": "G"
      },
      {
        "state": "QLD",
        "price": "350",
        "price_per_unit": "206",
        "price_unit": "G"
      },
      {
        "state": "QLD",
        "price": "350",
        "price_per_unit": "206",
        "price_unit": "G"
      },
      {
        "state": "WA",
        "price": "350",
        "price_per_unit": "206",
        "price_unit": "G"
      },
      {
        "state": "WA",
        "price": "350",
        "price_per_unit": "206",
        "price_unit": "G"
      },
      {
        "state": "SA",
        "price": "350",
        "price_per_unit": "206",
        "price_unit": "G"
      },
      {
        "state": "SA",
        "price": "350",
        "price_per_unit": "206",
        "price_unit": "G"
      },
      {
        "state": "TAS",
        "price": "350",
        "price_per_unit": "206",
        "price_unit": "G"
      },
      {
        "state": "TAS",
        "price": "350",
        "price_per_unit": "206",
        "price_unit": "G"
      },
      {
        "state": "ACT",
        "price": "350",
        "price_per_unit": "206",
        "price_unit": "G"
      },
      {
        "state": "ACT",
        "price": "350",
        "price_per_unit": "206",
        "price_unit": "G"
      }
    ]
  },
  {
    "source_url": "https://www.woolworths.com.au/shop/productdetails/113938/picante-fresh-avocado-with-capsicum-chives-lime",
    "name": "Picante Fresh Avocado With Capsicum, Chives & Lime 170g",
    "image_url": "https://cdn1.woolworths.media/content/wowproductimages/large/113938.jpg",
    "source_id": "Woolworths - 113938",
    "barcode": "9344808001007",
    "shop": "Woolworths",
    "weight": "100G",
    "prices": [
      {
        "state": "NSW",
        "price": "350",
        "price_per_unit": "206",
        "price_unit": "G"
      },
      {
        "state": "NSW",
        "price": "350",
        "price_per_unit": "206",
        "price_unit": "G"
      },
      {
        "state": "VIC",
        "price": "350",
        "price_per_unit": "206",
        "price_unit": "G"
      },
      {
        "state": "VIC",
        "price": "350",
        "price_per_unit": "206",
        "price_unit": "G"
      },
      {
        "state": "QLD",
        "price": "350",
        "price_per_unit": "206",
        "price_unit": "G"
      },
      {
        "state": "QLD",
        "price": "350",
        "price_per_unit": "206",
        "price_unit": "G"
      },
      {
        "state": "WA",
        "price": "350",
        "price_per_unit": "206",
        "price_unit": "G"
      },
      {
        "state": "WA",
        "price": "350",
        "price_per_unit": "206",
        "price_unit": "G"
      },
      {
        "state": "SA",
        "price": "350",
        "price_per_unit": "206",
        "price_unit": "G"
      },
      {
        "state": "SA",
        "price": "350",
        "price_per_unit": "206",
        "price_unit": "G"
      },
      {
        "state": "TAS",
        "price": "350",
        "price_per_unit": "206",
        "price_unit": "G"
      },
      {
        "state": "TAS",
        "price": "350",
        "price_per_unit": "206",
        "price_unit": "G"
      },
      {
        "state": "ACT",
        "price": "350",
        "price_per_unit": "206",
        "price_unit": "G"
      },
      {
        "state": "ACT",
        "price": "350",
        "price_per_unit": "206",
        "price_unit": "G"
      }
    ]
  },
  {
    "source_url": "https://www.woolworths.com.au/shop/productdetails/947974/picante-traditional-mexican-style-salsa",
    "name": "Picante Traditional Mexican Style Salsa 170g",
    "image_url": "https://cdn1.woolworths.media/content/wowproductimages/large/947974.jpg",
    "source_id": "Woolworths - 947974",
    "barcode": "9344808001090",
    "shop": "Woolworths",
    "weight": "100G",
    "prices": [
      {
        "state": "NSW",
        "price": "350",
        "price_per_unit": "206",
        "price_unit": "G"
      },
      {
        "state": "NSW",
        "price": "350",
        "price_per_unit": "206",
        "price_unit": "G"
      },
      {
        "state": "QLD",
        "price": "350",
        "price_per_unit": "206",
        "price_unit": "G"
      },
      {
        "state": "QLD",
        "price": "350",
        "price_per_unit": "206",
        "price_unit": "G"
      },
      {
        "state": "WA",
        "price": "350",
        "price_per_unit": "206",
        "price_unit": "G"
      },
      {
        "state": "WA",
        "price": "350",
        "price_per_unit": "206",
        "price_unit": "G"
      },
      {
        "state": "SA",
        "price": "350",
        "price_per_unit": "206",
        "price_unit": "G"
      },
      {
        "state": "SA",
        "price": "350",
        "price_per_unit": "206",
        "price_unit": "G"
      },
      {
        "state": "TAS",
        "price": "350",
        "price_per_unit": "206",
        "price_unit": "G"
      },
      {
        "state": "TAS",
        "price": "350",
        "price_per_unit": "206",
        "price_unit": "G"
      },
      {
        "state": "ACT",
        "price": "350",
        "price_per_unit": "206",
        "price_unit": "G"
      },
      {
        "state": "ACT",
        "price": "350",
        "price_per_unit": "206",
        "price_unit": "G"
      }
    ]
  },
  {
    "source_url": "https://www.woolworths.com.au/shop/productdetails/12507/pilpel-chilli-lemon-hommus",
    "name": "Pilpel Chilli Lemon Hommus 330g",
    "image_url": "https://cdn1.woolworths.media/content/wowproductimages/large/012507.jpg",
    "source_id": "Woolworths - 12507",
    "barcode": "9335068001937",
    "shop": "Woolworths",
    "weight": "100G",
    "prices": [
      {
        "state": "NSW",
        "price": "550",
        "price_per_unit": "167",
        "price_unit": "G"
      },
      {
        "state": "NSW",
        "price": "550",
        "price_per_unit": "167",
        "price_unit": "G"
      },
      {
        "state": "VIC",
        "price": "550",
        "price_per_unit": "167",
        "price_unit": "G"
      },
      {
        "state": "VIC",
        "price": "550",
        "price_per_unit": "167",
        "price_unit": "G"
      },
      {
        "state": "WA",
        "price": "550",
        "price_per_unit": "167",
        "price_unit": "G"
      },
      {
        "state": "WA",
        "price": "550",
        "price_per_unit": "167",
        "price_unit": "G"
      },
      {
        "state": "SA",
        "price": "550",
        "price_per_unit": "167",
        "price_unit": "G"
      },
      {
        "state": "SA",
        "price": "550",
        "price_per_unit": "167",
        "price_unit": "G"
      },
      {
        "state": "TAS",
        "price": "550",
        "price_per_unit": "167",
        "price_unit": "G"
      },
      {
        "state": "TAS",
        "price": "550",
        "price_per_unit": "167",
        "price_unit": "G"
      },
      {
        "state": "ACT",
        "price": "550",
        "price_per_unit": "167",
        "price_unit": "G"
      },
      {
        "state": "ACT",
        "price": "550",
        "price_per_unit": "167",
        "price_unit": "G"
      }
    ]
  },
  {
    "source_url": "https://www.woolworths.com.au/shop/productdetails/299265/pilpel-dip-hummous",
    "name": "Pilpel Dip Hummous 350g",
    "image_url": "https://cdn1.woolworths.media/content/wowproductimages/large/299265.jpg",
    "source_id": "Woolworths - 299265",
    "barcode": "9335068001951",
    "shop": "Woolworths",
    "weight": "100G",
    "prices": [
      {
        "state": "NSW",
        "price": "550",
        "price_per_unit": "157",
        "price_unit": "G"
      },
      {
        "state": "NSW",
        "price": "550",
        "price_per_unit": "157",
        "price_unit": "G"
      },
      {
        "state": "VIC",
        "price": "550",
        "price_per_unit": "157",
        "price_unit": "G"
      },
      {
        "state": "VIC",
        "price": "550",
        "price_per_unit": "157",
        "price_unit": "G"
      },
      {
        "state": "QLD",
        "price": "550",
        "price_per_unit": "157",
        "price_unit": "G"
      },
      {
        "state": "QLD",
        "price": "550",
        "price_per_unit": "157",
        "price_unit": "G"
      },
      {
        "state": "WA",
        "price": "550",
        "price_per_unit": "157",
        "price_unit": "G"
      },
      {
        "state": "WA",
        "price": "550",
        "price_per_unit": "157",
        "price_unit": "G"
      },
      {
        "state": "SA",
        "price": "550",
        "price_per_unit": "157",
        "price_unit": "G"
      },
      {
        "state": "SA",
        "price": "550",
        "price_per_unit": "157",
        "price_unit": "G"
      },
      {
        "state": "ACT",
        "price": "550",
        "price_per_unit": "157",
        "price_unit": "G"
      },
      {
        "state": "ACT",
        "price": "550",
        "price_per_unit": "157",
        "price_unit": "G"
      },
      {
        "state": "NT",
        "price": "550",
        "price_per_unit": "157",
        "price_unit": "G"
      },
      {
        "state": "NT",
        "price": "550",
        "price_per_unit": "157",
        "price_unit": "G"
      }
    ]
  },
  {
    "source_url": "https://www.woolworths.com.au/shop/productdetails/936399/pilpel-harissa-hummous",
    "name": "Pilpel Harissa Hummous 200g",
    "image_url": "https://cdn1.woolworths.media/content/wowproductimages/large/936399.jpg",
    "source_id": "Woolworths - 936399",
    "barcode": "9335068001432",
    "shop": "Woolworths",
    "weight": "100G",
    "prices": [
      {
        "state": "VIC",
        "price": "500",
        "price_per_unit": "250",
        "price_unit": "G"
      },
      {
        "state": "VIC",
        "price": "500",
        "price_per_unit": "250",
        "price_unit": "G"
      },
      {
        "state": "QLD",
        "price": "500",
        "price_per_unit": "250",
        "price_unit": "G"
      },
      {
        "state": "QLD",
        "price": "500",
        "price_per_unit": "250",
        "price_unit": "G"
      }
    ]
  },
  {
    "source_url": "https://www.woolworths.com.au/shop/productdetails/722151/pilpel-hummus",
    "name": "Pilpel Hummus 200g",
    "image_url": "https://cdn1.woolworths.media/content/wowproductimages/large/722151.jpg",
    "source_id": "Woolworths - 722151",
    "barcode": "9335068001678",
    "shop": "Woolworths",
    "weight": "100G",
    "prices": [
      {
        "state": "VIC",
        "price": "450",
        "price_per_unit": "225",
        "price_unit": "G"
      },
      {
        "state": "VIC",
        "price": "450",
        "price_per_unit": "225",
        "price_unit": "G"
      },
      {
        "state": "QLD",
        "price": "450",
        "price_per_unit": "225",
        "price_unit": "G"
      },
      {
        "state": "QLD",
        "price": "450",
        "price_per_unit": "225",
        "price_unit": "G"
      }
    ]
  },
  {
    "source_url": "https://www.woolworths.com.au/shop/productdetails/939179/pilpel-pine-nut-hummous",
    "name": "Pilpel Pine Nut Hummous 200g",
    "image_url": "https://cdn1.woolworths.media/content/wowproductimages/large/939179.jpg",
    "source_id": "Woolworths - 939179",
    "barcode": "9335068001425",
    "shop": "Woolworths",
    "weight": "100G",
    "prices": [
      {
        "state": "VIC",
        "price": "500",
        "price_per_unit": "250",
        "price_unit": "G"
      },
      {
        "state": "VIC",
        "price": "500",
        "price_per_unit": "250",
        "price_unit": "G"
      },
      {
        "state": "QLD",
        "price": "500",
        "price_per_unit": "250",
        "price_unit": "G"
      },
      {
        "state": "QLD",
        "price": "500",
        "price_per_unit": "250",
        "price_unit": "G"
      }
    ]
  },
  {
    "source_url": "https://www.woolworths.com.au/shop/productdetails/605216/pilpel-taramosalata-dip",
    "name": "Pilpel Taramosalata Dip 180g",
    "image_url": "https://cdn1.woolworths.media/content/wowproductimages/large/605216.jpg",
    "source_id": "Woolworths - 605216",
    "barcode": "9335068001791",
    "shop": "Woolworths",
    "weight": "100G",
    "prices": [
      {
        "state": "VIC",
        "price": "500",
        "price_per_unit": "278",
        "price_unit": "G"
      },
      {
        "state": "VIC",
        "price": "500",
        "price_per_unit": "278",
        "price_unit": "G"
      }
    ]
  },
  {
    "source_url": "https://www.woolworths.com.au/shop/productdetails/387034/red-rock-deli-balsamic-beetroot-fetta-cashews-dip",
    "name": "Red Rock Deli Balsamic Beetroot, Fetta & Cashews Dip 135g",
    "image_url": "https://cdn1.woolworths.media/content/wowproductimages/large/387034.jpg",
    "source_id": "Woolworths - 387034",
    "barcode": "93572521",
    "shop": "Woolworths",
    "weight": "100G",
    "prices": [
      {
        "state": "NSW",
        "price": "350",
        "price_per_unit": "259",
        "price_unit": "G"
      },
      {
        "state": "NSW",
        "price": "350",
        "price_per_unit": "259",
        "price_unit": "G"
      },
      {
        "state": "VIC",
        "price": "350",
        "price_per_unit": "259",
        "price_unit": "G"
      },
      {
        "state": "VIC",
        "price": "350",
        "price_per_unit": "259",
        "price_unit": "G"
      },
      {
        "state": "QLD",
        "price": "350",
        "price_per_unit": "259",
        "price_unit": "G"
      },
      {
        "state": "QLD",
        "price": "350",
        "price_per_unit": "259",
        "price_unit": "G"
      },
      {
        "state": "WA",
        "price": "350",
        "price_per_unit": "259",
        "price_unit": "G"
      },
      {
        "state": "WA",
        "price": "350",
        "price_per_unit": "259",
        "price_unit": "G"
      },
      {
        "state": "SA",
        "price": "350",
        "price_per_unit": "259",
        "price_unit": "G"
      },
      {
        "state": "SA",
        "price": "350",
        "price_per_unit": "259",
        "price_unit": "G"
      },
      {
        "state": "TAS",
        "price": "350",
        "price_per_unit": "259",
        "price_unit": "G"
      },
      {
        "state": "TAS",
        "price": "350",
        "price_per_unit": "259",
        "price_unit": "G"
      },
      {
        "state": "ACT",
        "price": "350",
        "price_per_unit": "259",
        "price_unit": "G"
      },
      {
        "state": "ACT",
        "price": "350",
        "price_per_unit": "259",
        "price_unit": "G"
      }
    ]
  },
  {
    "source_url": "https://www.woolworths.com.au/shop/productdetails/387163/red-rock-deli-basil-pesto-pecorino-cashews",
    "name": "Red Rock Deli Basil Pesto, Pecorino & Cashews 135g",
    "image_url": "https://cdn1.woolworths.media/content/wowproductimages/large/387163.jpg",
    "source_id": "Woolworths - 387163",
    "barcode": "93572507",
    "shop": "Woolworths",
    "weight": "100G",
    "prices": [
      {
        "state": "NSW",
        "price": "350",
        "price_per_unit": "259",
        "price_unit": "G"
      },
      {
        "state": "NSW",
        "price": "350",
        "price_per_unit": "259",
        "price_unit": "G"
      },
      {
        "state": "VIC",
        "price": "350",
        "price_per_unit": "259",
        "price_unit": "G"
      },
      {
        "state": "VIC",
        "price": "350",
        "price_per_unit": "259",
        "price_unit": "G"
      },
      {
        "state": "QLD",
        "price": "350",
        "price_per_unit": "259",
        "price_unit": "G"
      },
      {
        "state": "QLD",
        "price": "350",
        "price_per_unit": "259",
        "price_unit": "G"
      },
      {
        "state": "WA",
        "price": "350",
        "price_per_unit": "259",
        "price_unit": "G"
      },
      {
        "state": "WA",
        "price": "350",
        "price_per_unit": "259",
        "price_unit": "G"
      },
      {
        "state": "SA",
        "price": "350",
        "price_per_unit": "259",
        "price_unit": "G"
      },
      {
        "state": "SA",
        "price": "350",
        "price_per_unit": "259",
        "price_unit": "G"
      },
      {
        "state": "TAS",
        "price": "350",
        "price_per_unit": "259",
        "price_unit": "G"
      },
      {
        "state": "TAS",
        "price": "350",
        "price_per_unit": "259",
        "price_unit": "G"
      },
      {
        "state": "ACT",
        "price": "350",
        "price_per_unit": "259",
        "price_unit": "G"
      },
      {
        "state": "ACT",
        "price": "350",
        "price_per_unit": "259",
        "price_unit": "G"
      },
      {
        "state": "NT",
        "price": "350",
        "price_per_unit": "259",
        "price_unit": "G"
      },
      {
        "state": "NT",
        "price": "350",
        "price_per_unit": "259",
        "price_unit": "G"
      }
    ]
  },
  {
    "source_url": "https://www.woolworths.com.au/shop/productdetails/927498/red-rock-deli-buffalo-sauce-creamy-ranch-dip",
    "name": "Red Rock Deli Buffalo Sauce & Creamy Ranch Dip 190g",
    "image_url": "https://cdn1.woolworths.media/content/wowproductimages/large/927498.jpg",
    "source_id": "Woolworths - 927498",
    "barcode": "93575157",
    "shop": "Woolworths",
    "weight": "100G",
    "prices": [
      {
        "state": "NSW",
        "price": "370",
        "price_per_unit": "195",
        "price_unit": "G"
      },
      {
        "state": "NSW",
        "price": "370",
        "price_per_unit": "195",
        "price_unit": "G"
      },
      {
        "state": "VIC",
        "price": "370",
        "price_per_unit": "195",
        "price_unit": "G"
      },
      {
        "state": "VIC",
        "price": "370",
        "price_per_unit": "195",
        "price_unit": "G"
      },
      {
        "state": "WA",
        "price": "370",
        "price_per_unit": "195",
        "price_unit": "G"
      },
      {
        "state": "WA",
        "price": "370",
        "price_per_unit": "195",
        "price_unit": "G"
      },
      {
        "state": "SA",
        "price": "370",
        "price_per_unit": "195",
        "price_unit": "G"
      },
      {
        "state": "SA",
        "price": "370",
        "price_per_unit": "195",
        "price_unit": "G"
      },
      {
        "state": "TAS",
        "price": "370",
        "price_per_unit": "195",
        "price_unit": "G"
      },
      {
        "state": "TAS",
        "price": "370",
        "price_per_unit": "195",
        "price_unit": "G"
      },
      {
        "state": "ACT",
        "price": "370",
        "price_per_unit": "195",
        "price_unit": "G"
      },
      {
        "state": "ACT",
        "price": "370",
        "price_per_unit": "195",
        "price_unit": "G"
      }
    ]
  },
  {
    "source_url": "https://www.woolworths.com.au/shop/productdetails/176569/red-rock-deli-classics-caramelised-french-onion",
    "name": "Red Rock Deli Classics Caramelised French Onion 190g",
    "image_url": "https://cdn1.woolworths.media/content/wowproductimages/large/176569.jpg",
    "source_id": "Woolworths - 176569",
    "barcode": "93565875",
    "shop": "Woolworths",
    "weight": "100G",
    "prices": [
      {
        "state": "NSW",
        "price": "370",
        "price_per_unit": "195",
        "price_unit": "G"
      },
      {
        "state": "NSW",
        "price": "370",
        "price_per_unit": "195",
        "price_unit": "G"
      },
      {
        "state": "VIC",
        "price": "370",
        "price_per_unit": "195",
        "price_unit": "G"
      },
      {
        "state": "VIC",
        "price": "370",
        "price_per_unit": "195",
        "price_unit": "G"
      },
      {
        "state": "QLD",
        "price": "370",
        "price_per_unit": "195",
        "price_unit": "G"
      },
      {
        "state": "QLD",
        "price": "370",
        "price_per_unit": "195",
        "price_unit": "G"
      },
      {
        "state": "WA",
        "price": "370",
        "price_per_unit": "195",
        "price_unit": "G"
      },
      {
        "state": "WA",
        "price": "370",
        "price_per_unit": "195",
        "price_unit": "G"
      },
      {
        "state": "SA",
        "price": "370",
        "price_per_unit": "195",
        "price_unit": "G"
      },
      {
        "state": "SA",
        "price": "370",
        "price_per_unit": "195",
        "price_unit": "G"
      },
      {
        "state": "TAS",
        "price": "370",
        "price_per_unit": "195",
        "price_unit": "G"
      },
      {
        "state": "TAS",
        "price": "370",
        "price_per_unit": "195",
        "price_unit": "G"
      },
      {
        "state": "ACT",
        "price": "370",
        "price_per_unit": "195",
        "price_unit": "G"
      },
      {
        "state": "ACT",
        "price": "370",
        "price_per_unit": "195",
        "price_unit": "G"
      }
    ]
  },
  {
    "source_url": "https://www.woolworths.com.au/shop/productdetails/238729/red-rock-deli-classics-cheesy-spinach-garlic-cob-dip",
    "name": "Red Rock Deli Classics Cheesy Spinach & Garlic Cob Dip 190g",
    "image_url": "https://cdn1.woolworths.media/content/wowproductimages/large/238729.jpg",
    "source_id": "Woolworths - 238729",
    "barcode": "93569088",
    "shop": "Woolworths",
    "weight": "100G",
    "prices": [
      {
        "state": "NSW",
        "price": "370",
        "price_per_unit": "195",
        "price_unit": "G"
      },
      {
        "state": "NSW",
        "price": "370",
        "price_per_unit": "195",
        "price_unit": "G"
      },
      {
        "state": "VIC",
        "price": "370",
        "price_per_unit": "195",
        "price_unit": "G"
      },
      {
        "state": "VIC",
        "price": "370",
        "price_per_unit": "195",
        "price_unit": "G"
      },
      {
        "state": "WA",
        "price": "370",
        "price_per_unit": "195",
        "price_unit": "G"
      },
      {
        "state": "WA",
        "price": "370",
        "price_per_unit": "195",
        "price_unit": "G"
      },
      {
        "state": "SA",
        "price": "370",
        "price_per_unit": "195",
        "price_unit": "G"
      },
      {
        "state": "SA",
        "price": "370",
        "price_per_unit": "195",
        "price_unit": "G"
      },
      {
        "state": "TAS",
        "price": "370",
        "price_per_unit": "195",
        "price_unit": "G"
      },
      {
        "state": "TAS",
        "price": "370",
        "price_per_unit": "195",
        "price_unit": "G"
      },
      {
        "state": "ACT",
        "price": "370",
        "price_per_unit": "195",
        "price_unit": "G"
      },
      {
        "state": "ACT",
        "price": "370",
        "price_per_unit": "195",
        "price_unit": "G"
      }
    ]
  },
  {
    "source_url": "https://www.woolworths.com.au/shop/productdetails/175839/red-rock-deli-classics-sour-cream-chives",
    "name": "Red Rock Deli Classics Sour Cream & Chives 190g",
    "image_url": "https://cdn1.woolworths.media/content/wowproductimages/large/175839.jpg",
    "source_id": "Woolworths - 175839",
    "barcode": "93565899",
    "shop": "Woolworths",
    "weight": "100G",
    "prices": [
      {
        "state": "NSW",
        "price": "370",
        "price_per_unit": "195",
        "price_unit": "G"
      },
      {
        "state": "NSW",
        "price": "370",
        "price_per_unit": "195",
        "price_unit": "G"
      },
      {
        "state": "VIC",
        "price": "370",
        "price_per_unit": "195",
        "price_unit": "G"
      },
      {
        "state": "VIC",
        "price": "370",
        "price_per_unit": "195",
        "price_unit": "G"
      },
      {
        "state": "WA",
        "price": "370",
        "price_per_unit": "195",
        "price_unit": "G"
      },
      {
        "state": "WA",
        "price": "370",
        "price_per_unit": "195",
        "price_unit": "G"
      },
      {
        "state": "TAS",
        "price": "370",
        "price_per_unit": "195",
        "price_unit": "G"
      },
      {
        "state": "TAS",
        "price": "370",
        "price_per_unit": "195",
        "price_unit": "G"
      },
      {
        "state": "ACT",
        "price": "370",
        "price_per_unit": "195",
        "price_unit": "G"
      },
      {
        "state": "ACT",
        "price": "370",
        "price_per_unit": "195",
        "price_unit": "G"
      }
    ]
  },
  {
    "source_url": "https://www.woolworths.com.au/shop/productdetails/176969/red-rock-deli-classics-sweet-chilli-sour-cream",
    "name": "Red Rock Deli Classics Sweet Chilli & Sour Cream 190g",
    "image_url": "https://cdn1.woolworths.media/content/wowproductimages/large/176969.jpg",
    "source_id": "Woolworths - 176969",
    "barcode": "93565882",
    "shop": "Woolworths",
    "weight": "100G",
    "prices": [
      {
        "state": "NSW",
        "price": "370",
        "price_per_unit": "195",
        "price_unit": "G"
      },
      {
        "state": "NSW",
        "price": "370",
        "price_per_unit": "195",
        "price_unit": "G"
      },
      {
        "state": "VIC",
        "price": "370",
        "price_per_unit": "195",
        "price_unit": "G"
      },
      {
        "state": "VIC",
        "price": "370",
        "price_per_unit": "195",
        "price_unit": "G"
      },
      {
        "state": "WA",
        "price": "370",
        "price_per_unit": "195",
        "price_unit": "G"
      },
      {
        "state": "WA",
        "price": "370",
        "price_per_unit": "195",
        "price_unit": "G"
      },
      {
        "state": "SA",
        "price": "370",
        "price_per_unit": "195",
        "price_unit": "G"
      },
      {
        "state": "SA",
        "price": "370",
        "price_per_unit": "195",
        "price_unit": "G"
      },
      {
        "state": "TAS",
        "price": "370",
        "price_per_unit": "195",
        "price_unit": "G"
      },
      {
        "state": "TAS",
        "price": "370",
        "price_per_unit": "195",
        "price_unit": "G"
      },
      {
        "state": "ACT",
        "price": "370",
        "price_per_unit": "195",
        "price_unit": "G"
      },
      {
        "state": "ACT",
        "price": "370",
        "price_per_unit": "195",
        "price_unit": "G"
      }
    ]
  },
  {
    "source_url": "https://www.woolworths.com.au/shop/productdetails/926624/red-rock-deli-roasted-garlic-chipotle-salsa",
    "name": "Red Rock Deli Roasted Garlic & Chipotle Salsa 135g",
    "image_url": "https://cdn1.woolworths.media/content/wowproductimages/large/926624.jpg",
    "source_id": "Woolworths - 926624",
    "barcode": "93575164",
    "shop": "Woolworths",
    "weight": "100G",
    "prices": [
      {
        "state": "NSW",
        "price": "350",
        "price_per_unit": "259",
        "price_unit": "G"
      },
      {
        "state": "NSW",
        "price": "350",
        "price_per_unit": "259",
        "price_unit": "G"
      },
      {
        "state": "VIC",
        "price": "350",
        "price_per_unit": "259",
        "price_unit": "G"
      },
      {
        "state": "VIC",
        "price": "350",
        "price_per_unit": "259",
        "price_unit": "G"
      },
      {
        "state": "QLD",
        "price": "350",
        "price_per_unit": "259",
        "price_unit": "G"
      },
      {
        "state": "QLD",
        "price": "350",
        "price_per_unit": "259",
        "price_unit": "G"
      },
      {
        "state": "WA",
        "price": "350",
        "price_per_unit": "259",
        "price_unit": "G"
      },
      {
        "state": "WA",
        "price": "350",
        "price_per_unit": "259",
        "price_unit": "G"
      },
      {
        "state": "SA",
        "price": "350",
        "price_per_unit": "259",
        "price_unit": "G"
      },
      {
        "state": "SA",
        "price": "350",
        "price_per_unit": "259",
        "price_unit": "G"
      },
      {
        "state": "ACT",
        "price": "350",
        "price_per_unit": "259",
        "price_unit": "G"
      },
      {
        "state": "ACT",
        "price": "350",
        "price_per_unit": "259",
        "price_unit": "G"
      }
    ]
  },
  {
    "source_url": "https://www.woolworths.com.au/shop/productdetails/387036/red-rock-deli-roasted-pumpkin-caramelised-onion-cashews",
    "name": "Red Rock Deli Roasted Pumpkin, Caramelised Onion & Cashews 135g",
    "image_url": "https://cdn1.woolworths.media/content/wowproductimages/large/387036.jpg",
    "source_id": "Woolworths - 387036",
    "barcode": "93572538",
    "shop": "Woolworths",
    "weight": "100G",
    "prices": [
      {
        "state": "NSW",
        "price": "350",
        "price_per_unit": "259",
        "price_unit": "G"
      },
      {
        "state": "NSW",
        "price": "350",
        "price_per_unit": "259",
        "price_unit": "G"
      },
      {
        "state": "VIC",
        "price": "350",
        "price_per_unit": "259",
        "price_unit": "G"
      },
      {
        "state": "VIC",
        "price": "350",
        "price_per_unit": "259",
        "price_unit": "G"
      },
      {
        "state": "QLD",
        "price": "350",
        "price_per_unit": "259",
        "price_unit": "G"
      },
      {
        "state": "QLD",
        "price": "350",
        "price_per_unit": "259",
        "price_unit": "G"
      },
      {
        "state": "WA",
        "price": "350",
        "price_per_unit": "259",
        "price_unit": "G"
      },
      {
        "state": "WA",
        "price": "350",
        "price_per_unit": "259",
        "price_unit": "G"
      },
      {
        "state": "SA",
        "price": "350",
        "price_per_unit": "259",
        "price_unit": "G"
      },
      {
        "state": "SA",
        "price": "350",
        "price_per_unit": "259",
        "price_unit": "G"
      },
      {
        "state": "TAS",
        "price": "350",
        "price_per_unit": "259",
        "price_unit": "G"
      },
      {
        "state": "TAS",
        "price": "350",
        "price_per_unit": "259",
        "price_unit": "G"
      },
      {
        "state": "ACT",
        "price": "350",
        "price_per_unit": "259",
        "price_unit": "G"
      },
      {
        "state": "ACT",
        "price": "350",
        "price_per_unit": "259",
        "price_unit": "G"
      },
      {
        "state": "NT",
        "price": "350",
        "price_per_unit": "259",
        "price_unit": "G"
      },
      {
        "state": "NT",
        "price": "350",
        "price_per_unit": "259",
        "price_unit": "G"
      }
    ]
  },
  {
    "source_url": "https://www.woolworths.com.au/shop/productdetails/387035/red-rock-deli-roasted-red-capsicum-pecorino-cashews-basil",
    "name": "Red Rock Deli Roasted Red Capsicum, Pecorino, Cashews & Basil 135g",
    "image_url": "https://cdn1.woolworths.media/content/wowproductimages/large/387035.jpg",
    "source_id": "Woolworths - 387035",
    "barcode": "93572514",
    "shop": "Woolworths",
    "weight": "100G",
    "prices": [
      {
        "state": "NSW",
        "price": "350",
        "price_per_unit": "259",
        "price_unit": "G"
      },
      {
        "state": "NSW",
        "price": "350",
        "price_per_unit": "259",
        "price_unit": "G"
      },
      {
        "state": "VIC",
        "price": "350",
        "price_per_unit": "259",
        "price_unit": "G"
      },
      {
        "state": "VIC",
        "price": "350",
        "price_per_unit": "259",
        "price_unit": "G"
      },
      {
        "state": "WA",
        "price": "350",
        "price_per_unit": "259",
        "price_unit": "G"
      },
      {
        "state": "WA",
        "price": "350",
        "price_per_unit": "259",
        "price_unit": "G"
      },
      {
        "state": "SA",
        "price": "350",
        "price_per_unit": "259",
        "price_unit": "G"
      },
      {
        "state": "SA",
        "price": "350",
        "price_per_unit": "259",
        "price_unit": "G"
      }
    ]
  },
  {
    "source_url": "https://www.woolworths.com.au/shop/productdetails/387494/red-rock-deli-roasted-sweet-potato-smoked-paprika-cashews",
    "name": "Red Rock Deli Roasted Sweet Potato, Smoked Paprika & Cashews 135g",
    "image_url": "https://cdn1.woolworths.media/content/wowproductimages/large/387494.jpg",
    "source_id": "Woolworths - 387494",
    "barcode": "93569989",
    "shop": "Woolworths",
    "weight": "100G",
    "prices": [
      {
        "state": "NSW",
        "price": "350",
        "price_per_unit": "259",
        "price_unit": "G"
      },
      {
        "state": "NSW",
        "price": "350",
        "price_per_unit": "259",
        "price_unit": "G"
      },
      {
        "state": "VIC",
        "price": "350",
        "price_per_unit": "259",
        "price_unit": "G"
      },
      {
        "state": "VIC",
        "price": "350",
        "price_per_unit": "259",
        "price_unit": "G"
      },
      {
        "state": "QLD",
        "price": "350",
        "price_per_unit": "259",
        "price_unit": "G"
      },
      {
        "state": "QLD",
        "price": "350",
        "price_per_unit": "259",
        "price_unit": "G"
      },
      {
        "state": "WA",
        "price": "350",
        "price_per_unit": "259",
        "price_unit": "G"
      },
      {
        "state": "WA",
        "price": "350",
        "price_per_unit": "259",
        "price_unit": "G"
      },
      {
        "state": "SA",
        "price": "350",
        "price_per_unit": "259",
        "price_unit": "G"
      },
      {
        "state": "SA",
        "price": "350",
        "price_per_unit": "259",
        "price_unit": "G"
      },
      {
        "state": "ACT",
        "price": "350",
        "price_per_unit": "259",
        "price_unit": "G"
      },
      {
        "state": "ACT",
        "price": "350",
        "price_per_unit": "259",
        "price_unit": "G"
      },
      {
        "state": "NT",
        "price": "350",
        "price_per_unit": "259",
        "price_unit": "G"
      },
      {
        "state": "NT",
        "price": "350",
        "price_per_unit": "259",
        "price_unit": "G"
      }
    ]
  },
  {
    "source_url": "https://www.woolworths.com.au/shop/productdetails/386963/red-rock-deli-roasted-tomato-feta-basil-cashews",
    "name": "Red Rock Deli Roasted Tomato, Feta, Basil & Cashews 135g",
    "image_url": "https://cdn1.woolworths.media/content/wowproductimages/large/386963.jpg",
    "source_id": "Woolworths - 386963",
    "barcode": "93572552",
    "shop": "Woolworths",
    "weight": "100G",
    "prices": [
      {
        "state": "NSW",
        "price": "350",
        "price_per_unit": "259",
        "price_unit": "G"
      },
      {
        "state": "NSW",
        "price": "350",
        "price_per_unit": "259",
        "price_unit": "G"
      },
      {
        "state": "VIC",
        "price": "350",
        "price_per_unit": "259",
        "price_unit": "G"
      },
      {
        "state": "VIC",
        "price": "350",
        "price_per_unit": "259",
        "price_unit": "G"
      },
      {
        "state": "QLD",
        "price": "350",
        "price_per_unit": "259",
        "price_unit": "G"
      },
      {
        "state": "QLD",
        "price": "350",
        "price_per_unit": "259",
        "price_unit": "G"
      },
      {
        "state": "WA",
        "price": "350",
        "price_per_unit": "259",
        "price_unit": "G"
      },
      {
        "state": "WA",
        "price": "350",
        "price_per_unit": "259",
        "price_unit": "G"
      },
      {
        "state": "SA",
        "price": "350",
        "price_per_unit": "259",
        "price_unit": "G"
      },
      {
        "state": "SA",
        "price": "350",
        "price_per_unit": "259",
        "price_unit": "G"
      },
      {
        "state": "TAS",
        "price": "350",
        "price_per_unit": "259",
        "price_unit": "G"
      },
      {
        "state": "TAS",
        "price": "350",
        "price_per_unit": "259",
        "price_unit": "G"
      },
      {
        "state": "ACT",
        "price": "350",
        "price_per_unit": "259",
        "price_unit": "G"
      },
      {
        "state": "ACT",
        "price": "350",
        "price_per_unit": "259",
        "price_unit": "G"
      }
    ]
  },
  {
    "source_url": "https://www.woolworths.com.au/shop/productdetails/387242/red-rock-deli-thai-chilli-lime-cashews-lime-cashews",
    "name": "Red Rock Deli Thai Chilli, Lime & Cashews Lime & Cashews 135g",
    "image_url": "https://cdn1.woolworths.media/content/wowproductimages/large/387242.jpg",
    "source_id": "Woolworths - 387242",
    "barcode": "93572545",
    "shop": "Woolworths",
    "weight": "100G",
    "prices": [
      {
        "state": "NSW",
        "price": "350",
        "price_per_unit": "259",
        "price_unit": "G"
      },
      {
        "state": "NSW",
        "price": "350",
        "price_per_unit": "259",
        "price_unit": "G"
      },
      {
        "state": "VIC",
        "price": "350",
        "price_per_unit": "259",
        "price_unit": "G"
      },
      {
        "state": "VIC",
        "price": "350",
        "price_per_unit": "259",
        "price_unit": "G"
      },
      {
        "state": "WA",
        "price": "350",
        "price_per_unit": "259",
        "price_unit": "G"
      },
      {
        "state": "WA",
        "price": "350",
        "price_per_unit": "259",
        "price_unit": "G"
      },
      {
        "state": "SA",
        "price": "350",
        "price_per_unit": "259",
        "price_unit": "G"
      },
      {
        "state": "SA",
        "price": "350",
        "price_per_unit": "259",
        "price_unit": "G"
      },
      {
        "state": "TAS",
        "price": "350",
        "price_per_unit": "259",
        "price_unit": "G"
      },
      {
        "state": "TAS",
        "price": "350",
        "price_per_unit": "259",
        "price_unit": "G"
      }
    ]
  },
  {
    "source_url": "https://www.woolworths.com.au/shop/productdetails/239408/simply-delish-beetroot-with-cashews-parmesan-dip",
    "name": "Simply Delish Beetroot with Cashews & Parmesan Dip 150g",
    "image_url": "https://cdn1.woolworths.media/content/wowproductimages/large/239408.jpg",
    "source_id": "Woolworths - 239408",
    "barcode": "9344808001380",
    "shop": "Woolworths",
    "weight": "100G",
    "prices": [
      {
        "state": "NSW",
        "price": "360",
        "price_per_unit": "240",
        "price_unit": "G"
      },
      {
        "state": "NSW",
        "price": "360",
        "price_per_unit": "240",
        "price_unit": "G"
      },
      {
        "state": "VIC",
        "price": "360",
        "price_per_unit": "240",
        "price_unit": "G"
      },
      {
        "state": "VIC",
        "price": "360",
        "price_per_unit": "240",
        "price_unit": "G"
      },
      {
        "state": "WA",
        "price": "360",
        "price_per_unit": "240",
        "price_unit": "G"
      },
      {
        "state": "WA",
        "price": "360",
        "price_per_unit": "240",
        "price_unit": "G"
      },
      {
        "state": "SA",
        "price": "360",
        "price_per_unit": "240",
        "price_unit": "G"
      },
      {
        "state": "SA",
        "price": "360",
        "price_per_unit": "240",
        "price_unit": "G"
      },
      {
        "state": "TAS",
        "price": "360",
        "price_per_unit": "240",
        "price_unit": "G"
      },
      {
        "state": "TAS",
        "price": "360",
        "price_per_unit": "240",
        "price_unit": "G"
      },
      {
        "state": "ACT",
        "price": "360",
        "price_per_unit": "240",
        "price_unit": "G"
      },
      {
        "state": "ACT",
        "price": "360",
        "price_per_unit": "240",
        "price_unit": "G"
      }
    ]
  },
  {
    "source_url": "https://www.woolworths.com.au/shop/productdetails/239175/simply-delish-chunky-dip-fresh-basil-with-cashews-parmesan",
    "name": "Simply Delish Chunky Dip Fresh Basil With Cashews & Parmesan 150g",
    "image_url": "https://cdn1.woolworths.media/content/wowproductimages/large/239175.jpg",
    "source_id": "Woolworths - 239175",
    "barcode": "9344808001373",
    "shop": "Woolworths",
    "weight": "100G",
    "prices": [
      {
        "state": "NSW",
        "price": "360",
        "price_per_unit": "240",
        "price_unit": "G"
      },
      {
        "state": "NSW",
        "price": "360",
        "price_per_unit": "240",
        "price_unit": "G"
      },
      {
        "state": "VIC",
        "price": "360",
        "price_per_unit": "240",
        "price_unit": "G"
      },
      {
        "state": "VIC",
        "price": "360",
        "price_per_unit": "240",
        "price_unit": "G"
      },
      {
        "state": "QLD",
        "price": "360",
        "price_per_unit": "240",
        "price_unit": "G"
      },
      {
        "state": "QLD",
        "price": "360",
        "price_per_unit": "240",
        "price_unit": "G"
      },
      {
        "state": "WA",
        "price": "360",
        "price_per_unit": "240",
        "price_unit": "G"
      },
      {
        "state": "WA",
        "price": "360",
        "price_per_unit": "240",
        "price_unit": "G"
      },
      {
        "state": "SA",
        "price": "360",
        "price_per_unit": "240",
        "price_unit": "G"
      },
      {
        "state": "SA",
        "price": "360",
        "price_per_unit": "240",
        "price_unit": "G"
      },
      {
        "state": "TAS",
        "price": "360",
        "price_per_unit": "240",
        "price_unit": "G"
      },
      {
        "state": "TAS",
        "price": "360",
        "price_per_unit": "240",
        "price_unit": "G"
      },
      {
        "state": "ACT",
        "price": "360",
        "price_per_unit": "240",
        "price_unit": "G"
      },
      {
        "state": "ACT",
        "price": "360",
        "price_per_unit": "240",
        "price_unit": "G"
      }
    ]
  },
  {
    "source_url": "https://www.woolworths.com.au/shop/productdetails/239027/simply-delish-chunky-dip-sundried-tomato-capsicum-cashew",
    "name": "Simply Delish Chunky Dip Sundried Tomato, Capsicum & Cashew 150g",
    "image_url": "https://cdn1.woolworths.media/content/wowproductimages/large/239027.jpg",
    "source_id": "Woolworths - 239027",
    "barcode": "9344808001397",
    "shop": "Woolworths",
    "weight": "100G",
    "prices": [
      {
        "state": "NSW",
        "price": "360",
        "price_per_unit": "240",
        "price_unit": "G"
      },
      {
        "state": "NSW",
        "price": "360",
        "price_per_unit": "240",
        "price_unit": "G"
      },
      {
        "state": "VIC",
        "price": "360",
        "price_per_unit": "240",
        "price_unit": "G"
      },
      {
        "state": "VIC",
        "price": "360",
        "price_per_unit": "240",
        "price_unit": "G"
      },
      {
        "state": "QLD",
        "price": "360",
        "price_per_unit": "240",
        "price_unit": "G"
      },
      {
        "state": "QLD",
        "price": "360",
        "price_per_unit": "240",
        "price_unit": "G"
      },
      {
        "state": "WA",
        "price": "360",
        "price_per_unit": "240",
        "price_unit": "G"
      },
      {
        "state": "WA",
        "price": "360",
        "price_per_unit": "240",
        "price_unit": "G"
      },
      {
        "state": "SA",
        "price": "360",
        "price_per_unit": "240",
        "price_unit": "G"
      },
      {
        "state": "SA",
        "price": "360",
        "price_per_unit": "240",
        "price_unit": "G"
      },
      {
        "state": "TAS",
        "price": "360",
        "price_per_unit": "240",
        "price_unit": "G"
      },
      {
        "state": "TAS",
        "price": "360",
        "price_per_unit": "240",
        "price_unit": "G"
      },
      {
        "state": "ACT",
        "price": "360",
        "price_per_unit": "240",
        "price_unit": "G"
      },
      {
        "state": "ACT",
        "price": "360",
        "price_per_unit": "240",
        "price_unit": "G"
      }
    ]
  },
  {
    "source_url": "https://www.woolworths.com.au/shop/productdetails/953748/simply-delish-high-protein-beetroot-tzatziki-dip",
    "name": "Simply Delish High Protein Beetroot Tzatziki Dip 100g",
    "image_url": "https://cdn1.woolworths.media/content/wowproductimages/large/953748.jpg",
    "source_id": "Woolworths - 953748",
    "barcode": "9344808001656",
    "shop": "Woolworths",
    "weight": "100G",
    "prices": [
      {
        "state": "NSW",
        "price": "350",
        "price_per_unit": "350",
        "price_unit": "G"
      },
      {
        "state": "NSW",
        "price": "350",
        "price_per_unit": "350",
        "price_unit": "G"
      },
      {
        "state": "VIC",
        "price": "350",
        "price_per_unit": "350",
        "price_unit": "G"
      },
      {
        "state": "VIC",
        "price": "350",
        "price_per_unit": "350",
        "price_unit": "G"
      },
      {
        "state": "WA",
        "price": "350",
        "price_per_unit": "350",
        "price_unit": "G"
      },
      {
        "state": "WA",
        "price": "350",
        "price_per_unit": "350",
        "price_unit": "G"
      },
      {
        "state": "SA",
        "price": "350",
        "price_per_unit": "350",
        "price_unit": "G"
      },
      {
        "state": "SA",
        "price": "350",
        "price_per_unit": "350",
        "price_unit": "G"
      },
      {
        "state": "TAS",
        "price": "350",
        "price_per_unit": "350",
        "price_unit": "G"
      },
      {
        "state": "TAS",
        "price": "350",
        "price_per_unit": "350",
        "price_unit": "G"
      },
      {
        "state": "ACT",
        "price": "350",
        "price_per_unit": "350",
        "price_unit": "G"
      },
      {
        "state": "ACT",
        "price": "350",
        "price_per_unit": "350",
        "price_unit": "G"
      }
    ]
  },
  {
    "source_url": "https://www.woolworths.com.au/shop/productdetails/953872/simply-delish-high-protein-hommus-roasted-almond",
    "name": "Simply Delish High Protein Hommus & Roasted Almond 100g",
    "image_url": "https://cdn1.woolworths.media/content/wowproductimages/large/953872.jpg",
    "source_id": "Woolworths - 953872",
    "barcode": "9344808001625",
    "shop": "Woolworths",
    "weight": "100G",
    "prices": [
      {
        "state": "NSW",
        "price": "350",
        "price_per_unit": "350",
        "price_unit": "G"
      },
      {
        "state": "NSW",
        "price": "350",
        "price_per_unit": "350",
        "price_unit": "G"
      },
      {
        "state": "VIC",
        "price": "350",
        "price_per_unit": "350",
        "price_unit": "G"
      },
      {
        "state": "VIC",
        "price": "350",
        "price_per_unit": "350",
        "price_unit": "G"
      },
      {
        "state": "WA",
        "price": "350",
        "price_per_unit": "350",
        "price_unit": "G"
      },
      {
        "state": "WA",
        "price": "350",
        "price_per_unit": "350",
        "price_unit": "G"
      },
      {
        "state": "SA",
        "price": "350",
        "price_per_unit": "350",
        "price_unit": "G"
      },
      {
        "state": "SA",
        "price": "350",
        "price_per_unit": "350",
        "price_unit": "G"
      },
      {
        "state": "TAS",
        "price": "350",
        "price_per_unit": "350",
        "price_unit": "G"
      },
      {
        "state": "TAS",
        "price": "350",
        "price_per_unit": "350",
        "price_unit": "G"
      },
      {
        "state": "ACT",
        "price": "350",
        "price_per_unit": "350",
        "price_unit": "G"
      },
      {
        "state": "ACT",
        "price": "350",
        "price_per_unit": "350",
        "price_unit": "G"
      }
    ]
  },
  {
    "source_url": "https://www.woolworths.com.au/shop/productdetails/951111/simply-delish-high-protein-spinach-chives-dip",
    "name": "Simply Delish High Protein Spinach & Chives Dip 100g",
    "image_url": "https://cdn1.woolworths.media/content/wowproductimages/large/951111.jpg",
    "source_id": "Woolworths - 951111",
    "barcode": "9344808001649",
    "shop": "Woolworths",
    "weight": "100G",
    "prices": [
      {
        "state": "NSW",
        "price": "350",
        "price_per_unit": "350",
        "price_unit": "G"
      },
      {
        "state": "NSW",
        "price": "350",
        "price_per_unit": "350",
        "price_unit": "G"
      },
      {
        "state": "VIC",
        "price": "350",
        "price_per_unit": "350",
        "price_unit": "G"
      },
      {
        "state": "VIC",
        "price": "350",
        "price_per_unit": "350",
        "price_unit": "G"
      },
      {
        "state": "WA",
        "price": "350",
        "price_per_unit": "350",
        "price_unit": "G"
      },
      {
        "state": "WA",
        "price": "350",
        "price_per_unit": "350",
        "price_unit": "G"
      },
      {
        "state": "SA",
        "price": "350",
        "price_per_unit": "350",
        "price_unit": "G"
      },
      {
        "state": "SA",
        "price": "350",
        "price_per_unit": "350",
        "price_unit": "G"
      },
      {
        "state": "ACT",
        "price": "350",
        "price_per_unit": "350",
        "price_unit": "G"
      },
      {
        "state": "ACT",
        "price": "350",
        "price_per_unit": "350",
        "price_unit": "G"
      }
    ]
  },
  {
    "source_url": "https://www.woolworths.com.au/shop/productdetails/953747/simply-delish-roasted-pumpkin-with-cashews-parmesan",
    "name": "Simply Delish Roasted Pumpkin With Cashews & Parmesan 150g",
    "image_url": "https://cdn1.woolworths.media/content/wowproductimages/large/953747.jpg",
    "source_id": "Woolworths - 953747",
    "barcode": "9344808001403",
    "shop": "Woolworths",
    "weight": "100G",
    "prices": [
      {
        "state": "NSW",
        "price": "360",
        "price_per_unit": "240",
        "price_unit": "G"
      },
      {
        "state": "NSW",
        "price": "360",
        "price_per_unit": "240",
        "price_unit": "G"
      },
      {
        "state": "VIC",
        "price": "360",
        "price_per_unit": "240",
        "price_unit": "G"
      },
      {
        "state": "VIC",
        "price": "360",
        "price_per_unit": "240",
        "price_unit": "G"
      },
      {
        "state": "QLD",
        "price": "360",
        "price_per_unit": "240",
        "price_unit": "G"
      },
      {
        "state": "QLD",
        "price": "360",
        "price_per_unit": "240",
        "price_unit": "G"
      },
      {
        "state": "WA",
        "price": "360",
        "price_per_unit": "240",
        "price_unit": "G"
      },
      {
        "state": "WA",
        "price": "360",
        "price_per_unit": "240",
        "price_unit": "G"
      },
      {
        "state": "SA",
        "price": "360",
        "price_per_unit": "240",
        "price_unit": "G"
      },
      {
        "state": "SA",
        "price": "360",
        "price_per_unit": "240",
        "price_unit": "G"
      },
      {
        "state": "TAS",
        "price": "360",
        "price_per_unit": "240",
        "price_unit": "G"
      },
      {
        "state": "TAS",
        "price": "360",
        "price_per_unit": "240",
        "price_unit": "G"
      },
      {
        "state": "ACT",
        "price": "360",
        "price_per_unit": "240",
        "price_unit": "G"
      },
      {
        "state": "ACT",
        "price": "360",
        "price_per_unit": "240",
        "price_unit": "G"
      }
    ]
  },
  {
    "source_url": "https://www.woolworths.com.au/shop/productdetails/385102/simply-delish-traditional-guacamole",
    "name": "Simply Delish Traditional Guacamole 180g",
    "image_url": "https://cdn1.woolworths.media/content/wowproductimages/large/385102.jpg",
    "source_id": "Woolworths - 385102",
    "barcode": "9344808001571",
    "shop": "Woolworths",
    "weight": "100G",
    "prices": [
      {
        "state": "NSW",
        "price": "570",
        "price_per_unit": "317",
        "price_unit": "G"
      },
      {
        "state": "NSW",
        "price": "570",
        "price_per_unit": "317",
        "price_unit": "G"
      },
      {
        "state": "VIC",
        "price": "570",
        "price_per_unit": "317",
        "price_unit": "G"
      },
      {
        "state": "VIC",
        "price": "570",
        "price_per_unit": "317",
        "price_unit": "G"
      },
      {
        "state": "QLD",
        "price": "570",
        "price_per_unit": "317",
        "price_unit": "G"
      },
      {
        "state": "QLD",
        "price": "570",
        "price_per_unit": "317",
        "price_unit": "G"
      },
      {
        "state": "WA",
        "price": "570",
        "price_per_unit": "317",
        "price_unit": "G"
      },
      {
        "state": "WA",
        "price": "570",
        "price_per_unit": "317",
        "price_unit": "G"
      },
      {
        "state": "SA",
        "price": "570",
        "price_per_unit": "317",
        "price_unit": "G"
      },
      {
        "state": "SA",
        "price": "570",
        "price_per_unit": "317",
        "price_unit": "G"
      },
      {
        "state": "TAS",
        "price": "570",
        "price_per_unit": "317",
        "price_unit": "G"
      },
      {
        "state": "TAS",
        "price": "570",
        "price_per_unit": "317",
        "price_unit": "G"
      },
      {
        "state": "ACT",
        "price": "570",
        "price_per_unit": "317",
        "price_unit": "G"
      },
      {
        "state": "ACT",
        "price": "570",
        "price_per_unit": "317",
        "price_unit": "G"
      },
      {
        "state": "NT",
        "price": "570",
        "price_per_unit": "317",
        "price_unit": "G"
      },
      {
        "state": "NT",
        "price": "570",
        "price_per_unit": "317",
        "price_unit": "G"
      }
    ]
  },
  {
    "source_url": "https://www.woolworths.com.au/shop/productdetails/312793/south-cape-apricot-almond-cream-cheese",
    "name": "South Cape Apricot & Almond Cream Cheese 200g",
    "image_url": "https://cdn1.woolworths.media/content/wowproductimages/large/312793.jpg",
    "source_id": "Woolworths - 312793",
    "barcode": "9314441706508",
    "shop": "Woolworths",
    "weight": "1KG",
    "prices": [
      {
        "state": "NSW",
        "price": "510",
        "price_per_unit": "2550",
        "price_unit": "KG"
      },
      {
        "state": "NSW",
        "price": "510",
        "price_per_unit": "2550",
        "price_unit": "KG"
      },
      {
        "state": "VIC",
        "price": "510",
        "price_per_unit": "2550",
        "price_unit": "KG"
      },
      {
        "state": "VIC",
        "price": "510",
        "price_per_unit": "2550",
        "price_unit": "KG"
      },
      {
        "state": "QLD",
        "price": "510",
        "price_per_unit": "2550",
        "price_unit": "KG"
      },
      {
        "state": "QLD",
        "price": "510",
        "price_per_unit": "2550",
        "price_unit": "KG"
      },
      {
        "state": "WA",
        "price": "510",
        "price_per_unit": "2550",
        "price_unit": "KG"
      },
      {
        "state": "WA",
        "price": "510",
        "price_per_unit": "2550",
        "price_unit": "KG"
      },
      {
        "state": "SA",
        "price": "510",
        "price_per_unit": "2550",
        "price_unit": "KG"
      },
      {
        "state": "SA",
        "price": "510",
        "price_per_unit": "2550",
        "price_unit": "KG"
      },
      {
        "state": "TAS",
        "price": "510",
        "price_per_unit": "2550",
        "price_unit": "KG"
      },
      {
        "state": "TAS",
        "price": "510",
        "price_per_unit": "2550",
        "price_unit": "KG"
      },
      {
        "state": "ACT",
        "price": "510",
        "price_per_unit": "2550",
        "price_unit": "KG"
      },
      {
        "state": "ACT",
        "price": "510",
        "price_per_unit": "2550",
        "price_unit": "KG"
      },
      {
        "state": "NT",
        "price": "510",
        "price_per_unit": "2550",
        "price_unit": "KG"
      },
      {
        "state": "NT",
        "price": "510",
        "price_per_unit": "2550",
        "price_unit": "KG"
      }
    ]
  },
  {
    "source_url": "https://www.woolworths.com.au/shop/productdetails/312801/south-cape-cracked-pepper-cream-cheese",
    "name": "South Cape Cracked Pepper Cream Cheese 200g",
    "image_url": "https://cdn1.woolworths.media/content/wowproductimages/large/312801.jpg",
    "source_id": "Woolworths - 312801",
    "barcode": "9314441706553",
    "shop": "Woolworths",
    "weight": "1KG",
    "prices": [
      {
        "state": "NSW",
        "price": "510",
        "price_per_unit": "2550",
        "price_unit": "KG"
      },
      {
        "state": "NSW",
        "price": "510",
        "price_per_unit": "2550",
        "price_unit": "KG"
      },
      {
        "state": "VIC",
        "price": "510",
        "price_per_unit": "2550",
        "price_unit": "KG"
      },
      {
        "state": "VIC",
        "price": "510",
        "price_per_unit": "2550",
        "price_unit": "KG"
      },
      {
        "state": "QLD",
        "price": "510",
        "price_per_unit": "2550",
        "price_unit": "KG"
      },
      {
        "state": "QLD",
        "price": "510",
        "price_per_unit": "2550",
        "price_unit": "KG"
      },
      {
        "state": "SA",
        "price": "510",
        "price_per_unit": "2550",
        "price_unit": "KG"
      },
      {
        "state": "SA",
        "price": "510",
        "price_per_unit": "2550",
        "price_unit": "KG"
      },
      {
        "state": "TAS",
        "price": "510",
        "price_per_unit": "2550",
        "price_unit": "KG"
      },
      {
        "state": "TAS",
        "price": "510",
        "price_per_unit": "2550",
        "price_unit": "KG"
      },
      {
        "state": "ACT",
        "price": "510",
        "price_per_unit": "2550",
        "price_unit": "KG"
      },
      {
        "state": "ACT",
        "price": "510",
        "price_per_unit": "2550",
        "price_unit": "KG"
      },
      {
        "state": "NT",
        "price": "510",
        "price_per_unit": "2550",
        "price_unit": "KG"
      },
      {
        "state": "NT",
        "price": "510",
        "price_per_unit": "2550",
        "price_unit": "KG"
      }
    ]
  },
  {
    "source_url": "https://www.woolworths.com.au/shop/productdetails/312798/south-cape-herb-garlic-cream-cheese",
    "name": "South Cape Herb & Garlic Cream Cheese 200g",
    "image_url": "https://cdn1.woolworths.media/content/wowproductimages/large/312798.jpg",
    "source_id": "Woolworths - 312798",
    "barcode": "9314441706539",
    "shop": "Woolworths",
    "weight": "1KG",
    "prices": [
      {
        "state": "NSW",
        "price": "510",
        "price_per_unit": "2550",
        "price_unit": "KG"
      },
      {
        "state": "NSW",
        "price": "510",
        "price_per_unit": "2550",
        "price_unit": "KG"
      },
      {
        "state": "VIC",
        "price": "510",
        "price_per_unit": "2550",
        "price_unit": "KG"
      },
      {
        "state": "VIC",
        "price": "510",
        "price_per_unit": "2550",
        "price_unit": "KG"
      },
      {
        "state": "QLD",
        "price": "510",
        "price_per_unit": "2550",
        "price_unit": "KG"
      },
      {
        "state": "QLD",
        "price": "510",
        "price_per_unit": "2550",
        "price_unit": "KG"
      },
      {
        "state": "TAS",
        "price": "510",
        "price_per_unit": "2550",
        "price_unit": "KG"
      },
      {
        "state": "TAS",
        "price": "510",
        "price_per_unit": "2550",
        "price_unit": "KG"
      },
      {
        "state": "ACT",
        "price": "510",
        "price_per_unit": "2550",
        "price_unit": "KG"
      },
      {
        "state": "ACT",
        "price": "510",
        "price_per_unit": "2550",
        "price_unit": "KG"
      },
      {
        "state": "NT",
        "price": "510",
        "price_per_unit": "2550",
        "price_unit": "KG"
      },
      {
        "state": "NT",
        "price": "510",
        "price_per_unit": "2550",
        "price_unit": "KG"
      }
    ]
  },
  {
    "source_url": "https://www.woolworths.com.au/shop/productdetails/312799/south-cape-onion-chives-cream-cheese",
    "name": "South Cape Onion & Chives Cream Cheese 200g",
    "image_url": "https://cdn1.woolworths.media/content/wowproductimages/large/312799.jpg",
    "source_id": "Woolworths - 312799",
    "barcode": "9314441706546",
    "shop": "Woolworths",
    "weight": "1KG",
    "prices": [
      {
        "state": "NSW",
        "price": "510",
        "price_per_unit": "2550",
        "price_unit": "KG"
      },
      {
        "state": "NSW",
        "price": "510",
        "price_per_unit": "2550",
        "price_unit": "KG"
      },
      {
        "state": "VIC",
        "price": "510",
        "price_per_unit": "2550",
        "price_unit": "KG"
      },
      {
        "state": "VIC",
        "price": "510",
        "price_per_unit": "2550",
        "price_unit": "KG"
      },
      {
        "state": "QLD",
        "price": "510",
        "price_per_unit": "2550",
        "price_unit": "KG"
      },
      {
        "state": "QLD",
        "price": "510",
        "price_per_unit": "2550",
        "price_unit": "KG"
      },
      {
        "state": "SA",
        "price": "510",
        "price_per_unit": "2550",
        "price_unit": "KG"
      },
      {
        "state": "SA",
        "price": "510",
        "price_per_unit": "2550",
        "price_unit": "KG"
      },
      {
        "state": "TAS",
        "price": "510",
        "price_per_unit": "2550",
        "price_unit": "KG"
      },
      {
        "state": "TAS",
        "price": "510",
        "price_per_unit": "2550",
        "price_unit": "KG"
      },
      {
        "state": "ACT",
        "price": "510",
        "price_per_unit": "2550",
        "price_unit": "KG"
      },
      {
        "state": "ACT",
        "price": "510",
        "price_per_unit": "2550",
        "price_unit": "KG"
      },
      {
        "state": "NT",
        "price": "510",
        "price_per_unit": "2550",
        "price_unit": "KG"
      },
      {
        "state": "NT",
        "price": "510",
        "price_per_unit": "2550",
        "price_unit": "KG"
      }
    ]
  },
  {
    "source_url": "https://www.woolworths.com.au/shop/productdetails/773801/sss-foods-hommus-natural",
    "name": "SSS Foods Hommus Natural 225g",
    "image_url": "https://cdn1.woolworths.media/content/wowproductimages/large/773801.jpg",
    "source_id": "Woolworths - 773801",
    "barcode": "9330059000166",
    "shop": "Woolworths",
    "weight": "100G",
    "prices": [
      {
        "state": "NSW",
        "price": "430",
        "price_per_unit": "191",
        "price_unit": "G"
      },
      {
        "state": "NSW",
        "price": "430",
        "price_per_unit": "191",
        "price_unit": "G"
      },
      {
        "state": "VIC",
        "price": "430",
        "price_per_unit": "191",
        "price_unit": "G"
      },
      {
        "state": "VIC",
        "price": "430",
        "price_per_unit": "191",
        "price_unit": "G"
      },
      {
        "state": "QLD",
        "price": "430",
        "price_per_unit": "191",
        "price_unit": "G"
      },
      {
        "state": "QLD",
        "price": "430",
        "price_per_unit": "191",
        "price_unit": "G"
      },
      {
        "state": "WA",
        "price": "430",
        "price_per_unit": "191",
        "price_unit": "G"
      },
      {
        "state": "WA",
        "price": "430",
        "price_per_unit": "191",
        "price_unit": "G"
      },
      {
        "state": "SA",
        "price": "430",
        "price_per_unit": "191",
        "price_unit": "G"
      },
      {
        "state": "SA",
        "price": "430",
        "price_per_unit": "191",
        "price_unit": "G"
      },
      {
        "state": "TAS",
        "price": "430",
        "price_per_unit": "191",
        "price_unit": "G"
      },
      {
        "state": "TAS",
        "price": "430",
        "price_per_unit": "191",
        "price_unit": "G"
      },
      {
        "state": "ACT",
        "price": "430",
        "price_per_unit": "191",
        "price_unit": "G"
      },
      {
        "state": "ACT",
        "price": "430",
        "price_per_unit": "191",
        "price_unit": "G"
      }
    ]
  },
  {
    "source_url": "https://www.woolworths.com.au/shop/productdetails/943264/sss-foods-white-bean-garlic-basil-dip",
    "name": "SSS Foods White Bean Garlic & Basil Dip 200g",
    "image_url": "https://cdn1.woolworths.media/content/wowproductimages/large/943264.jpg",
    "source_id": "Woolworths - 943264",
    "barcode": "9330059000005",
    "shop": "Woolworths",
    "weight": "100G",
    "prices": [
      {
        "state": "NSW",
        "price": "430",
        "price_per_unit": "215",
        "price_unit": "G"
      },
      {
        "state": "NSW",
        "price": "430",
        "price_per_unit": "215",
        "price_unit": "G"
      },
      {
        "state": "VIC",
        "price": "430",
        "price_per_unit": "215",
        "price_unit": "G"
      },
      {
        "state": "VIC",
        "price": "430",
        "price_per_unit": "215",
        "price_unit": "G"
      },
      {
        "state": "WA",
        "price": "430",
        "price_per_unit": "215",
        "price_unit": "G"
      },
      {
        "state": "WA",
        "price": "430",
        "price_per_unit": "215",
        "price_unit": "G"
      },
      {
        "state": "SA",
        "price": "430",
        "price_per_unit": "215",
        "price_unit": "G"
      },
      {
        "state": "SA",
        "price": "430",
        "price_per_unit": "215",
        "price_unit": "G"
      },
      {
        "state": "TAS",
        "price": "430",
        "price_per_unit": "215",
        "price_unit": "G"
      },
      {
        "state": "TAS",
        "price": "430",
        "price_per_unit": "215",
        "price_unit": "G"
      },
      {
        "state": "ACT",
        "price": "430",
        "price_per_unit": "215",
        "price_unit": "G"
      },
      {
        "state": "ACT",
        "price": "430",
        "price_per_unit": "215",
        "price_unit": "G"
      }
    ]
  },
  {
    "source_url": "https://www.woolworths.com.au/shop/productdetails/385226/tiffany-s-kitchen-capsicum-dip",
    "name": "Tiffany's Kitchen Capsicum Dip 200g",
    "image_url": "https://cdn1.woolworths.media/content/wowproductimages/large/385226.jpg",
    "source_id": "Woolworths - 385226",
    "barcode": "9312726005346",
    "shop": "Woolworths",
    "weight": "100G",
    "prices": [
      {
        "state": "NSW",
        "price": "325",
        "price_per_unit": "163",
        "price_unit": "G"
      },
      {
        "state": "NSW",
        "price": "325",
        "price_per_unit": "163",
        "price_unit": "G"
      },
      {
        "state": "VIC",
        "price": "325",
        "price_per_unit": "163",
        "price_unit": "G"
      },
      {
        "state": "VIC",
        "price": "325",
        "price_per_unit": "163",
        "price_unit": "G"
      },
      {
        "state": "QLD",
        "price": "325",
        "price_per_unit": "163",
        "price_unit": "G"
      },
      {
        "state": "QLD",
        "price": "325",
        "price_per_unit": "163",
        "price_unit": "G"
      },
      {
        "state": "WA",
        "price": "325",
        "price_per_unit": "163",
        "price_unit": "G"
      },
      {
        "state": "WA",
        "price": "325",
        "price_per_unit": "163",
        "price_unit": "G"
      },
      {
        "state": "SA",
        "price": "325",
        "price_per_unit": "163",
        "price_unit": "G"
      },
      {
        "state": "SA",
        "price": "325",
        "price_per_unit": "163",
        "price_unit": "G"
      },
      {
        "state": "TAS",
        "price": "325",
        "price_per_unit": "163",
        "price_unit": "G"
      },
      {
        "state": "TAS",
        "price": "325",
        "price_per_unit": "163",
        "price_unit": "G"
      },
      {
        "state": "ACT",
        "price": "325",
        "price_per_unit": "163",
        "price_unit": "G"
      },
      {
        "state": "ACT",
        "price": "325",
        "price_per_unit": "163",
        "price_unit": "G"
      },
      {
        "state": "NT",
        "price": "340",
        "price_per_unit": "170",
        "price_unit": "G"
      },
      {
        "state": "NT",
        "price": "340",
        "price_per_unit": "170",
        "price_unit": "G"
      }
    ]
  },
  {
    "source_url": "https://www.woolworths.com.au/shop/productdetails/935121/tiffany-s-kitchen-caramelised-onion-hommus",
    "name": "Tiffany's Kitchen Caramelised Onion Hommus 200g",
    "image_url": "https://cdn1.woolworths.media/content/wowproductimages/large/935121.jpg",
    "source_id": "Woolworths - 935121",
    "barcode": "9312726005582",
    "shop": "Woolworths",
    "weight": "100G",
    "prices": [
      {
        "state": "NSW",
        "price": "325",
        "price_per_unit": "163",
        "price_unit": "G"
      },
      {
        "state": "NSW",
        "price": "325",
        "price_per_unit": "163",
        "price_unit": "G"
      },
      {
        "state": "VIC",
        "price": "325",
        "price_per_unit": "163",
        "price_unit": "G"
      },
      {
        "state": "VIC",
        "price": "325",
        "price_per_unit": "163",
        "price_unit": "G"
      },
      {
        "state": "QLD",
        "price": "325",
        "price_per_unit": "163",
        "price_unit": "G"
      },
      {
        "state": "QLD",
        "price": "325",
        "price_per_unit": "163",
        "price_unit": "G"
      },
      {
        "state": "WA",
        "price": "325",
        "price_per_unit": "163",
        "price_unit": "G"
      },
      {
        "state": "WA",
        "price": "325",
        "price_per_unit": "163",
        "price_unit": "G"
      },
      {
        "state": "SA",
        "price": "325",
        "price_per_unit": "163",
        "price_unit": "G"
      },
      {
        "state": "SA",
        "price": "325",
        "price_per_unit": "163",
        "price_unit": "G"
      },
      {
        "state": "TAS",
        "price": "325",
        "price_per_unit": "163",
        "price_unit": "G"
      },
      {
        "state": "TAS",
        "price": "325",
        "price_per_unit": "163",
        "price_unit": "G"
      },
      {
        "state": "ACT",
        "price": "325",
        "price_per_unit": "163",
        "price_unit": "G"
      },
      {
        "state": "ACT",
        "price": "325",
        "price_per_unit": "163",
        "price_unit": "G"
      }
    ]
  },
  {
    "source_url": "https://www.woolworths.com.au/shop/productdetails/830606/tiffany-s-kitchen-chipotle-hommus-dip",
    "name": "Tiffany's Kitchen Chipotle Hommus Dip 200g",
    "image_url": "https://cdn1.woolworths.media/content/wowproductimages/large/830606.jpg",
    "source_id": "Woolworths - 830606",
    "barcode": "9312726005551",
    "shop": "Woolworths",
    "weight": "100G",
    "prices": [
      {
        "state": "NSW",
        "price": "325",
        "price_per_unit": "163",
        "price_unit": "G"
      },
      {
        "state": "NSW",
        "price": "325",
        "price_per_unit": "163",
        "price_unit": "G"
      },
      {
        "state": "VIC",
        "price": "325",
        "price_per_unit": "163",
        "price_unit": "G"
      },
      {
        "state": "VIC",
        "price": "325",
        "price_per_unit": "163",
        "price_unit": "G"
      },
      {
        "state": "WA",
        "price": "325",
        "price_per_unit": "163",
        "price_unit": "G"
      },
      {
        "state": "WA",
        "price": "325",
        "price_per_unit": "163",
        "price_unit": "G"
      },
      {
        "state": "SA",
        "price": "325",
        "price_per_unit": "163",
        "price_unit": "G"
      },
      {
        "state": "SA",
        "price": "325",
        "price_per_unit": "163",
        "price_unit": "G"
      },
      {
        "state": "ACT",
        "price": "325",
        "price_per_unit": "163",
        "price_unit": "G"
      },
      {
        "state": "ACT",
        "price": "325",
        "price_per_unit": "163",
        "price_unit": "G"
      }
    ]
  },
  {
    "source_url": "https://www.woolworths.com.au/shop/productdetails/385636/tiffany-s-kitchen-corn-relish",
    "name": "Tiffany's Kitchen Corn Relish 200g",
    "image_url": "https://cdn1.woolworths.media/content/wowproductimages/large/385636.jpg",
    "source_id": "Woolworths - 385636",
    "barcode": "9312726005322",
    "shop": "Woolworths",
    "weight": "100G",
    "prices": [
      {
        "state": "NSW",
        "price": "325",
        "price_per_unit": "163",
        "price_unit": "G"
      },
      {
        "state": "NSW",
        "price": "325",
        "price_per_unit": "163",
        "price_unit": "G"
      },
      {
        "state": "VIC",
        "price": "325",
        "price_per_unit": "163",
        "price_unit": "G"
      },
      {
        "state": "VIC",
        "price": "325",
        "price_per_unit": "163",
        "price_unit": "G"
      },
      {
        "state": "QLD",
        "price": "325",
        "price_per_unit": "163",
        "price_unit": "G"
      },
      {
        "state": "QLD",
        "price": "325",
        "price_per_unit": "163",
        "price_unit": "G"
      },
      {
        "state": "WA",
        "price": "325",
        "price_per_unit": "163",
        "price_unit": "G"
      },
      {
        "state": "WA",
        "price": "325",
        "price_per_unit": "163",
        "price_unit": "G"
      },
      {
        "state": "SA",
        "price": "325",
        "price_per_unit": "163",
        "price_unit": "G"
      },
      {
        "state": "SA",
        "price": "325",
        "price_per_unit": "163",
        "price_unit": "G"
      },
      {
        "state": "TAS",
        "price": "325",
        "price_per_unit": "163",
        "price_unit": "G"
      },
      {
        "state": "TAS",
        "price": "325",
        "price_per_unit": "163",
        "price_unit": "G"
      },
      {
        "state": "ACT",
        "price": "325",
        "price_per_unit": "163",
        "price_unit": "G"
      },
      {
        "state": "ACT",
        "price": "325",
        "price_per_unit": "163",
        "price_unit": "G"
      },
      {
        "state": "NT",
        "price": "340",
        "price_per_unit": "170",
        "price_unit": "G"
      },
      {
        "state": "NT",
        "price": "340",
        "price_per_unit": "170",
        "price_unit": "G"
      }
    ]
  },
  {
    "source_url": "https://www.woolworths.com.au/shop/productdetails/944211/tiffany-s-kitchen-dukkah-hommus",
    "name": "Tiffany's Kitchen Dukkah Hommus 200g",
    "image_url": "https://cdn1.woolworths.media/content/wowproductimages/large/944211.jpg",
    "source_id": "Woolworths - 944211",
    "barcode": "9312726005599",
    "shop": "Woolworths",
    "weight": "100G",
    "prices": [
      {
        "state": "NSW",
        "price": "325",
        "price_per_unit": "163",
        "price_unit": "G"
      },
      {
        "state": "NSW",
        "price": "325",
        "price_per_unit": "163",
        "price_unit": "G"
      },
      {
        "state": "VIC",
        "price": "325",
        "price_per_unit": "163",
        "price_unit": "G"
      },
      {
        "state": "VIC",
        "price": "325",
        "price_per_unit": "163",
        "price_unit": "G"
      },
      {
        "state": "QLD",
        "price": "325",
        "price_per_unit": "163",
        "price_unit": "G"
      },
      {
        "state": "QLD",
        "price": "325",
        "price_per_unit": "163",
        "price_unit": "G"
      },
      {
        "state": "WA",
        "price": "325",
        "price_per_unit": "163",
        "price_unit": "G"
      },
      {
        "state": "WA",
        "price": "325",
        "price_per_unit": "163",
        "price_unit": "G"
      },
      {
        "state": "SA",
        "price": "325",
        "price_per_unit": "163",
        "price_unit": "G"
      },
      {
        "state": "SA",
        "price": "325",
        "price_per_unit": "163",
        "price_unit": "G"
      },
      {
        "state": "TAS",
        "price": "325",
        "price_per_unit": "163",
        "price_unit": "G"
      },
      {
        "state": "TAS",
        "price": "325",
        "price_per_unit": "163",
        "price_unit": "G"
      },
      {
        "state": "ACT",
        "price": "325",
        "price_per_unit": "163",
        "price_unit": "G"
      },
      {
        "state": "ACT",
        "price": "325",
        "price_per_unit": "163",
        "price_unit": "G"
      }
    ]
  },
  {
    "source_url": "https://www.woolworths.com.au/shop/productdetails/385363/tiffany-s-kitchen-hommus",
    "name": "Tiffany's Kitchen Hommus 200g",
    "image_url": "https://cdn1.woolworths.media/content/wowproductimages/large/385363.jpg",
    "source_id": "Woolworths - 385363",
    "barcode": "9312726005384",
    "shop": "Woolworths",
    "weight": "100G",
    "prices": [
      {
        "state": "NSW",
        "price": "325",
        "price_per_unit": "163",
        "price_unit": "G"
      },
      {
        "state": "NSW",
        "price": "325",
        "price_per_unit": "163",
        "price_unit": "G"
      },
      {
        "state": "VIC",
        "price": "325",
        "price_per_unit": "163",
        "price_unit": "G"
      },
      {
        "state": "VIC",
        "price": "325",
        "price_per_unit": "163",
        "price_unit": "G"
      },
      {
        "state": "QLD",
        "price": "325",
        "price_per_unit": "163",
        "price_unit": "G"
      },
      {
        "state": "QLD",
        "price": "325",
        "price_per_unit": "163",
        "price_unit": "G"
      },
      {
        "state": "WA",
        "price": "325",
        "price_per_unit": "163",
        "price_unit": "G"
      },
      {
        "state": "WA",
        "price": "325",
        "price_per_unit": "163",
        "price_unit": "G"
      },
      {
        "state": "SA",
        "price": "325",
        "price_per_unit": "163",
        "price_unit": "G"
      },
      {
        "state": "SA",
        "price": "325",
        "price_per_unit": "163",
        "price_unit": "G"
      },
      {
        "state": "TAS",
        "price": "325",
        "price_per_unit": "163",
        "price_unit": "G"
      },
      {
        "state": "TAS",
        "price": "325",
        "price_per_unit": "163",
        "price_unit": "G"
      },
      {
        "state": "ACT",
        "price": "325",
        "price_per_unit": "163",
        "price_unit": "G"
      },
      {
        "state": "ACT",
        "price": "325",
        "price_per_unit": "163",
        "price_unit": "G"
      },
      {
        "state": "NT",
        "price": "340",
        "price_per_unit": "170",
        "price_unit": "G"
      },
      {
        "state": "NT",
        "price": "340",
        "price_per_unit": "170",
        "price_unit": "G"
      }
    ]
  },
  {
    "source_url": "https://www.woolworths.com.au/shop/productdetails/830715/tiffany-s-kitchen-sriracha-hommus-dip",
    "name": "Tiffany's Kitchen Sriracha Hommus Dip 200g",
    "image_url": "https://cdn1.woolworths.media/content/wowproductimages/large/830715.jpg",
    "source_id": "Woolworths - 830715",
    "barcode": "9312726005568",
    "shop": "Woolworths",
    "weight": "100G",
    "prices": [
      {
        "state": "NSW",
        "price": "325",
        "price_per_unit": "163",
        "price_unit": "G"
      },
      {
        "state": "NSW",
        "price": "325",
        "price_per_unit": "163",
        "price_unit": "G"
      },
      {
        "state": "VIC",
        "price": "325",
        "price_per_unit": "163",
        "price_unit": "G"
      },
      {
        "state": "VIC",
        "price": "325",
        "price_per_unit": "163",
        "price_unit": "G"
      },
      {
        "state": "WA",
        "price": "325",
        "price_per_unit": "163",
        "price_unit": "G"
      },
      {
        "state": "WA",
        "price": "325",
        "price_per_unit": "163",
        "price_unit": "G"
      },
      {
        "state": "SA",
        "price": "325",
        "price_per_unit": "163",
        "price_unit": "G"
      },
      {
        "state": "SA",
        "price": "325",
        "price_per_unit": "163",
        "price_unit": "G"
      },
      {
        "state": "ACT",
        "price": "325",
        "price_per_unit": "163",
        "price_unit": "G"
      },
      {
        "state": "ACT",
        "price": "325",
        "price_per_unit": "163",
        "price_unit": "G"
      }
    ]
  },
  {
    "source_url": "https://www.woolworths.com.au/shop/productdetails/385258/tiffany-s-kitchen-tzatziki",
    "name": "Tiffany's Kitchen Tzatziki 200g",
    "image_url": "https://cdn1.woolworths.media/content/wowproductimages/large/385258.jpg",
    "source_id": "Woolworths - 385258",
    "barcode": "9312726005377",
    "shop": "Woolworths",
    "weight": "100G",
    "prices": [
      {
        "state": "NSW",
        "price": "325",
        "price_per_unit": "163",
        "price_unit": "G"
      },
      {
        "state": "NSW",
        "price": "325",
        "price_per_unit": "163",
        "price_unit": "G"
      },
      {
        "state": "VIC",
        "price": "325",
        "price_per_unit": "163",
        "price_unit": "G"
      },
      {
        "state": "VIC",
        "price": "325",
        "price_per_unit": "163",
        "price_unit": "G"
      },
      {
        "state": "QLD",
        "price": "325",
        "price_per_unit": "163",
        "price_unit": "G"
      },
      {
        "state": "QLD",
        "price": "325",
        "price_per_unit": "163",
        "price_unit": "G"
      },
      {
        "state": "WA",
        "price": "325",
        "price_per_unit": "163",
        "price_unit": "G"
      },
      {
        "state": "WA",
        "price": "325",
        "price_per_unit": "163",
        "price_unit": "G"
      },
      {
        "state": "SA",
        "price": "325",
        "price_per_unit": "163",
        "price_unit": "G"
      },
      {
        "state": "SA",
        "price": "325",
        "price_per_unit": "163",
        "price_unit": "G"
      },
      {
        "state": "TAS",
        "price": "325",
        "price_per_unit": "163",
        "price_unit": "G"
      },
      {
        "state": "TAS",
        "price": "325",
        "price_per_unit": "163",
        "price_unit": "G"
      },
      {
        "state": "ACT",
        "price": "325",
        "price_per_unit": "163",
        "price_unit": "G"
      },
      {
        "state": "ACT",
        "price": "325",
        "price_per_unit": "163",
        "price_unit": "G"
      },
      {
        "state": "NT",
        "price": "340",
        "price_per_unit": "170",
        "price_unit": "G"
      },
      {
        "state": "NT",
        "price": "340",
        "price_per_unit": "170",
        "price_unit": "G"
      }
    ]
  },
  {
    "source_url": "https://www.woolworths.com.au/shop/productdetails/240228/willow-farm-avocado-dip",
    "name": "Willow Farm Avocado Dip 200g",
    "image_url": "https://cdn1.woolworths.media/content/wowproductimages/large/240228.jpg",
    "source_id": "Woolworths - 240228",
    "barcode": "9312726004745",
    "shop": "Woolworths",
    "weight": "100G",
    "prices": [
      {
        "state": "NSW",
        "price": "260",
        "price_per_unit": "130",
        "price_unit": "G"
      },
      {
        "state": "NSW",
        "price": "260",
        "price_per_unit": "130",
        "price_unit": "G"
      },
      {
        "state": "VIC",
        "price": "260",
        "price_per_unit": "130",
        "price_unit": "G"
      },
      {
        "state": "VIC",
        "price": "260",
        "price_per_unit": "130",
        "price_unit": "G"
      },
      {
        "state": "QLD",
        "price": "260",
        "price_per_unit": "130",
        "price_unit": "G"
      },
      {
        "state": "QLD",
        "price": "260",
        "price_per_unit": "130",
        "price_unit": "G"
      },
      {
        "state": "WA",
        "price": "260",
        "price_per_unit": "130",
        "price_unit": "G"
      },
      {
        "state": "WA",
        "price": "260",
        "price_per_unit": "130",
        "price_unit": "G"
      },
      {
        "state": "SA",
        "price": "260",
        "price_per_unit": "130",
        "price_unit": "G"
      },
      {
        "state": "SA",
        "price": "260",
        "price_per_unit": "130",
        "price_unit": "G"
      },
      {
        "state": "TAS",
        "price": "260",
        "price_per_unit": "130",
        "price_unit": "G"
      },
      {
        "state": "TAS",
        "price": "260",
        "price_per_unit": "130",
        "price_unit": "G"
      },
      {
        "state": "ACT",
        "price": "260",
        "price_per_unit": "130",
        "price_unit": "G"
      },
      {
        "state": "ACT",
        "price": "260",
        "price_per_unit": "130",
        "price_unit": "G"
      },
      {
        "state": "NT",
        "price": "260",
        "price_per_unit": "130",
        "price_unit": "G"
      },
      {
        "state": "NT",
        "price": "260",
        "price_per_unit": "130",
        "price_unit": "G"
      }
    ]
  },
  {
    "source_url": "https://www.woolworths.com.au/shop/productdetails/385107/willow-farm-beetroot-hommus",
    "name": "Willow Farm Beetroot Hommus 200g",
    "image_url": "https://cdn1.woolworths.media/content/wowproductimages/large/385107.jpg",
    "source_id": "Woolworths - 385107",
    "barcode": "9312726001454",
    "shop": "Woolworths",
    "weight": "100G",
    "prices": [
      {
        "state": "NSW",
        "price": "260",
        "price_per_unit": "130",
        "price_unit": "G"
      },
      {
        "state": "NSW",
        "price": "260",
        "price_per_unit": "130",
        "price_unit": "G"
      },
      {
        "state": "VIC",
        "price": "260",
        "price_per_unit": "130",
        "price_unit": "G"
      },
      {
        "state": "VIC",
        "price": "260",
        "price_per_unit": "130",
        "price_unit": "G"
      },
      {
        "state": "QLD",
        "price": "260",
        "price_per_unit": "130",
        "price_unit": "G"
      },
      {
        "state": "QLD",
        "price": "260",
        "price_per_unit": "130",
        "price_unit": "G"
      },
      {
        "state": "WA",
        "price": "260",
        "price_per_unit": "130",
        "price_unit": "G"
      },
      {
        "state": "WA",
        "price": "260",
        "price_per_unit": "130",
        "price_unit": "G"
      },
      {
        "state": "SA",
        "price": "260",
        "price_per_unit": "130",
        "price_unit": "G"
      },
      {
        "state": "SA",
        "price": "260",
        "price_per_unit": "130",
        "price_unit": "G"
      },
      {
        "state": "ACT",
        "price": "260",
        "price_per_unit": "130",
        "price_unit": "G"
      },
      {
        "state": "ACT",
        "price": "260",
        "price_per_unit": "130",
        "price_unit": "G"
      },
      {
        "state": "NT",
        "price": "260",
        "price_per_unit": "130",
        "price_unit": "G"
      },
      {
        "state": "NT",
        "price": "260",
        "price_per_unit": "130",
        "price_unit": "G"
      }
    ]
  },
  {
    "source_url": "https://www.woolworths.com.au/shop/productdetails/323321/willow-farm-dip-french-onion",
    "name": "Willow Farm Dip French Onion 200g",
    "image_url": "https://cdn1.woolworths.media/content/wowproductimages/large/323321.jpg",
    "source_id": "Woolworths - 323321",
    "barcode": "9312726072256",
    "shop": "Woolworths",
    "weight": "100G",
    "prices": [
      {
        "state": "NSW",
        "price": "260",
        "price_per_unit": "130",
        "price_unit": "G"
      },
      {
        "state": "NSW",
        "price": "260",
        "price_per_unit": "130",
        "price_unit": "G"
      },
      {
        "state": "VIC",
        "price": "260",
        "price_per_unit": "130",
        "price_unit": "G"
      },
      {
        "state": "VIC",
        "price": "260",
        "price_per_unit": "130",
        "price_unit": "G"
      },
      {
        "state": "QLD",
        "price": "260",
        "price_per_unit": "130",
        "price_unit": "G"
      },
      {
        "state": "QLD",
        "price": "260",
        "price_per_unit": "130",
        "price_unit": "G"
      },
      {
        "state": "WA",
        "price": "260",
        "price_per_unit": "130",
        "price_unit": "G"
      },
      {
        "state": "WA",
        "price": "260",
        "price_per_unit": "130",
        "price_unit": "G"
      },
      {
        "state": "SA",
        "price": "260",
        "price_per_unit": "130",
        "price_unit": "G"
      },
      {
        "state": "SA",
        "price": "260",
        "price_per_unit": "130",
        "price_unit": "G"
      },
      {
        "state": "TAS",
        "price": "260",
        "price_per_unit": "130",
        "price_unit": "G"
      },
      {
        "state": "TAS",
        "price": "260",
        "price_per_unit": "130",
        "price_unit": "G"
      },
      {
        "state": "ACT",
        "price": "260",
        "price_per_unit": "130",
        "price_unit": "G"
      },
      {
        "state": "ACT",
        "price": "260",
        "price_per_unit": "130",
        "price_unit": "G"
      },
      {
        "state": "NT",
        "price": "260",
        "price_per_unit": "130",
        "price_unit": "G"
      },
      {
        "state": "NT",
        "price": "260",
        "price_per_unit": "130",
        "price_unit": "G"
      }
    ]
  },
  {
    "source_url": "https://www.woolworths.com.au/shop/productdetails/323320/willow-farm-dip-hommus",
    "name": "Willow Farm Dip Hommus 200g",
    "image_url": "https://cdn1.woolworths.media/content/wowproductimages/large/323320.jpg",
    "source_id": "Woolworths - 323320",
    "barcode": "9312726072225",
    "shop": "Woolworths",
    "weight": "100G",
    "prices": [
      {
        "state": "NSW",
        "price": "260",
        "price_per_unit": "130",
        "price_unit": "G"
      },
      {
        "state": "NSW",
        "price": "260",
        "price_per_unit": "130",
        "price_unit": "G"
      },
      {
        "state": "VIC",
        "price": "260",
        "price_per_unit": "130",
        "price_unit": "G"
      },
      {
        "state": "VIC",
        "price": "260",
        "price_per_unit": "130",
        "price_unit": "G"
      },
      {
        "state": "QLD",
        "price": "260",
        "price_per_unit": "130",
        "price_unit": "G"
      },
      {
        "state": "QLD",
        "price": "260",
        "price_per_unit": "130",
        "price_unit": "G"
      },
      {
        "state": "WA",
        "price": "260",
        "price_per_unit": "130",
        "price_unit": "G"
      },
      {
        "state": "WA",
        "price": "260",
        "price_per_unit": "130",
        "price_unit": "G"
      },
      {
        "state": "SA",
        "price": "260",
        "price_per_unit": "130",
        "price_unit": "G"
      },
      {
        "state": "SA",
        "price": "260",
        "price_per_unit": "130",
        "price_unit": "G"
      },
      {
        "state": "TAS",
        "price": "260",
        "price_per_unit": "130",
        "price_unit": "G"
      },
      {
        "state": "TAS",
        "price": "260",
        "price_per_unit": "130",
        "price_unit": "G"
      },
      {
        "state": "ACT",
        "price": "260",
        "price_per_unit": "130",
        "price_unit": "G"
      },
      {
        "state": "ACT",
        "price": "260",
        "price_per_unit": "130",
        "price_unit": "G"
      },
      {
        "state": "NT",
        "price": "260",
        "price_per_unit": "130",
        "price_unit": "G"
      },
      {
        "state": "NT",
        "price": "260",
        "price_per_unit": "130",
        "price_unit": "G"
      }
    ]
  },
  {
    "source_url": "https://www.woolworths.com.au/shop/productdetails/323309/willow-farm-dip-tzatziki",
    "name": "Willow Farm Dip Tzatziki 200g",
    "image_url": "https://cdn1.woolworths.media/content/wowproductimages/large/323309.jpg",
    "source_id": "Woolworths - 323309",
    "barcode": "9312726072232",
    "shop": "Woolworths",
    "weight": "100G",
    "prices": [
      {
        "state": "NSW",
        "price": "260",
        "price_per_unit": "130",
        "price_unit": "G"
      },
      {
        "state": "NSW",
        "price": "260",
        "price_per_unit": "130",
        "price_unit": "G"
      },
      {
        "state": "VIC",
        "price": "260",
        "price_per_unit": "130",
        "price_unit": "G"
      },
      {
        "state": "VIC",
        "price": "260",
        "price_per_unit": "130",
        "price_unit": "G"
      },
      {
        "state": "QLD",
        "price": "260",
        "price_per_unit": "130",
        "price_unit": "G"
      },
      {
        "state": "QLD",
        "price": "260",
        "price_per_unit": "130",
        "price_unit": "G"
      },
      {
        "state": "WA",
        "price": "260",
        "price_per_unit": "130",
        "price_unit": "G"
      },
      {
        "state": "WA",
        "price": "260",
        "price_per_unit": "130",
        "price_unit": "G"
      },
      {
        "state": "SA",
        "price": "260",
        "price_per_unit": "130",
        "price_unit": "G"
      },
      {
        "state": "SA",
        "price": "260",
        "price_per_unit": "130",
        "price_unit": "G"
      },
      {
        "state": "TAS",
        "price": "260",
        "price_per_unit": "130",
        "price_unit": "G"
      },
      {
        "state": "TAS",
        "price": "260",
        "price_per_unit": "130",
        "price_unit": "G"
      },
      {
        "state": "ACT",
        "price": "260",
        "price_per_unit": "130",
        "price_unit": "G"
      },
      {
        "state": "ACT",
        "price": "260",
        "price_per_unit": "130",
        "price_unit": "G"
      },
      {
        "state": "NT",
        "price": "260",
        "price_per_unit": "130",
        "price_unit": "G"
      },
      {
        "state": "NT",
        "price": "260",
        "price_per_unit": "130",
        "price_unit": "G"
      }
    ]
  },
  {
    "source_url": "https://www.woolworths.com.au/shop/productdetails/840657/willow-farm-hommus-dip",
    "name": "Willow Farm Hommus Dip 1kg",
    "image_url": "https://cdn1.woolworths.media/content/wowproductimages/large/840657.jpg",
    "source_id": "Woolworths - 840657",
    "barcode": "9312726002888",
    "shop": "Woolworths",
    "weight": "100G",
    "prices": [
      {
        "state": "NSW",
        "price": "550",
        "price_per_unit": "55",
        "price_unit": "G"
      },
      {
        "state": "NSW",
        "price": "550",
        "price_per_unit": "55",
        "price_unit": "G"
      },
      {
        "state": "VIC",
        "price": "550",
        "price_per_unit": "55",
        "price_unit": "G"
      },
      {
        "state": "VIC",
        "price": "550",
        "price_per_unit": "55",
        "price_unit": "G"
      },
      {
        "state": "QLD",
        "price": "550",
        "price_per_unit": "55",
        "price_unit": "G"
      },
      {
        "state": "QLD",
        "price": "550",
        "price_per_unit": "55",
        "price_unit": "G"
      },
      {
        "state": "WA",
        "price": "550",
        "price_per_unit": "55",
        "price_unit": "G"
      },
      {
        "state": "WA",
        "price": "550",
        "price_per_unit": "55",
        "price_unit": "G"
      },
      {
        "state": "SA",
        "price": "550",
        "price_per_unit": "55",
        "price_unit": "G"
      },
      {
        "state": "SA",
        "price": "550",
        "price_per_unit": "55",
        "price_unit": "G"
      },
      {
        "state": "TAS",
        "price": "550",
        "price_per_unit": "55",
        "price_unit": "G"
      },
      {
        "state": "TAS",
        "price": "550",
        "price_per_unit": "55",
        "price_unit": "G"
      },
      {
        "state": "ACT",
        "price": "550",
        "price_per_unit": "55",
        "price_unit": "G"
      },
      {
        "state": "ACT",
        "price": "550",
        "price_per_unit": "55",
        "price_unit": "G"
      },
      {
        "state": "NT",
        "price": "550",
        "price_per_unit": "55",
        "price_unit": "G"
      },
      {
        "state": "NT",
        "price": "550",
        "price_per_unit": "55",
        "price_unit": "G"
      }
    ]
  },
  {
    "source_url": "https://www.woolworths.com.au/shop/productdetails/240587/willow-farm-snacking-hommus-dip",
    "name": "Willow Farm Snacking Hommus Dip 3 Pack",
    "image_url": "https://cdn1.woolworths.media/content/wowproductimages/large/240587.jpg",
    "source_id": "Woolworths - 240587",
    "barcode": "9312726004851",
    "shop": "Woolworths",
    "weight": "100G",
    "prices": [
      {
        "state": "NSW",
        "price": "220",
        "price_per_unit": "122",
        "price_unit": "G"
      },
      {
        "state": "NSW",
        "price": "220",
        "price_per_unit": "122",
        "price_unit": "G"
      },
      {
        "state": "VIC",
        "price": "220",
        "price_per_unit": "122",
        "price_unit": "G"
      },
      {
        "state": "VIC",
        "price": "220",
        "price_per_unit": "122",
        "price_unit": "G"
      },
      {
        "state": "QLD",
        "price": "220",
        "price_per_unit": "122",
        "price_unit": "G"
      },
      {
        "state": "QLD",
        "price": "220",
        "price_per_unit": "122",
        "price_unit": "G"
      },
      {
        "state": "WA",
        "price": "220",
        "price_per_unit": "122",
        "price_unit": "G"
      },
      {
        "state": "WA",
        "price": "220",
        "price_per_unit": "122",
        "price_unit": "G"
      },
      {
        "state": "SA",
        "price": "220",
        "price_per_unit": "122",
        "price_unit": "G"
      },
      {
        "state": "SA",
        "price": "220",
        "price_per_unit": "122",
        "price_unit": "G"
      },
      {
        "state": "TAS",
        "price": "220",
        "price_per_unit": "122",
        "price_unit": "G"
      },
      {
        "state": "TAS",
        "price": "220",
        "price_per_unit": "122",
        "price_unit": "G"
      },
      {
        "state": "ACT",
        "price": "220",
        "price_per_unit": "122",
        "price_unit": "G"
      },
      {
        "state": "ACT",
        "price": "220",
        "price_per_unit": "122",
        "price_unit": "G"
      },
      {
        "state": "NT",
        "price": "220",
        "price_per_unit": "122",
        "price_unit": "G"
      },
      {
        "state": "NT",
        "price": "220",
        "price_per_unit": "122",
        "price_unit": "G"
      }
    ]
  },
  {
    "source_url": "https://www.woolworths.com.au/shop/productdetails/820826/willow-farm-spicy-jalapeno-hommus-dip",
    "name": "Willow Farm Spicy Jalapeno Hommus Dip 200g",
    "image_url": "https://cdn1.woolworths.media/content/wowproductimages/large/820826.jpg",
    "source_id": "Woolworths - 820826",
    "barcode": "9312726004738",
    "shop": "Woolworths",
    "weight": "100G",
    "prices": [
      {
        "state": "NSW",
        "price": "260",
        "price_per_unit": "130",
        "price_unit": "G"
      },
      {
        "state": "NSW",
        "price": "260",
        "price_per_unit": "130",
        "price_unit": "G"
      },
      {
        "state": "VIC",
        "price": "260",
        "price_per_unit": "130",
        "price_unit": "G"
      },
      {
        "state": "VIC",
        "price": "260",
        "price_per_unit": "130",
        "price_unit": "G"
      },
      {
        "state": "WA",
        "price": "260",
        "price_per_unit": "130",
        "price_unit": "G"
      },
      {
        "state": "WA",
        "price": "260",
        "price_per_unit": "130",
        "price_unit": "G"
      },
      {
        "state": "SA",
        "price": "260",
        "price_per_unit": "130",
        "price_unit": "G"
      },
      {
        "state": "SA",
        "price": "260",
        "price_per_unit": "130",
        "price_unit": "G"
      },
      {
        "state": "ACT",
        "price": "260",
        "price_per_unit": "130",
        "price_unit": "G"
      },
      {
        "state": "ACT",
        "price": "260",
        "price_per_unit": "130",
        "price_unit": "G"
      }
    ]
  },
  {
    "source_url": "https://www.woolworths.com.au/shop/productdetails/531709/yumi-s-avocado-dip",
    "name": "Yumi's Avocado Dip 200g",
    "image_url": "https://cdn1.woolworths.media/content/wowproductimages/large/531709.jpg",
    "source_id": "Woolworths - 531709",
    "barcode": "9317444002134",
    "shop": "Woolworths",
    "weight": "100G",
    "prices": [
      {
        "state": "NSW",
        "price": "350",
        "price_per_unit": "175",
        "price_unit": "G"
      },
      {
        "state": "NSW",
        "price": "350",
        "price_per_unit": "175",
        "price_unit": "G"
      },
      {
        "state": "VIC",
        "price": "350",
        "price_per_unit": "175",
        "price_unit": "G"
      },
      {
        "state": "VIC",
        "price": "350",
        "price_per_unit": "175",
        "price_unit": "G"
      },
      {
        "state": "QLD",
        "price": "350",
        "price_per_unit": "175",
        "price_unit": "G"
      },
      {
        "state": "QLD",
        "price": "350",
        "price_per_unit": "175",
        "price_unit": "G"
      },
      {
        "state": "WA",
        "price": "350",
        "price_per_unit": "175",
        "price_unit": "G"
      },
      {
        "state": "WA",
        "price": "350",
        "price_per_unit": "175",
        "price_unit": "G"
      },
      {
        "state": "SA",
        "price": "350",
        "price_per_unit": "175",
        "price_unit": "G"
      },
      {
        "state": "SA",
        "price": "350",
        "price_per_unit": "175",
        "price_unit": "G"
      },
      {
        "state": "TAS",
        "price": "350",
        "price_per_unit": "175",
        "price_unit": "G"
      },
      {
        "state": "TAS",
        "price": "350",
        "price_per_unit": "175",
        "price_unit": "G"
      },
      {
        "state": "ACT",
        "price": "350",
        "price_per_unit": "175",
        "price_unit": "G"
      },
      {
        "state": "ACT",
        "price": "350",
        "price_per_unit": "175",
        "price_unit": "G"
      },
      {
        "state": "NT",
        "price": "350",
        "price_per_unit": "175",
        "price_unit": "G"
      },
      {
        "state": "NT",
        "price": "350",
        "price_per_unit": "175",
        "price_unit": "G"
      }
    ]
  },
  {
    "source_url": "https://www.woolworths.com.au/shop/productdetails/83803/yumi-s-avocado-with-sea-salt-dip",
    "name": "Yumi's Avocado With Sea Salt Dip 65g x3 Pack",
    "image_url": "https://cdn1.woolworths.media/content/wowproductimages/large/083803.jpg",
    "source_id": "Woolworths - 83803",
    "barcode": "9317444003308",
    "shop": "Woolworths",
    "weight": "100G",
    "prices": [
      {
        "state": "NSW",
        "price": "400",
        "price_per_unit": "205",
        "price_unit": "G"
      },
      {
        "state": "NSW",
        "price": "400",
        "price_per_unit": "205",
        "price_unit": "G"
      },
      {
        "state": "VIC",
        "price": "400",
        "price_per_unit": "205",
        "price_unit": "G"
      },
      {
        "state": "VIC",
        "price": "400",
        "price_per_unit": "205",
        "price_unit": "G"
      },
      {
        "state": "WA",
        "price": "400",
        "price_per_unit": "205",
        "price_unit": "G"
      },
      {
        "state": "WA",
        "price": "400",
        "price_per_unit": "205",
        "price_unit": "G"
      },
      {
        "state": "SA",
        "price": "400",
        "price_per_unit": "205",
        "price_unit": "G"
      },
      {
        "state": "SA",
        "price": "400",
        "price_per_unit": "205",
        "price_unit": "G"
      },
      {
        "state": "TAS",
        "price": "400",
        "price_per_unit": "205",
        "price_unit": "G"
      },
      {
        "state": "TAS",
        "price": "400",
        "price_per_unit": "205",
        "price_unit": "G"
      },
      {
        "state": "ACT",
        "price": "400",
        "price_per_unit": "205",
        "price_unit": "G"
      },
      {
        "state": "ACT",
        "price": "400",
        "price_per_unit": "205",
        "price_unit": "G"
      }
    ]
  },
  {
    "source_url": "https://www.woolworths.com.au/shop/productdetails/385979/yumi-s-chilli-lime-hommus",
    "name": "Yumi's Chilli & Lime Hommus 200g",
    "image_url": "https://cdn1.woolworths.media/content/wowproductimages/large/385979.jpg",
    "source_id": "Woolworths - 385979",
    "barcode": "9317444004282",
    "shop": "Woolworths",
    "weight": "100G",
    "prices": [
      {
        "state": "NSW",
        "price": "350",
        "price_per_unit": "175",
        "price_unit": "G"
      },
      {
        "state": "NSW",
        "price": "350",
        "price_per_unit": "175",
        "price_unit": "G"
      },
      {
        "state": "VIC",
        "price": "350",
        "price_per_unit": "175",
        "price_unit": "G"
      },
      {
        "state": "VIC",
        "price": "350",
        "price_per_unit": "175",
        "price_unit": "G"
      },
      {
        "state": "QLD",
        "price": "350",
        "price_per_unit": "175",
        "price_unit": "G"
      },
      {
        "state": "QLD",
        "price": "350",
        "price_per_unit": "175",
        "price_unit": "G"
      },
      {
        "state": "WA",
        "price": "350",
        "price_per_unit": "175",
        "price_unit": "G"
      },
      {
        "state": "WA",
        "price": "350",
        "price_per_unit": "175",
        "price_unit": "G"
      },
      {
        "state": "SA",
        "price": "350",
        "price_per_unit": "175",
        "price_unit": "G"
      },
      {
        "state": "SA",
        "price": "350",
        "price_per_unit": "175",
        "price_unit": "G"
      },
      {
        "state": "TAS",
        "price": "350",
        "price_per_unit": "175",
        "price_unit": "G"
      },
      {
        "state": "TAS",
        "price": "350",
        "price_per_unit": "175",
        "price_unit": "G"
      },
      {
        "state": "ACT",
        "price": "350",
        "price_per_unit": "175",
        "price_unit": "G"
      },
      {
        "state": "ACT",
        "price": "350",
        "price_per_unit": "175",
        "price_unit": "G"
      }
    ]
  },
  {
    "source_url": "https://www.woolworths.com.au/shop/productdetails/531850/yumi-s-chipotle-hommus-dip",
    "name": "Yumi's Chipotle Hommus Dip 200g",
    "image_url": "https://cdn1.woolworths.media/content/wowproductimages/large/531850.jpg",
    "source_id": "Woolworths - 531850",
    "barcode": "9317444002288",
    "shop": "Woolworths",
    "weight": "100G",
    "prices": [
      {
        "state": "NSW",
        "price": "350",
        "price_per_unit": "175",
        "price_unit": "G"
      },
      {
        "state": "NSW",
        "price": "350",
        "price_per_unit": "175",
        "price_unit": "G"
      },
      {
        "state": "VIC",
        "price": "350",
        "price_per_unit": "175",
        "price_unit": "G"
      },
      {
        "state": "VIC",
        "price": "350",
        "price_per_unit": "175",
        "price_unit": "G"
      },
      {
        "state": "QLD",
        "price": "350",
        "price_per_unit": "175",
        "price_unit": "G"
      },
      {
        "state": "QLD",
        "price": "350",
        "price_per_unit": "175",
        "price_unit": "G"
      },
      {
        "state": "WA",
        "price": "350",
        "price_per_unit": "175",
        "price_unit": "G"
      },
      {
        "state": "WA",
        "price": "350",
        "price_per_unit": "175",
        "price_unit": "G"
      },
      {
        "state": "SA",
        "price": "350",
        "price_per_unit": "175",
        "price_unit": "G"
      },
      {
        "state": "SA",
        "price": "350",
        "price_per_unit": "175",
        "price_unit": "G"
      },
      {
        "state": "TAS",
        "price": "350",
        "price_per_unit": "175",
        "price_unit": "G"
      },
      {
        "state": "TAS",
        "price": "350",
        "price_per_unit": "175",
        "price_unit": "G"
      },
      {
        "state": "ACT",
        "price": "350",
        "price_per_unit": "175",
        "price_unit": "G"
      },
      {
        "state": "ACT",
        "price": "350",
        "price_per_unit": "175",
        "price_unit": "G"
      }
    ]
  },
  {
    "source_url": "https://www.woolworths.com.au/shop/productdetails/139812/yumi-s-creamed-spinach-dip",
    "name": "Yumi's Creamed Spinach Dip 200g",
    "image_url": "https://cdn1.woolworths.media/content/wowproductimages/large/139812.jpg",
    "source_id": "Woolworths - 139812",
    "barcode": "9317444000215",
    "shop": "Woolworths",
    "weight": "100G",
    "prices": [
      {
        "state": "NSW",
        "price": "350",
        "price_per_unit": "175",
        "price_unit": "G"
      },
      {
        "state": "NSW",
        "price": "350",
        "price_per_unit": "175",
        "price_unit": "G"
      },
      {
        "state": "VIC",
        "price": "350",
        "price_per_unit": "175",
        "price_unit": "G"
      },
      {
        "state": "VIC",
        "price": "350",
        "price_per_unit": "175",
        "price_unit": "G"
      },
      {
        "state": "QLD",
        "price": "350",
        "price_per_unit": "175",
        "price_unit": "G"
      },
      {
        "state": "QLD",
        "price": "350",
        "price_per_unit": "175",
        "price_unit": "G"
      },
      {
        "state": "WA",
        "price": "350",
        "price_per_unit": "175",
        "price_unit": "G"
      },
      {
        "state": "WA",
        "price": "350",
        "price_per_unit": "175",
        "price_unit": "G"
      },
      {
        "state": "SA",
        "price": "350",
        "price_per_unit": "175",
        "price_unit": "G"
      },
      {
        "state": "SA",
        "price": "350",
        "price_per_unit": "175",
        "price_unit": "G"
      },
      {
        "state": "TAS",
        "price": "350",
        "price_per_unit": "175",
        "price_unit": "G"
      },
      {
        "state": "TAS",
        "price": "350",
        "price_per_unit": "175",
        "price_unit": "G"
      },
      {
        "state": "ACT",
        "price": "350",
        "price_per_unit": "175",
        "price_unit": "G"
      },
      {
        "state": "ACT",
        "price": "350",
        "price_per_unit": "175",
        "price_unit": "G"
      }
    ]
  },
  {
    "source_url": "https://www.woolworths.com.au/shop/productdetails/139881/yumi-s-eggplant-mediterranean-dip",
    "name": "Yumi's Eggplant Mediterranean Dip 200g",
    "image_url": "https://cdn1.woolworths.media/content/wowproductimages/large/139881.jpg",
    "source_id": "Woolworths - 139881",
    "barcode": "9317444000185",
    "shop": "Woolworths",
    "weight": "100G",
    "prices": [
      {
        "state": "NSW",
        "price": "350",
        "price_per_unit": "175",
        "price_unit": "G"
      },
      {
        "state": "NSW",
        "price": "350",
        "price_per_unit": "175",
        "price_unit": "G"
      },
      {
        "state": "VIC",
        "price": "350",
        "price_per_unit": "175",
        "price_unit": "G"
      },
      {
        "state": "VIC",
        "price": "350",
        "price_per_unit": "175",
        "price_unit": "G"
      },
      {
        "state": "QLD",
        "price": "350",
        "price_per_unit": "175",
        "price_unit": "G"
      },
      {
        "state": "QLD",
        "price": "350",
        "price_per_unit": "175",
        "price_unit": "G"
      },
      {
        "state": "WA",
        "price": "350",
        "price_per_unit": "175",
        "price_unit": "G"
      },
      {
        "state": "WA",
        "price": "350",
        "price_per_unit": "175",
        "price_unit": "G"
      },
      {
        "state": "SA",
        "price": "350",
        "price_per_unit": "175",
        "price_unit": "G"
      },
      {
        "state": "SA",
        "price": "350",
        "price_per_unit": "175",
        "price_unit": "G"
      },
      {
        "state": "TAS",
        "price": "350",
        "price_per_unit": "175",
        "price_unit": "G"
      },
      {
        "state": "TAS",
        "price": "350",
        "price_per_unit": "175",
        "price_unit": "G"
      },
      {
        "state": "ACT",
        "price": "350",
        "price_per_unit": "175",
        "price_unit": "G"
      },
      {
        "state": "ACT",
        "price": "350",
        "price_per_unit": "175",
        "price_unit": "G"
      },
      {
        "state": "NT",
        "price": "350",
        "price_per_unit": "175",
        "price_unit": "G"
      },
      {
        "state": "NT",
        "price": "350",
        "price_per_unit": "175",
        "price_unit": "G"
      }
    ]
  },
  {
    "source_url": "https://www.woolworths.com.au/shop/productdetails/938157/yumi-s-green-goddess-dip-hommus",
    "name": "Yumi's Green Goddess Dip Hommus 200g",
    "image_url": "https://cdn1.woolworths.media/content/wowproductimages/large/938157.jpg",
    "source_id": "Woolworths - 938157",
    "barcode": "9317444004572",
    "shop": "Woolworths",
    "weight": "100G",
    "prices": [
      {
        "state": "NSW",
        "price": "350",
        "price_per_unit": "175",
        "price_unit": "G"
      },
      {
        "state": "NSW",
        "price": "350",
        "price_per_unit": "175",
        "price_unit": "G"
      },
      {
        "state": "VIC",
        "price": "350",
        "price_per_unit": "175",
        "price_unit": "G"
      },
      {
        "state": "VIC",
        "price": "350",
        "price_per_unit": "175",
        "price_unit": "G"
      },
      {
        "state": "WA",
        "price": "350",
        "price_per_unit": "175",
        "price_unit": "G"
      },
      {
        "state": "WA",
        "price": "350",
        "price_per_unit": "175",
        "price_unit": "G"
      },
      {
        "state": "SA",
        "price": "350",
        "price_per_unit": "175",
        "price_unit": "G"
      },
      {
        "state": "SA",
        "price": "350",
        "price_per_unit": "175",
        "price_unit": "G"
      },
      {
        "state": "TAS",
        "price": "350",
        "price_per_unit": "175",
        "price_unit": "G"
      },
      {
        "state": "TAS",
        "price": "350",
        "price_per_unit": "175",
        "price_unit": "G"
      },
      {
        "state": "ACT",
        "price": "350",
        "price_per_unit": "175",
        "price_unit": "G"
      },
      {
        "state": "ACT",
        "price": "350",
        "price_per_unit": "175",
        "price_unit": "G"
      }
    ]
  },
  {
    "source_url": "https://www.woolworths.com.au/shop/productdetails/284855/yumi-s-hommus-roasted-garlic",
    "name": "Yumi's Hommus Roasted Garlic 200g",
    "image_url": "https://cdn1.woolworths.media/content/wowproductimages/large/284855.jpg",
    "source_id": "Woolworths - 284855",
    "barcode": "9317444004169",
    "shop": "Woolworths",
    "weight": "100G",
    "prices": [
      {
        "state": "NSW",
        "price": "350",
        "price_per_unit": "175",
        "price_unit": "G"
      },
      {
        "state": "NSW",
        "price": "350",
        "price_per_unit": "175",
        "price_unit": "G"
      },
      {
        "state": "VIC",
        "price": "350",
        "price_per_unit": "175",
        "price_unit": "G"
      },
      {
        "state": "VIC",
        "price": "350",
        "price_per_unit": "175",
        "price_unit": "G"
      },
      {
        "state": "WA",
        "price": "350",
        "price_per_unit": "175",
        "price_unit": "G"
      },
      {
        "state": "WA",
        "price": "350",
        "price_per_unit": "175",
        "price_unit": "G"
      },
      {
        "state": "SA",
        "price": "350",
        "price_per_unit": "175",
        "price_unit": "G"
      },
      {
        "state": "SA",
        "price": "350",
        "price_per_unit": "175",
        "price_unit": "G"
      },
      {
        "state": "TAS",
        "price": "350",
        "price_per_unit": "175",
        "price_unit": "G"
      },
      {
        "state": "TAS",
        "price": "350",
        "price_per_unit": "175",
        "price_unit": "G"
      },
      {
        "state": "ACT",
        "price": "350",
        "price_per_unit": "175",
        "price_unit": "G"
      },
      {
        "state": "ACT",
        "price": "350",
        "price_per_unit": "175",
        "price_unit": "G"
      }
    ]
  },
  {
    "source_url": "https://www.woolworths.com.au/shop/productdetails/285334/yumi-s-hommus-zesty-lemon",
    "name": "Yumi's Hommus Zesty Lemon 200g",
    "image_url": "https://cdn1.woolworths.media/content/wowproductimages/large/285334.jpg",
    "source_id": "Woolworths - 285334",
    "barcode": "9317444004176",
    "shop": "Woolworths",
    "weight": "100G",
    "prices": [
      {
        "state": "NSW",
        "price": "350",
        "price_per_unit": "175",
        "price_unit": "G"
      },
      {
        "state": "NSW",
        "price": "350",
        "price_per_unit": "175",
        "price_unit": "G"
      },
      {
        "state": "VIC",
        "price": "350",
        "price_per_unit": "175",
        "price_unit": "G"
      },
      {
        "state": "VIC",
        "price": "350",
        "price_per_unit": "175",
        "price_unit": "G"
      },
      {
        "state": "WA",
        "price": "350",
        "price_per_unit": "175",
        "price_unit": "G"
      },
      {
        "state": "WA",
        "price": "350",
        "price_per_unit": "175",
        "price_unit": "G"
      },
      {
        "state": "SA",
        "price": "350",
        "price_per_unit": "175",
        "price_unit": "G"
      },
      {
        "state": "SA",
        "price": "350",
        "price_per_unit": "175",
        "price_unit": "G"
      },
      {
        "state": "TAS",
        "price": "350",
        "price_per_unit": "175",
        "price_unit": "G"
      },
      {
        "state": "TAS",
        "price": "350",
        "price_per_unit": "175",
        "price_unit": "G"
      },
      {
        "state": "ACT",
        "price": "350",
        "price_per_unit": "175",
        "price_unit": "G"
      },
      {
        "state": "ACT",
        "price": "350",
        "price_per_unit": "175",
        "price_unit": "G"
      }
    ]
  },
  {
    "source_url": "https://www.woolworths.com.au/shop/productdetails/120737/yumi-s-italian-olive-dip",
    "name": "Yumi's Italian Olive Dip 200g",
    "image_url": "https://cdn1.woolworths.media/content/wowproductimages/large/120737.jpg",
    "source_id": "Woolworths - 120737",
    "barcode": "9317444000208",
    "shop": "Woolworths",
    "weight": "100G",
    "prices": [
      {
        "state": "NSW",
        "price": "350",
        "price_per_unit": "175",
        "price_unit": "G"
      },
      {
        "state": "NSW",
        "price": "350",
        "price_per_unit": "175",
        "price_unit": "G"
      },
      {
        "state": "VIC",
        "price": "350",
        "price_per_unit": "175",
        "price_unit": "G"
      },
      {
        "state": "VIC",
        "price": "350",
        "price_per_unit": "175",
        "price_unit": "G"
      },
      {
        "state": "QLD",
        "price": "350",
        "price_per_unit": "175",
        "price_unit": "G"
      },
      {
        "state": "QLD",
        "price": "350",
        "price_per_unit": "175",
        "price_unit": "G"
      },
      {
        "state": "WA",
        "price": "350",
        "price_per_unit": "175",
        "price_unit": "G"
      },
      {
        "state": "WA",
        "price": "350",
        "price_per_unit": "175",
        "price_unit": "G"
      },
      {
        "state": "SA",
        "price": "350",
        "price_per_unit": "175",
        "price_unit": "G"
      },
      {
        "state": "SA",
        "price": "350",
        "price_per_unit": "175",
        "price_unit": "G"
      },
      {
        "state": "TAS",
        "price": "350",
        "price_per_unit": "175",
        "price_unit": "G"
      },
      {
        "state": "TAS",
        "price": "350",
        "price_per_unit": "175",
        "price_unit": "G"
      },
      {
        "state": "ACT",
        "price": "350",
        "price_per_unit": "175",
        "price_unit": "G"
      },
      {
        "state": "ACT",
        "price": "350",
        "price_per_unit": "175",
        "price_unit": "G"
      }
    ]
  },
  {
    "source_url": "https://www.woolworths.com.au/shop/productdetails/326264/yumi-s-kalamata-olive-dip",
    "name": "Yumi's Kalamata Olive Dip 200g",
    "image_url": "https://cdn1.woolworths.media/content/wowproductimages/large/326264.jpg",
    "source_id": "Woolworths - 326264",
    "barcode": "9317444001229",
    "shop": "Woolworths",
    "weight": "100G",
    "prices": [
      {
        "state": "NSW",
        "price": "350",
        "price_per_unit": "175",
        "price_unit": "G"
      },
      {
        "state": "NSW",
        "price": "350",
        "price_per_unit": "175",
        "price_unit": "G"
      },
      {
        "state": "VIC",
        "price": "350",
        "price_per_unit": "175",
        "price_unit": "G"
      },
      {
        "state": "VIC",
        "price": "350",
        "price_per_unit": "175",
        "price_unit": "G"
      },
      {
        "state": "QLD",
        "price": "350",
        "price_per_unit": "175",
        "price_unit": "G"
      },
      {
        "state": "QLD",
        "price": "350",
        "price_per_unit": "175",
        "price_unit": "G"
      },
      {
        "state": "WA",
        "price": "350",
        "price_per_unit": "175",
        "price_unit": "G"
      },
      {
        "state": "WA",
        "price": "350",
        "price_per_unit": "175",
        "price_unit": "G"
      },
      {
        "state": "SA",
        "price": "350",
        "price_per_unit": "175",
        "price_unit": "G"
      },
      {
        "state": "SA",
        "price": "350",
        "price_per_unit": "175",
        "price_unit": "G"
      },
      {
        "state": "TAS",
        "price": "350",
        "price_per_unit": "175",
        "price_unit": "G"
      },
      {
        "state": "TAS",
        "price": "350",
        "price_per_unit": "175",
        "price_unit": "G"
      },
      {
        "state": "ACT",
        "price": "350",
        "price_per_unit": "175",
        "price_unit": "G"
      },
      {
        "state": "ACT",
        "price": "350",
        "price_per_unit": "175",
        "price_unit": "G"
      }
    ]
  },
  {
    "source_url": "https://www.woolworths.com.au/shop/productdetails/943268/yumi-s-mezze-chunky-antipasto-dip-sweet-roasted-red-peppers",
    "name": "Yumi's Mezze Chunky Antipasto Dip Sweet Roasted Red Peppers 180g",
    "image_url": "https://cdn1.woolworths.media/content/wowproductimages/large/943268.jpg",
    "source_id": "Woolworths - 943268",
    "barcode": "9317444004510",
    "shop": "Woolworths",
    "weight": "100G",
    "prices": [
      {
        "state": "NSW",
        "price": "400",
        "price_per_unit": "222",
        "price_unit": "G"
      },
      {
        "state": "NSW",
        "price": "400",
        "price_per_unit": "222",
        "price_unit": "G"
      },
      {
        "state": "VIC",
        "price": "400",
        "price_per_unit": "222",
        "price_unit": "G"
      },
      {
        "state": "VIC",
        "price": "400",
        "price_per_unit": "222",
        "price_unit": "G"
      },
      {
        "state": "QLD",
        "price": "400",
        "price_per_unit": "222",
        "price_unit": "G"
      },
      {
        "state": "QLD",
        "price": "400",
        "price_per_unit": "222",
        "price_unit": "G"
      },
      {
        "state": "WA",
        "price": "400",
        "price_per_unit": "222",
        "price_unit": "G"
      },
      {
        "state": "WA",
        "price": "400",
        "price_per_unit": "222",
        "price_unit": "G"
      },
      {
        "state": "SA",
        "price": "400",
        "price_per_unit": "222",
        "price_unit": "G"
      },
      {
        "state": "SA",
        "price": "400",
        "price_per_unit": "222",
        "price_unit": "G"
      },
      {
        "state": "TAS",
        "price": "400",
        "price_per_unit": "222",
        "price_unit": "G"
      },
      {
        "state": "TAS",
        "price": "400",
        "price_per_unit": "222",
        "price_unit": "G"
      },
      {
        "state": "ACT",
        "price": "400",
        "price_per_unit": "222",
        "price_unit": "G"
      },
      {
        "state": "ACT",
        "price": "400",
        "price_per_unit": "222",
        "price_unit": "G"
      }
    ]
  },
  {
    "source_url": "https://www.woolworths.com.au/shop/productdetails/947211/yumi-s-mezze-dip-chargrilled-eggplant-sundried-garlic",
    "name": "Yumi's Mezze Dip Chargrilled Eggplant Sundried & Garlic 180g",
    "image_url": "https://cdn1.woolworths.media/content/wowproductimages/large/947211.jpg",
    "source_id": "Woolworths - 947211",
    "barcode": "9317444004497",
    "shop": "Woolworths",
    "weight": "100G",
    "prices": [
      {
        "state": "NSW",
        "price": "400",
        "price_per_unit": "222",
        "price_unit": "G"
      },
      {
        "state": "NSW",
        "price": "400",
        "price_per_unit": "222",
        "price_unit": "G"
      },
      {
        "state": "VIC",
        "price": "400",
        "price_per_unit": "222",
        "price_unit": "G"
      },
      {
        "state": "VIC",
        "price": "400",
        "price_per_unit": "222",
        "price_unit": "G"
      },
      {
        "state": "QLD",
        "price": "400",
        "price_per_unit": "222",
        "price_unit": "G"
      },
      {
        "state": "QLD",
        "price": "400",
        "price_per_unit": "222",
        "price_unit": "G"
      },
      {
        "state": "WA",
        "price": "400",
        "price_per_unit": "222",
        "price_unit": "G"
      },
      {
        "state": "WA",
        "price": "400",
        "price_per_unit": "222",
        "price_unit": "G"
      },
      {
        "state": "SA",
        "price": "400",
        "price_per_unit": "222",
        "price_unit": "G"
      },
      {
        "state": "SA",
        "price": "400",
        "price_per_unit": "222",
        "price_unit": "G"
      },
      {
        "state": "TAS",
        "price": "400",
        "price_per_unit": "222",
        "price_unit": "G"
      },
      {
        "state": "TAS",
        "price": "400",
        "price_per_unit": "222",
        "price_unit": "G"
      },
      {
        "state": "ACT",
        "price": "400",
        "price_per_unit": "222",
        "price_unit": "G"
      },
      {
        "state": "ACT",
        "price": "400",
        "price_per_unit": "222",
        "price_unit": "G"
      }
    ]
  },
  {
    "source_url": "https://www.woolworths.com.au/shop/productdetails/947819/yumi-s-mezze-dip-sundried-tomato-mixed-olive",
    "name": "Yumi's Mezze Dip Sundried Tomato & Mixed Olive 180g",
    "image_url": "https://cdn1.woolworths.media/content/wowproductimages/large/947819.jpg",
    "source_id": "Woolworths - 947819",
    "barcode": "9317444004503",
    "shop": "Woolworths",
    "weight": "100G",
    "prices": [
      {
        "state": "NSW",
        "price": "400",
        "price_per_unit": "222",
        "price_unit": "G"
      },
      {
        "state": "NSW",
        "price": "400",
        "price_per_unit": "222",
        "price_unit": "G"
      },
      {
        "state": "VIC",
        "price": "400",
        "price_per_unit": "222",
        "price_unit": "G"
      },
      {
        "state": "VIC",
        "price": "400",
        "price_per_unit": "222",
        "price_unit": "G"
      },
      {
        "state": "QLD",
        "price": "400",
        "price_per_unit": "222",
        "price_unit": "G"
      },
      {
        "state": "QLD",
        "price": "400",
        "price_per_unit": "222",
        "price_unit": "G"
      },
      {
        "state": "WA",
        "price": "400",
        "price_per_unit": "222",
        "price_unit": "G"
      },
      {
        "state": "WA",
        "price": "400",
        "price_per_unit": "222",
        "price_unit": "G"
      },
      {
        "state": "SA",
        "price": "400",
        "price_per_unit": "222",
        "price_unit": "G"
      },
      {
        "state": "SA",
        "price": "400",
        "price_per_unit": "222",
        "price_unit": "G"
      },
      {
        "state": "ACT",
        "price": "400",
        "price_per_unit": "222",
        "price_unit": "G"
      },
      {
        "state": "ACT",
        "price": "400",
        "price_per_unit": "222",
        "price_unit": "G"
      }
    ]
  },
  {
    "source_url": "https://www.woolworths.com.au/shop/productdetails/81500/yumi-s-mini-hommus",
    "name": "Yumi's Mini Hommus 65g x3 Pack",
    "image_url": "https://cdn1.woolworths.media/content/wowproductimages/large/081500.jpg",
    "source_id": "Woolworths - 81500",
    "barcode": "9317444002882",
    "shop": "Woolworths",
    "weight": "100G",
    "prices": [
      {
        "state": "NSW",
        "price": "380",
        "price_per_unit": "195",
        "price_unit": "G"
      },
      {
        "state": "NSW",
        "price": "380",
        "price_per_unit": "195",
        "price_unit": "G"
      },
      {
        "state": "VIC",
        "price": "380",
        "price_per_unit": "195",
        "price_unit": "G"
      },
      {
        "state": "VIC",
        "price": "380",
        "price_per_unit": "195",
        "price_unit": "G"
      },
      {
        "state": "QLD",
        "price": "380",
        "price_per_unit": "195",
        "price_unit": "G"
      },
      {
        "state": "QLD",
        "price": "380",
        "price_per_unit": "195",
        "price_unit": "G"
      },
      {
        "state": "WA",
        "price": "380",
        "price_per_unit": "195",
        "price_unit": "G"
      },
      {
        "state": "WA",
        "price": "380",
        "price_per_unit": "195",
        "price_unit": "G"
      },
      {
        "state": "SA",
        "price": "380",
        "price_per_unit": "195",
        "price_unit": "G"
      },
      {
        "state": "SA",
        "price": "380",
        "price_per_unit": "195",
        "price_unit": "G"
      },
      {
        "state": "TAS",
        "price": "380",
        "price_per_unit": "195",
        "price_unit": "G"
      },
      {
        "state": "TAS",
        "price": "380",
        "price_per_unit": "195",
        "price_unit": "G"
      },
      {
        "state": "ACT",
        "price": "380",
        "price_per_unit": "195",
        "price_unit": "G"
      },
      {
        "state": "ACT",
        "price": "380",
        "price_per_unit": "195",
        "price_unit": "G"
      },
      {
        "state": "NT",
        "price": "380",
        "price_per_unit": "195",
        "price_unit": "G"
      },
      {
        "state": "NT",
        "price": "380",
        "price_per_unit": "195",
        "price_unit": "G"
      }
    ]
  },
  {
    "source_url": "https://www.woolworths.com.au/shop/productdetails/531732/yumi-s-roasted-beetroot-hommus-dip",
    "name": "Yumi's Roasted Beetroot Hommus Dip 200g",
    "image_url": "https://cdn1.woolworths.media/content/wowproductimages/large/531732.jpg",
    "source_id": "Woolworths - 531732",
    "barcode": "9317444001236",
    "shop": "Woolworths",
    "weight": "100G",
    "prices": [
      {
        "state": "NSW",
        "price": "350",
        "price_per_unit": "175",
        "price_unit": "G"
      },
      {
        "state": "NSW",
        "price": "350",
        "price_per_unit": "175",
        "price_unit": "G"
      },
      {
        "state": "VIC",
        "price": "350",
        "price_per_unit": "175",
        "price_unit": "G"
      },
      {
        "state": "VIC",
        "price": "350",
        "price_per_unit": "175",
        "price_unit": "G"
      },
      {
        "state": "QLD",
        "price": "350",
        "price_per_unit": "175",
        "price_unit": "G"
      },
      {
        "state": "QLD",
        "price": "350",
        "price_per_unit": "175",
        "price_unit": "G"
      },
      {
        "state": "WA",
        "price": "350",
        "price_per_unit": "175",
        "price_unit": "G"
      },
      {
        "state": "WA",
        "price": "350",
        "price_per_unit": "175",
        "price_unit": "G"
      },
      {
        "state": "SA",
        "price": "350",
        "price_per_unit": "175",
        "price_unit": "G"
      },
      {
        "state": "SA",
        "price": "350",
        "price_per_unit": "175",
        "price_unit": "G"
      },
      {
        "state": "TAS",
        "price": "350",
        "price_per_unit": "175",
        "price_unit": "G"
      },
      {
        "state": "TAS",
        "price": "350",
        "price_per_unit": "175",
        "price_unit": "G"
      },
      {
        "state": "ACT",
        "price": "350",
        "price_per_unit": "175",
        "price_unit": "G"
      },
      {
        "state": "ACT",
        "price": "350",
        "price_per_unit": "175",
        "price_unit": "G"
      },
      {
        "state": "NT",
        "price": "350",
        "price_per_unit": "175",
        "price_unit": "G"
      },
      {
        "state": "NT",
        "price": "350",
        "price_per_unit": "175",
        "price_unit": "G"
      }
    ]
  },
  {
    "source_url": "https://www.woolworths.com.au/shop/productdetails/626243/yumi-s-roasted-capsicum-cashew-dip",
    "name": "Yumi's Roasted Capsicum & Cashew Dip 200g",
    "image_url": "https://cdn1.woolworths.media/content/wowproductimages/large/626243.jpg",
    "source_id": "Woolworths - 626243",
    "barcode": "9317444001410",
    "shop": "Woolworths",
    "weight": "100G",
    "prices": [
      {
        "state": "NSW",
        "price": "350",
        "price_per_unit": "175",
        "price_unit": "G"
      },
      {
        "state": "NSW",
        "price": "350",
        "price_per_unit": "175",
        "price_unit": "G"
      },
      {
        "state": "VIC",
        "price": "350",
        "price_per_unit": "175",
        "price_unit": "G"
      },
      {
        "state": "VIC",
        "price": "350",
        "price_per_unit": "175",
        "price_unit": "G"
      },
      {
        "state": "QLD",
        "price": "350",
        "price_per_unit": "175",
        "price_unit": "G"
      },
      {
        "state": "QLD",
        "price": "350",
        "price_per_unit": "175",
        "price_unit": "G"
      },
      {
        "state": "WA",
        "price": "350",
        "price_per_unit": "175",
        "price_unit": "G"
      },
      {
        "state": "WA",
        "price": "350",
        "price_per_unit": "175",
        "price_unit": "G"
      },
      {
        "state": "SA",
        "price": "350",
        "price_per_unit": "175",
        "price_unit": "G"
      },
      {
        "state": "SA",
        "price": "350",
        "price_per_unit": "175",
        "price_unit": "G"
      },
      {
        "state": "TAS",
        "price": "350",
        "price_per_unit": "175",
        "price_unit": "G"
      },
      {
        "state": "TAS",
        "price": "350",
        "price_per_unit": "175",
        "price_unit": "G"
      },
      {
        "state": "ACT",
        "price": "350",
        "price_per_unit": "175",
        "price_unit": "G"
      },
      {
        "state": "ACT",
        "price": "350",
        "price_per_unit": "175",
        "price_unit": "G"
      },
      {
        "state": "NT",
        "price": "350",
        "price_per_unit": "175",
        "price_unit": "G"
      },
      {
        "state": "NT",
        "price": "350",
        "price_per_unit": "175",
        "price_unit": "G"
      }
    ]
  },
  {
    "source_url": "https://www.woolworths.com.au/shop/productdetails/938180/yumi-s-spicy-jalapeno-hommus",
    "name": "Yumi's Spicy Jalapeno Hommus 200g",
    "image_url": "https://cdn1.woolworths.media/content/wowproductimages/large/938180.jpg",
    "source_id": "Woolworths - 938180",
    "barcode": "9317444004565",
    "shop": "Woolworths",
    "weight": "100G",
    "prices": [
      {
        "state": "NSW",
        "price": "350",
        "price_per_unit": "175",
        "price_unit": "G"
      },
      {
        "state": "NSW",
        "price": "350",
        "price_per_unit": "175",
        "price_unit": "G"
      },
      {
        "state": "VIC",
        "price": "350",
        "price_per_unit": "175",
        "price_unit": "G"
      },
      {
        "state": "VIC",
        "price": "350",
        "price_per_unit": "175",
        "price_unit": "G"
      },
      {
        "state": "WA",
        "price": "350",
        "price_per_unit": "175",
        "price_unit": "G"
      },
      {
        "state": "WA",
        "price": "350",
        "price_per_unit": "175",
        "price_unit": "G"
      },
      {
        "state": "SA",
        "price": "350",
        "price_per_unit": "175",
        "price_unit": "G"
      },
      {
        "state": "SA",
        "price": "350",
        "price_per_unit": "175",
        "price_unit": "G"
      },
      {
        "state": "TAS",
        "price": "350",
        "price_per_unit": "175",
        "price_unit": "G"
      },
      {
        "state": "TAS",
        "price": "350",
        "price_per_unit": "175",
        "price_unit": "G"
      },
      {
        "state": "ACT",
        "price": "350",
        "price_per_unit": "175",
        "price_unit": "G"
      },
      {
        "state": "ACT",
        "price": "350",
        "price_per_unit": "175",
        "price_unit": "G"
      }
    ]
  },
  {
    "source_url": "https://www.woolworths.com.au/shop/productdetails/258854/yumi-s-sweet-potato-cashews-dip",
    "name": "Yumi's Sweet Potato & Cashews Dip 200g",
    "image_url": "https://cdn1.woolworths.media/content/wowproductimages/large/258854.jpg",
    "source_id": "Woolworths - 258854",
    "barcode": "9317444001168",
    "shop": "Woolworths",
    "weight": "100G",
    "prices": [
      {
        "state": "NSW",
        "price": "350",
        "price_per_unit": "175",
        "price_unit": "G"
      },
      {
        "state": "NSW",
        "price": "350",
        "price_per_unit": "175",
        "price_unit": "G"
      },
      {
        "state": "VIC",
        "price": "350",
        "price_per_unit": "175",
        "price_unit": "G"
      },
      {
        "state": "VIC",
        "price": "350",
        "price_per_unit": "175",
        "price_unit": "G"
      },
      {
        "state": "QLD",
        "price": "350",
        "price_per_unit": "175",
        "price_unit": "G"
      },
      {
        "state": "QLD",
        "price": "350",
        "price_per_unit": "175",
        "price_unit": "G"
      },
      {
        "state": "WA",
        "price": "350",
        "price_per_unit": "175",
        "price_unit": "G"
      },
      {
        "state": "WA",
        "price": "350",
        "price_per_unit": "175",
        "price_unit": "G"
      },
      {
        "state": "SA",
        "price": "350",
        "price_per_unit": "175",
        "price_unit": "G"
      },
      {
        "state": "SA",
        "price": "350",
        "price_per_unit": "175",
        "price_unit": "G"
      },
      {
        "state": "TAS",
        "price": "350",
        "price_per_unit": "175",
        "price_unit": "G"
      },
      {
        "state": "TAS",
        "price": "350",
        "price_per_unit": "175",
        "price_unit": "G"
      },
      {
        "state": "ACT",
        "price": "350",
        "price_per_unit": "175",
        "price_unit": "G"
      },
      {
        "state": "ACT",
        "price": "350",
        "price_per_unit": "175",
        "price_unit": "G"
      },
      {
        "state": "NT",
        "price": "350",
        "price_per_unit": "175",
        "price_unit": "G"
      },
      {
        "state": "NT",
        "price": "350",
        "price_per_unit": "175",
        "price_unit": "G"
      }
    ]
  },
  {
    "source_url": "https://www.woolworths.com.au/shop/productdetails/85313/yumi-s-traditional-garlic-dip",
    "name": "Yumi's Traditional Garlic Dip 200g",
    "image_url": "https://cdn1.woolworths.media/content/wowproductimages/large/085313.jpg",
    "source_id": "Woolworths - 85313",
    "barcode": "9317444003445",
    "shop": "Woolworths",
    "weight": "100G",
    "prices": [
      {
        "state": "NSW",
        "price": "350",
        "price_per_unit": "175",
        "price_unit": "G"
      },
      {
        "state": "NSW",
        "price": "350",
        "price_per_unit": "175",
        "price_unit": "G"
      },
      {
        "state": "VIC",
        "price": "350",
        "price_per_unit": "175",
        "price_unit": "G"
      },
      {
        "state": "VIC",
        "price": "350",
        "price_per_unit": "175",
        "price_unit": "G"
      },
      {
        "state": "QLD",
        "price": "350",
        "price_per_unit": "175",
        "price_unit": "G"
      },
      {
        "state": "QLD",
        "price": "350",
        "price_per_unit": "175",
        "price_unit": "G"
      },
      {
        "state": "WA",
        "price": "350",
        "price_per_unit": "175",
        "price_unit": "G"
      },
      {
        "state": "WA",
        "price": "350",
        "price_per_unit": "175",
        "price_unit": "G"
      },
      {
        "state": "SA",
        "price": "350",
        "price_per_unit": "175",
        "price_unit": "G"
      },
      {
        "state": "SA",
        "price": "350",
        "price_per_unit": "175",
        "price_unit": "G"
      },
      {
        "state": "TAS",
        "price": "350",
        "price_per_unit": "175",
        "price_unit": "G"
      },
      {
        "state": "TAS",
        "price": "350",
        "price_per_unit": "175",
        "price_unit": "G"
      },
      {
        "state": "ACT",
        "price": "350",
        "price_per_unit": "175",
        "price_unit": "G"
      },
      {
        "state": "ACT",
        "price": "350",
        "price_per_unit": "175",
        "price_unit": "G"
      }
    ]
  },
  {
    "source_url": "https://www.woolworths.com.au/shop/productdetails/182017/yumi-s-traditional-middle-eastern-hommus",
    "name": "Yumi's Traditional Middle Eastern Hommus 500g",
    "image_url": "https://cdn1.woolworths.media/content/wowproductimages/large/182017.jpg",
    "source_id": "Woolworths - 182017",
    "barcode": "9317444003711",
    "shop": "Woolworths",
    "weight": "100G",
    "prices": [
      {
        "state": "NSW",
        "price": "650",
        "price_per_unit": "130",
        "price_unit": "G"
      },
      {
        "state": "NSW",
        "price": "650",
        "price_per_unit": "130",
        "price_unit": "G"
      },
      {
        "state": "VIC",
        "price": "650",
        "price_per_unit": "130",
        "price_unit": "G"
      },
      {
        "state": "VIC",
        "price": "650",
        "price_per_unit": "130",
        "price_unit": "G"
      },
      {
        "state": "QLD",
        "price": "650",
        "price_per_unit": "130",
        "price_unit": "G"
      },
      {
        "state": "QLD",
        "price": "650",
        "price_per_unit": "130",
        "price_unit": "G"
      },
      {
        "state": "WA",
        "price": "650",
        "price_per_unit": "130",
        "price_unit": "G"
      },
      {
        "state": "WA",
        "price": "650",
        "price_per_unit": "130",
        "price_unit": "G"
      },
      {
        "state": "SA",
        "price": "650",
        "price_per_unit": "130",
        "price_unit": "G"
      },
      {
        "state": "SA",
        "price": "650",
        "price_per_unit": "130",
        "price_unit": "G"
      },
      {
        "state": "TAS",
        "price": "650",
        "price_per_unit": "130",
        "price_unit": "G"
      },
      {
        "state": "TAS",
        "price": "650",
        "price_per_unit": "130",
        "price_unit": "G"
      },
      {
        "state": "ACT",
        "price": "650",
        "price_per_unit": "130",
        "price_unit": "G"
      },
      {
        "state": "ACT",
        "price": "650",
        "price_per_unit": "130",
        "price_unit": "G"
      },
      {
        "state": "NT",
        "price": "650",
        "price_per_unit": "130",
        "price_unit": "G"
      },
      {
        "state": "NT",
        "price": "650",
        "price_per_unit": "130",
        "price_unit": "G"
      }
    ]
  },
  {
    "source_url": "https://www.woolworths.com.au/shop/productdetails/339939/yumi-s-traditional-middle-eastern-hommus-dip",
    "name": "Yumi's Traditional Middle Eastern Hommus Dip 1kg",
    "image_url": "https://cdn1.woolworths.media/content/wowproductimages/large/339939.jpg",
    "source_id": "Woolworths - 339939",
    "barcode": "9317444001564",
    "shop": "Woolworths",
    "weight": "100G",
    "prices": [
      {
        "state": "NSW",
        "price": "800",
        "price_per_unit": "80",
        "price_unit": "G"
      },
      {
        "state": "NSW",
        "price": "800",
        "price_per_unit": "80",
        "price_unit": "G"
      },
      {
        "state": "VIC",
        "price": "800",
        "price_per_unit": "80",
        "price_unit": "G"
      },
      {
        "state": "VIC",
        "price": "800",
        "price_per_unit": "80",
        "price_unit": "G"
      },
      {
        "state": "QLD",
        "price": "800",
        "price_per_unit": "80",
        "price_unit": "G"
      },
      {
        "state": "QLD",
        "price": "800",
        "price_per_unit": "80",
        "price_unit": "G"
      },
      {
        "state": "WA",
        "price": "800",
        "price_per_unit": "80",
        "price_unit": "G"
      },
      {
        "state": "WA",
        "price": "800",
        "price_per_unit": "80",
        "price_unit": "G"
      },
      {
        "state": "SA",
        "price": "800",
        "price_per_unit": "80",
        "price_unit": "G"
      },
      {
        "state": "SA",
        "price": "800",
        "price_per_unit": "80",
        "price_unit": "G"
      },
      {
        "state": "TAS",
        "price": "800",
        "price_per_unit": "80",
        "price_unit": "G"
      },
      {
        "state": "TAS",
        "price": "800",
        "price_per_unit": "80",
        "price_unit": "G"
      },
      {
        "state": "ACT",
        "price": "800",
        "price_per_unit": "80",
        "price_unit": "G"
      },
      {
        "state": "ACT",
        "price": "800",
        "price_per_unit": "80",
        "price_unit": "G"
      },
      {
        "state": "NT",
        "price": "800",
        "price_per_unit": "80",
        "price_unit": "G"
      },
      {
        "state": "NT",
        "price": "800",
        "price_per_unit": "80",
        "price_unit": "G"
      }
    ]
  },
  {
    "source_url": "https://www.woolworths.com.au/shop/productdetails/323081/yumi-s-traditional-middle-eastern-hommus-dip",
    "name": "Yumi's Traditional Middle Eastern Hommus Dip 200g",
    "image_url": "https://cdn1.woolworths.media/content/wowproductimages/large/323081.jpg",
    "source_id": "Woolworths - 323081",
    "barcode": "9317444000161",
    "shop": "Woolworths",
    "weight": "100G",
    "prices": [
      {
        "state": "NSW",
        "price": "350",
        "price_per_unit": "175",
        "price_unit": "G"
      },
      {
        "state": "NSW",
        "price": "350",
        "price_per_unit": "175",
        "price_unit": "G"
      },
      {
        "state": "VIC",
        "price": "350",
        "price_per_unit": "175",
        "price_unit": "G"
      },
      {
        "state": "VIC",
        "price": "350",
        "price_per_unit": "175",
        "price_unit": "G"
      },
      {
        "state": "QLD",
        "price": "350",
        "price_per_unit": "175",
        "price_unit": "G"
      },
      {
        "state": "QLD",
        "price": "350",
        "price_per_unit": "175",
        "price_unit": "G"
      },
      {
        "state": "WA",
        "price": "350",
        "price_per_unit": "175",
        "price_unit": "G"
      },
      {
        "state": "WA",
        "price": "350",
        "price_per_unit": "175",
        "price_unit": "G"
      },
      {
        "state": "SA",
        "price": "350",
        "price_per_unit": "175",
        "price_unit": "G"
      },
      {
        "state": "SA",
        "price": "350",
        "price_per_unit": "175",
        "price_unit": "G"
      },
      {
        "state": "TAS",
        "price": "350",
        "price_per_unit": "175",
        "price_unit": "G"
      },
      {
        "state": "TAS",
        "price": "350",
        "price_per_unit": "175",
        "price_unit": "G"
      },
      {
        "state": "ACT",
        "price": "350",
        "price_per_unit": "175",
        "price_unit": "G"
      },
      {
        "state": "ACT",
        "price": "350",
        "price_per_unit": "175",
        "price_unit": "G"
      },
      {
        "state": "NT",
        "price": "350",
        "price_per_unit": "175",
        "price_unit": "G"
      },
      {
        "state": "NT",
        "price": "350",
        "price_per_unit": "175",
        "price_unit": "G"
      }
    ]
  },
  {
    "source_url": "https://www.woolworths.com.au/shop/productdetails/79653/woolworths-good-to-go-apple-slices-tasty-cheese-chocolate-pretzels",
    "name": "Woolworths Good To Go Apple Slices Tasty Cheese & Chocolate Pretzels 80g",
    "image_url": "https://cdn1.woolworths.media/content/wowproductimages/large/079653.jpg",
    "source_id": "Woolworths - 79653",
    "barcode": "9339687153756",
    "shop": "Woolworths",
    "weight": "100G",
    "prices": []
  },
  {
    "source_url": "https://www.woolworths.com.au/shop/productdetails/79658/woolworths-good-to-go-apple-slices-tasty-cheese-crackers",
    "name": "Woolworths Good To Go Apple Slices Tasty Cheese & Crackers 80g",
    "image_url": "https://cdn1.woolworths.media/content/wowproductimages/large/079658.jpg",
    "source_id": "Woolworths - 79658",
    "barcode": "9339687153794",
    "shop": "Woolworths",
    "weight": "100G",
    "prices": []
  },
  {
    "source_url": "https://www.woolworths.com.au/shop/productdetails/72695/woolworths-good-to-go-free-range-egg-spinach-protein-pot",
    "name": "Woolworths Good To Go Free Range Egg & Spinach Protein Pot 90g",
    "image_url": "https://cdn1.woolworths.media/content/wowproductimages/large/072695.jpg",
    "source_id": "Woolworths - 72695",
    "barcode": "9339687137862",
    "shop": "Woolworths",
    "weight": "100G",
    "prices": [
      {
        "state": "VIC",
        "price": "440",
        "price_per_unit": "489",
        "price_unit": "G"
      }
    ]
  },
  {
    "source_url": "https://www.woolworths.com.au/shop/productdetails/239678/nuffin-capsicum-onion-dip",
    "name": "Nuffin Capsicum & Onion Dip 200g",
    "image_url": "https://cdn1.woolworths.media/content/wowproductimages/large/239678.jpg",
    "source_id": "Woolworths - 239678",
    "barcode": "9330370013050",
    "shop": "Woolworths",
    "weight": "100G",
    "prices": [
      {
        "state": "WA",
        "price": "500",
        "price_per_unit": "250",
        "price_unit": "G"
      },
      {
        "state": "WA",
        "price": "500",
        "price_per_unit": "250",
        "price_unit": "G"
      },
      {
        "state": "SA",
        "price": "500",
        "price_per_unit": "250",
        "price_unit": "G"
      },
      {
        "state": "SA",
        "price": "500",
        "price_per_unit": "250",
        "price_unit": "G"
      },
      {
        "state": "TAS",
        "price": "500",
        "price_per_unit": "250",
        "price_unit": "G"
      },
      {
        "state": "TAS",
        "price": "500",
        "price_per_unit": "250",
        "price_unit": "G"
      }
    ]
  },
  {
    "source_url": "https://www.woolworths.com.au/shop/productdetails/20015/yumi-s-smoked-trout-mousse-dip",
    "name": "Yumi's Smoked Trout Mousse Dip 200g",
    "image_url": "https://cdn1.woolworths.media/content/wowproductimages/large/020015.jpg",
    "source_id": "Woolworths - 20015",
    "barcode": "9317444975315",
    "shop": "Woolworths",
    "weight": "100G",
    "prices": [
      {
        "state": "ACT",
        "price": "650",
        "price_per_unit": "325",
        "price_unit": "G"
      },
      {
        "state": "ACT",
        "price": "650",
        "price_per_unit": "325",
        "price_unit": "G"
      }
    ]
  }
]