[
  {
    "source_url": "https://www.woolworths.com.au/shop/productdetails/391859/coyo-dairy-free-coconut-custard-vanilla",
    "name": "COYO Dairy Free Coconut Custard Vanilla 500g",
    "image_url": "https://cdn1.woolworths.media/content/wowproductimages/large/391859.jpg",
    "source_id": "Woolworths - 391859",
    "barcode": "9351851002370",
    "shop": "Woolworths",
    "weight": "100G",
    "prices": [
      {
        "state": "NSW",
        "price": "500",
        "price_per_unit": "100",
        "price_unit": "G"
      },
      {
        "state": "QLD",
        "price": "500",
        "price_per_unit": "100",
        "price_unit": "G"
      },
      {
        "state": "WA",
        "price": "500",
        "price_per_unit": "100",
        "price_unit": "G"
      },
      {
        "state": "SA",
        "price": "500",
        "price_per_unit": "100",
        "price_unit": "G"
      },
      {
        "state": "TAS",
        "price": "500",
        "price_per_unit": "100",
        "price_unit": "G"
      },
      {
        "state": "NT",
        "price": "500",
        "price_per_unit": "100",
        "price_unit": "G"
      }
    ]
  },
  {
    "source_url": "https://www.woolworths.com.au/shop/productdetails/85358/dairy-farmers-vanilla-custard",
    "name": "Dairy Farmers Vanilla Custard 1kg",
    "image_url": "https://cdn1.woolworths.media/content/wowproductimages/large/085358.jpg",
    "source_id": "Woolworths - 85358",
    "barcode": "9310199022969",
    "shop": "Woolworths",
    "weight": "100G",
    "prices": [
      {
        "state": "NSW",
        "price": "490",
        "price_per_unit": "49",
        "price_unit": "G"
      },
      {
        "state": "VIC",
        "price": "490",
        "price_per_unit": "49",
        "price_unit": "G"
      },
      {
        "state": "QLD",
        "price": "490",
        "price_per_unit": "49",
        "price_unit": "G"
      },
      {
        "state": "WA",
        "price": "490",
        "price_per_unit": "49",
        "price_unit": "G"
      },
      {
        "state": "SA",
        "price": "490",
        "price_per_unit": "49",
        "price_unit": "G"
      },
      {
        "state": "TAS",
        "price": "490",
        "price_per_unit": "49",
        "price_unit": "G"
      },
      {
        "state": "ACT",
        "price": "490",
        "price_per_unit": "49",
        "price_unit": "G"
      },
      {
        "state": "NT",
        "price": "490",
        "price_per_unit": "49",
        "price_unit": "G"
      }
    ]
  },
  {
    "source_url": "https://www.woolworths.com.au/shop/productdetails/66394/foster-clark-s-original-recipe-vanilla-flavoured-liquid-custard",
    "name": "Foster Clark's Original Recipe Vanilla Flavoured Liquid Custard 1l",
    "image_url": "https://cdn1.woolworths.media/content/wowproductimages/large/066394.jpg",
    "source_id": "Woolworths - 66394",
    "barcode": "9300681409460",
    "shop": "Woolworths",
    "weight": "100ML",
    "prices": [
      {
        "state": "NSW",
        "price": "450",
        "price_per_unit": "45",
        "price_unit": "ML"
      },
      {
        "state": "VIC",
        "price": "450",
        "price_per_unit": "45",
        "price_unit": "ML"
      },
      {
        "state": "QLD",
        "price": "450",
        "price_per_unit": "45",
        "price_unit": "ML"
      },
      {
        "state": "WA",
        "price": "450",
        "price_per_unit": "45",
        "price_unit": "ML"
      },
      {
        "state": "SA",
        "price": "450",
        "price_per_unit": "45",
        "price_unit": "ML"
      },
      {
        "state": "TAS",
        "price": "450",
        "price_per_unit": "45",
        "price_unit": "ML"
      },
      {
        "state": "ACT",
        "price": "450",
        "price_per_unit": "45",
        "price_unit": "ML"
      },
      {
        "state": "NT",
        "price": "450",
        "price_per_unit": "45",
        "price_unit": "ML"
      }
    ]
  },
  {
    "source_url": "https://www.woolworths.com.au/shop/productdetails/105610/lush-christmas-brandy-panna-cotta-gourmet-dessert",
    "name": "Lush Christmas Brandy Panna Cotta Gourmet Dessert 250g",
    "image_url": "https://cdn1.woolworths.media/content/wowproductimages/large/105610.jpg",
    "source_id": "Woolworths - 105610",
    "barcode": "9353630000294",
    "shop": "Woolworths",
    "weight": "100G",
    "prices": [
      {
        "state": "NSW",
        "price": "580",
        "price_per_unit": "232",
        "price_unit": "G"
      },
      {
        "state": "WA",
        "price": "580",
        "price_per_unit": "232",
        "price_unit": "G"
      },
      {
        "state": "NT",
        "price": "580",
        "price_per_unit": "232",
        "price_unit": "G"
      }
    ]
  },
  {
    "source_url": "https://www.woolworths.com.au/shop/productdetails/178451/pauls-baileys-custard-original-flavoured-premium-custard",
    "name": "Pauls Baileys Custard Original Flavoured Premium Custard 600g",
    "image_url": "https://cdn1.woolworths.media/content/wowproductimages/large/178451.jpg",
    "source_id": "Woolworths - 178451",
    "barcode": "9310036062981",
    "shop": "Woolworths",
    "weight": "100G",
    "prices": [
      {
        "state": "NSW",
        "price": "450",
        "price_per_unit": "75",
        "price_unit": "G"
      },
      {
        "state": "QLD",
        "price": "450",
        "price_per_unit": "75",
        "price_unit": "G"
      },
      {
        "state": "WA",
        "price": "450",
        "price_per_unit": "75",
        "price_unit": "G"
      },
      {
        "state": "ACT",
        "price": "450",
        "price_per_unit": "75",
        "price_unit": "G"
      },
      {
        "state": "NT",
        "price": "450",
        "price_per_unit": "75",
        "price_unit": "G"
      }
    ]
  },
  {
    "source_url": "https://www.woolworths.com.au/shop/productdetails/958194/pauls-baileys-inspired-hazelnut-custard",
    "name": "Pauls Baileys Inspired Hazelnut Custard 600g",
    "image_url": "https://cdn1.woolworths.media/content/wowproductimages/large/958194.jpg",
    "source_id": "Woolworths - 958194",
    "barcode": "9310036228165",
    "shop": "Woolworths",
    "weight": "100G",
    "prices": [
      {
        "state": "NSW",
        "price": "650",
        "price_per_unit": "108",
        "price_unit": "G"
      },
      {
        "state": "VIC",
        "price": "650",
        "price_per_unit": "108",
        "price_unit": "G"
      },
      {
        "state": "QLD",
        "price": "650",
        "price_per_unit": "108",
        "price_unit": "G"
      },
      {
        "state": "WA",
        "price": "650",
        "price_per_unit": "108",
        "price_unit": "G"
      },
      {
        "state": "SA",
        "price": "650",
        "price_per_unit": "108",
        "price_unit": "G"
      },
      {
        "state": "TAS",
        "price": "650",
        "price_per_unit": "108",
        "price_unit": "G"
      },
      {
        "state": "ACT",
        "price": "650",
        "price_per_unit": "108",
        "price_unit": "G"
      },
      {
        "state": "NT",
        "price": "650",
        "price_per_unit": "108",
        "price_unit": "G"
      }
    ]
  },
  {
    "source_url": "https://www.woolworths.com.au/shop/productdetails/774987/pauls-creamy-custard-butterscotch",
    "name": "Pauls Creamy Custard Butterscotch 1kg",
    "image_url": "https://cdn1.woolworths.media/content/wowproductimages/large/774987.jpg",
    "source_id": "Woolworths - 774987",
    "barcode": "9310036045885",
    "shop": "Woolworths",
    "weight": "100G",
    "prices": [
      {
        "state": "NSW",
        "price": "600",
        "price_per_unit": "60",
        "price_unit": "G"
      },
      {
        "state": "QLD",
        "price": "600",
        "price_per_unit": "60",
        "price_unit": "G"
      },
      {
        "state": "WA",
        "price": "600",
        "price_per_unit": "60",
        "price_unit": "G"
      },
      {
        "state": "SA",
        "price": "600",
        "price_per_unit": "60",
        "price_unit": "G"
      },
      {
        "state": "TAS",
        "price": "600",
        "price_per_unit": "60",
        "price_unit": "G"
      },
      {
        "state": "NT",
        "price": "600",
        "price_per_unit": "60",
        "price_unit": "G"
      }
    ]
  },
  {
    "source_url": "https://www.woolworths.com.au/shop/productdetails/385984/pauls-creamy-custard-white-chocolate",
    "name": "Pauls Creamy Custard White Chocolate 1kg",
    "image_url": "https://cdn1.woolworths.media/content/wowproductimages/large/385984.jpg",
    "source_id": "Woolworths - 385984",
    "barcode": "9310036076490",
    "shop": "Woolworths",
    "weight": "100G",
    "prices": [
      {
        "state": "NSW",
        "price": "600",
        "price_per_unit": "60",
        "price_unit": "G"
      },
      {
        "state": "QLD",
        "price": "600",
        "price_per_unit": "60",
        "price_unit": "G"
      },
      {
        "state": "WA",
        "price": "600",
        "price_per_unit": "60",
        "price_unit": "G"
      },
      {
        "state": "SA",
        "price": "600",
        "price_per_unit": "60",
        "price_unit": "G"
      },
      {
        "state": "NT",
        "price": "600",
        "price_per_unit": "60",
        "price_unit": "G"
      }
    ]
  },
  {
    "source_url": "https://www.woolworths.com.au/shop/productdetails/22796/pauls-custard-brandy-flavoured",
    "name": "Pauls Custard Brandy Flavoured 1kg",
    "image_url": "https://cdn1.woolworths.media/content/wowproductimages/large/022796.jpg",
    "source_id": "Woolworths - 22796",
    "barcode": "9310036013129",
    "shop": "Woolworths",
    "weight": "100G",
    "prices": [
      {
        "state": "NSW",
        "price": "600",
        "price_per_unit": "60",
        "price_unit": "G"
      },
      {
        "state": "VIC",
        "price": "600",
        "price_per_unit": "60",
        "price_unit": "G"
      },
      {
        "state": "QLD",
        "price": "600",
        "price_per_unit": "60",
        "price_unit": "G"
      },
      {
        "state": "WA",
        "price": "600",
        "price_per_unit": "60",
        "price_unit": "G"
      },
      {
        "state": "TAS",
        "price": "600",
        "price_per_unit": "60",
        "price_unit": "G"
      },
      {
        "state": "NT",
        "price": "600",
        "price_per_unit": "60",
        "price_unit": "G"
      }
    ]
  },
  {
    "source_url": "https://www.woolworths.com.au/shop/productdetails/436518/pauls-custard-pouch-vanilla-vanilla",
    "name": "Pauls Custard Pouch Vanilla 140g",
    "image_url": "https://cdn1.woolworths.media/content/wowproductimages/large/436518.jpg",
    "source_id": "Woolworths - 436518",
    "barcode": "9310036046813",
    "shop": "Woolworths",
    "weight": "100G",
    "prices": [
      {
        "state": "NSW",
        "price": "240",
        "price_per_unit": "171",
        "price_unit": "G"
      },
      {
        "state": "VIC",
        "price": "240",
        "price_per_unit": "171",
        "price_unit": "G"
      },
      {
        "state": "QLD",
        "price": "240",
        "price_per_unit": "171",
        "price_unit": "G"
      },
      {
        "state": "WA",
        "price": "240",
        "price_per_unit": "171",
        "price_unit": "G"
      },
      {
        "state": "SA",
        "price": "240",
        "price_per_unit": "171",
        "price_unit": "G"
      },
      {
        "state": "ACT",
        "price": "240",
        "price_per_unit": "171",
        "price_unit": "G"
      },
      {
        "state": "NT",
        "price": "240",
        "price_per_unit": "171",
        "price_unit": "G"
      }
    ]
  },
  {
    "source_url": "https://www.woolworths.com.au/shop/productdetails/35435/pauls-custard-snack-pack-vanilla-custard",
    "name": "Pauls Custard Snack Pack Vanilla 150gx 6 Pack",
    "image_url": "https://cdn1.woolworths.media/content/wowproductimages/large/035435.jpg",
    "source_id": "Woolworths - 35435",
    "barcode": "9310036016212",
    "shop": "Woolworths",
    "weight": "100G",
    "prices": [
      {
        "state": "NSW",
        "price": "790",
        "price_per_unit": "88",
        "price_unit": "G"
      },
      {
        "state": "QLD",
        "price": "790",
        "price_per_unit": "88",
        "price_unit": "G"
      },
      {
        "state": "WA",
        "price": "790",
        "price_per_unit": "88",
        "price_unit": "G"
      },
      {
        "state": "SA",
        "price": "790",
        "price_per_unit": "88",
        "price_unit": "G"
      },
      {
        "state": "TAS",
        "price": "790",
        "price_per_unit": "88",
        "price_unit": "G"
      },
      {
        "state": "ACT",
        "price": "790",
        "price_per_unit": "88",
        "price_unit": "G"
      },
      {
        "state": "NT",
        "price": "790",
        "price_per_unit": "88",
        "price_unit": "G"
      }
    ]
  },
  {
    "source_url": "https://www.woolworths.com.au/shop/productdetails/43562/pauls-custard-vanilla-custard",
    "name": "Pauls Custard Vanilla 1kg",
    "image_url": "https://cdn1.woolworths.media/content/wowproductimages/large/043562.jpg",
    "source_id": "Woolworths - 43562",
    "barcode": "9310036115281",
    "shop": "Woolworths",
    "weight": "100G",
    "prices": [
      {
        "state": "NSW",
        "price": "500",
        "price_per_unit": "50",
        "price_unit": "G"
      },
      {
        "state": "VIC",
        "price": "500",
        "price_per_unit": "50",
        "price_unit": "G"
      },
      {
        "state": "QLD",
        "price": "500",
        "price_per_unit": "50",
        "price_unit": "G"
      },
      {
        "state": "WA",
        "price": "500",
        "price_per_unit": "50",
        "price_unit": "G"
      },
      {
        "state": "SA",
        "price": "500",
        "price_per_unit": "50",
        "price_unit": "G"
      },
      {
        "state": "TAS",
        "price": "500",
        "price_per_unit": "50",
        "price_unit": "G"
      },
      {
        "state": "ACT",
        "price": "500",
        "price_per_unit": "50",
        "price_unit": "G"
      },
      {
        "state": "NT",
        "price": "500",
        "price_per_unit": "50",
        "price_unit": "G"
      }
    ]
  },
  {
    "source_url": "https://www.woolworths.com.au/shop/productdetails/28697/pauls-custard-vanilla-custard",
    "name": "Pauls Custard Vanilla 2kg",
    "image_url": "https://cdn1.woolworths.media/content/wowproductimages/large/028697.jpg",
    "source_id": "Woolworths - 28697",
    "barcode": "9310036003854",
    "shop": "Woolworths",
    "weight": "100G",
    "prices": [
      {
        "state": "NSW",
        "price": "790",
        "price_per_unit": "40",
        "price_unit": "G"
      },
      {
        "state": "QLD",
        "price": "790",
        "price_per_unit": "40",
        "price_unit": "G"
      },
      {
        "state": "SA",
        "price": "790",
        "price_per_unit": "40",
        "price_unit": "G"
      },
      {
        "state": "TAS",
        "price": "790",
        "price_per_unit": "40",
        "price_unit": "G"
      },
      {
        "state": "ACT",
        "price": "790",
        "price_per_unit": "40",
        "price_unit": "G"
      },
      {
        "state": "NT",
        "price": "790",
        "price_per_unit": "40",
        "price_unit": "G"
      }
    ]
  },
  {
    "source_url": "https://www.woolworths.com.au/shop/productdetails/47026/pauls-custard-vanilla-custard",
    "name": "Pauls Custard Vanilla 600g",
    "image_url": "https://cdn1.woolworths.media/content/wowproductimages/large/047026.jpg",
    "source_id": "Woolworths - 47026",
    "barcode": "9310036052821",
    "shop": "Woolworths",
    "weight": "100G",
    "prices": [
      {
        "state": "NSW",
        "price": "400",
        "price_per_unit": "67",
        "price_unit": "G"
      },
      {
        "state": "VIC",
        "price": "400",
        "price_per_unit": "67",
        "price_unit": "G"
      },
      {
        "state": "QLD",
        "price": "400",
        "price_per_unit": "67",
        "price_unit": "G"
      },
      {
        "state": "WA",
        "price": "400",
        "price_per_unit": "67",
        "price_unit": "G"
      },
      {
        "state": "SA",
        "price": "400",
        "price_per_unit": "67",
        "price_unit": "G"
      },
      {
        "state": "TAS",
        "price": "400",
        "price_per_unit": "67",
        "price_unit": "G"
      },
      {
        "state": "ACT",
        "price": "400",
        "price_per_unit": "67",
        "price_unit": "G"
      },
      {
        "state": "NT",
        "price": "400",
        "price_per_unit": "67",
        "price_unit": "G"
      }
    ]
  },
  {
    "source_url": "https://www.woolworths.com.au/shop/productdetails/331450/pauls-double-thick-custard-french-vanilla",
    "name": "Pauls Double Thick Custard French Vanilla 900g",
    "image_url": "https://cdn1.woolworths.media/content/wowproductimages/large/331450.jpg",
    "source_id": "Woolworths - 331450",
    "barcode": "9310036022992",
    "shop": "Woolworths",
    "weight": "100G",
    "prices": [
      {
        "state": "NSW",
        "price": "600",
        "price_per_unit": "67",
        "price_unit": "G"
      },
      {
        "state": "VIC",
        "price": "600",
        "price_per_unit": "67",
        "price_unit": "G"
      },
      {
        "state": "QLD",
        "price": "600",
        "price_per_unit": "67",
        "price_unit": "G"
      },
      {
        "state": "WA",
        "price": "600",
        "price_per_unit": "67",
        "price_unit": "G"
      },
      {
        "state": "SA",
        "price": "600",
        "price_per_unit": "67",
        "price_unit": "G"
      },
      {
        "state": "TAS",
        "price": "600",
        "price_per_unit": "67",
        "price_unit": "G"
      },
      {
        "state": "NT",
        "price": "600",
        "price_per_unit": "67",
        "price_unit": "G"
      }
    ]
  },
  {
    "source_url": "https://www.woolworths.com.au/shop/productdetails/344082/pauls-double-thick-custard-rich-chocolate",
    "name": "Pauls Double Thick Custard Rich Chocolate 900g",
    "image_url": "https://cdn1.woolworths.media/content/wowproductimages/large/344082.jpg",
    "source_id": "Woolworths - 344082",
    "barcode": "9310036039631",
    "shop": "Woolworths",
    "weight": "100G",
    "prices": [
      {
        "state": "NSW",
        "price": "600",
        "price_per_unit": "67",
        "price_unit": "G"
      },
      {
        "state": "VIC",
        "price": "600",
        "price_per_unit": "67",
        "price_unit": "G"
      },
      {
        "state": "QLD",
        "price": "600",
        "price_per_unit": "67",
        "price_unit": "G"
      },
      {
        "state": "WA",
        "price": "600",
        "price_per_unit": "67",
        "price_unit": "G"
      },
      {
        "state": "SA",
        "price": "600",
        "price_per_unit": "67",
        "price_unit": "G"
      },
      {
        "state": "TAS",
        "price": "600",
        "price_per_unit": "67",
        "price_unit": "G"
      },
      {
        "state": "ACT",
        "price": "600",
        "price_per_unit": "67",
        "price_unit": "G"
      },
      {
        "state": "NT",
        "price": "600",
        "price_per_unit": "67",
        "price_unit": "G"
      }
    ]
  },
  {
    "source_url": "https://www.woolworths.com.au/shop/productdetails/551858/pauls-farmhouse-gold-custard-vanilla-vanilla",
    "name": "Pauls Farmhouse Gold Custard Vanilla 800g",
    "image_url": "https://cdn1.woolworths.media/content/wowproductimages/large/551858.jpg",
    "source_id": "Woolworths - 551858",
    "barcode": "9310036044314",
    "shop": "Woolworths",
    "weight": "100G",
    "prices": [
      {
        "state": "NSW",
        "price": "690",
        "price_per_unit": "86",
        "price_unit": "G"
      },
      {
        "state": "VIC",
        "price": "690",
        "price_per_unit": "86",
        "price_unit": "G"
      },
      {
        "state": "QLD",
        "price": "690",
        "price_per_unit": "86",
        "price_unit": "G"
      },
      {
        "state": "TAS",
        "price": "690",
        "price_per_unit": "86",
        "price_unit": "G"
      },
      {
        "state": "ACT",
        "price": "690",
        "price_per_unit": "86",
        "price_unit": "G"
      }
    ]
  },
  {
    "source_url": "https://www.woolworths.com.au/shop/productdetails/436519/pauls-kids-avengers-chocolate-custard-pouch",
    "name": "Pauls Kids Avengers Chocolate Custard Pouch 140g",
    "image_url": "https://cdn1.woolworths.media/content/wowproductimages/large/436519.jpg",
    "source_id": "Woolworths - 436519",
    "barcode": "9310036046943",
    "shop": "Woolworths",
    "weight": "100G",
    "prices": [
      {
        "state": "NSW",
        "price": "240",
        "price_per_unit": "171",
        "price_unit": "G"
      },
      {
        "state": "VIC",
        "price": "240",
        "price_per_unit": "171",
        "price_unit": "G"
      },
      {
        "state": "QLD",
        "price": "240",
        "price_per_unit": "171",
        "price_unit": "G"
      },
      {
        "state": "WA",
        "price": "240",
        "price_per_unit": "171",
        "price_unit": "G"
      },
      {
        "state": "SA",
        "price": "240",
        "price_per_unit": "171",
        "price_unit": "G"
      },
      {
        "state": "TAS",
        "price": "240",
        "price_per_unit": "171",
        "price_unit": "G"
      },
      {
        "state": "ACT",
        "price": "240",
        "price_per_unit": "171",
        "price_unit": "G"
      },
      {
        "state": "NT",
        "price": "240",
        "price_per_unit": "171",
        "price_unit": "G"
      }
    ]
  },
  {
    "source_url": "https://www.woolworths.com.au/shop/productdetails/751963/pauls-kids-bluey-chocolate-custard-pouch",
    "name": "Pauls Kids Bluey Chocolate Custard Pouch 70g",
    "image_url": "https://cdn1.woolworths.media/content/wowproductimages/large/751963.jpg",
    "source_id": "Woolworths - 751963",
    "barcode": "9310036044918",
    "shop": "Woolworths",
    "weight": "100G",
    "prices": [
      {
        "state": "NSW",
        "price": "190",
        "price_per_unit": "271",
        "price_unit": "G"
      },
      {
        "state": "VIC",
        "price": "190",
        "price_per_unit": "271",
        "price_unit": "G"
      },
      {
        "state": "QLD",
        "price": "190",
        "price_per_unit": "271",
        "price_unit": "G"
      },
      {
        "state": "WA",
        "price": "190",
        "price_per_unit": "271",
        "price_unit": "G"
      },
      {
        "state": "SA",
        "price": "190",
        "price_per_unit": "271",
        "price_unit": "G"
      },
      {
        "state": "TAS",
        "price": "190",
        "price_per_unit": "271",
        "price_unit": "G"
      },
      {
        "state": "ACT",
        "price": "190",
        "price_per_unit": "271",
        "price_unit": "G"
      },
      {
        "state": "NT",
        "price": "190",
        "price_per_unit": "271",
        "price_unit": "G"
      }
    ]
  },
  {
    "source_url": "https://www.woolworths.com.au/shop/productdetails/548220/pauls-kids-bluey-strawberry-custard-pouch",
    "name": "Pauls Kids Bluey Strawberry Custard Pouch 70g",
    "image_url": "https://cdn1.woolworths.media/content/wowproductimages/large/548220.jpg",
    "source_id": "Woolworths - 548220",
    "barcode": "9310036049746",
    "shop": "Woolworths",
    "weight": "100G",
    "prices": [
      {
        "state": "NSW",
        "price": "190",
        "price_per_unit": "271",
        "price_unit": "G"
      },
      {
        "state": "VIC",
        "price": "190",
        "price_per_unit": "271",
        "price_unit": "G"
      },
      {
        "state": "QLD",
        "price": "190",
        "price_per_unit": "271",
        "price_unit": "G"
      },
      {
        "state": "WA",
        "price": "190",
        "price_per_unit": "271",
        "price_unit": "G"
      },
      {
        "state": "SA",
        "price": "190",
        "price_per_unit": "271",
        "price_unit": "G"
      },
      {
        "state": "TAS",
        "price": "190",
        "price_per_unit": "271",
        "price_unit": "G"
      },
      {
        "state": "ACT",
        "price": "190",
        "price_per_unit": "271",
        "price_unit": "G"
      },
      {
        "state": "NT",
        "price": "190",
        "price_per_unit": "271",
        "price_unit": "G"
      }
    ]
  },
  {
    "source_url": "https://www.woolworths.com.au/shop/productdetails/751972/pauls-kids-bluey-vanilla-custard-pouch",
    "name": "Pauls Kids Bluey Vanilla Custard Pouch 70g",
    "image_url": "https://cdn1.woolworths.media/content/wowproductimages/large/751972.jpg",
    "source_id": "Woolworths - 751972",
    "barcode": "9310036042488",
    "shop": "Woolworths",
    "weight": "100G",
    "prices": [
      {
        "state": "NSW",
        "price": "190",
        "price_per_unit": "271",
        "price_unit": "G"
      },
      {
        "state": "VIC",
        "price": "190",
        "price_per_unit": "271",
        "price_unit": "G"
      },
      {
        "state": "QLD",
        "price": "190",
        "price_per_unit": "271",
        "price_unit": "G"
      },
      {
        "state": "WA",
        "price": "190",
        "price_per_unit": "271",
        "price_unit": "G"
      },
      {
        "state": "SA",
        "price": "190",
        "price_per_unit": "271",
        "price_unit": "G"
      },
      {
        "state": "TAS",
        "price": "190",
        "price_per_unit": "271",
        "price_unit": "G"
      },
      {
        "state": "ACT",
        "price": "190",
        "price_per_unit": "271",
        "price_unit": "G"
      },
      {
        "state": "NT",
        "price": "190",
        "price_per_unit": "271",
        "price_unit": "G"
      }
    ]
  },
  {
    "source_url": "https://www.woolworths.com.au/shop/productdetails/127830/pauls-premium-rum-raisin-custard-raisin-custard",
    "name": "Pauls Premium Rum & Raisin Custard Raisin Custard 600g",
    "image_url": "https://cdn1.woolworths.media/content/wowproductimages/large/127830.jpg",
    "source_id": "Woolworths - 127830",
    "barcode": "9310036063988",
    "shop": "Woolworths",
    "weight": "100G",
    "prices": [
      {
        "state": "NSW",
        "price": "650",
        "price_per_unit": "108",
        "price_unit": "G"
      },
      {
        "state": "VIC",
        "price": "650",
        "price_per_unit": "108",
        "price_unit": "G"
      },
      {
        "state": "QLD",
        "price": "650",
        "price_per_unit": "108",
        "price_unit": "G"
      },
      {
        "state": "WA",
        "price": "650",
        "price_per_unit": "108",
        "price_unit": "G"
      },
      {
        "state": "SA",
        "price": "650",
        "price_per_unit": "108",
        "price_unit": "G"
      },
      {
        "state": "ACT",
        "price": "650",
        "price_per_unit": "108",
        "price_unit": "G"
      },
      {
        "state": "NT",
        "price": "650",
        "price_per_unit": "108",
        "price_unit": "G"
      }
    ]
  },
  {
    "source_url": "https://www.woolworths.com.au/shop/productdetails/39499/pauls-premium-thick-creme-caramel-custard",
    "name": "Pauls Premium Thick Creme Caramel Custard 600g",
    "image_url": "https://cdn1.woolworths.media/content/wowproductimages/large/039499.jpg",
    "source_id": "Woolworths - 39499",
    "barcode": "9310036062844",
    "shop": "Woolworths",
    "weight": "100G",
    "prices": [
      {
        "state": "NSW",
        "price": "650",
        "price_per_unit": "108",
        "price_unit": "G"
      },
      {
        "state": "VIC",
        "price": "650",
        "price_per_unit": "108",
        "price_unit": "G"
      },
      {
        "state": "ACT",
        "price": "650",
        "price_per_unit": "108",
        "price_unit": "G"
      },
      {
        "state": "NT",
        "price": "650",
        "price_per_unit": "108",
        "price_unit": "G"
      }
    ]
  },
  {
    "source_url": "https://www.woolworths.com.au/shop/productdetails/808134/pauls-premium-thick-vanilla-bean-custard",
    "name": "Pauls Premium Thick Vanilla Bean Custard 600g",
    "image_url": "https://cdn1.woolworths.media/content/wowproductimages/large/808134.jpg",
    "source_id": "Woolworths - 808134",
    "barcode": "9310036061809",
    "shop": "Woolworths",
    "weight": "100G",
    "prices": [
      {
        "state": "NSW",
        "price": "650",
        "price_per_unit": "108",
        "price_unit": "G"
      },
      {
        "state": "WA",
        "price": "650",
        "price_per_unit": "108",
        "price_unit": "G"
      },
      {
        "state": "ACT",
        "price": "650",
        "price_per_unit": "108",
        "price_unit": "G"
      },
      {
        "state": "NT",
        "price": "650",
        "price_per_unit": "108",
        "price_unit": "G"
      }
    ]
  },
  {
    "source_url": "https://www.woolworths.com.au/shop/productdetails/956177/pauls-zesty-limoncello-thick-custard",
    "name": "Pauls Zesty Limoncello Thick Custard 600g",
    "image_url": "https://cdn1.woolworths.media/content/wowproductimages/large/956177.jpg",
    "source_id": "Woolworths - 956177",
    "barcode": "9310036228158",
    "shop": "Woolworths",
    "weight": "100G",
    "prices": [
      {
        "state": "NSW",
        "price": "650",
        "price_per_unit": "108",
        "price_unit": "G"
      },
      {
        "state": "VIC",
        "price": "650",
        "price_per_unit": "108",
        "price_unit": "G"
      },
      {
        "state": "QLD",
        "price": "650",
        "price_per_unit": "108",
        "price_unit": "G"
      },
      {
        "state": "NT",
        "price": "650",
        "price_per_unit": "108",
        "price_unit": "G"
      }
    ]
  },
  {
    "source_url": "https://www.woolworths.com.au/shop/productdetails/436516/pauls-zymil-custard-vanilla-vanilla",
    "name": "Pauls Zymil Custard Vanilla 1kg",
    "image_url": "https://cdn1.woolworths.media/content/wowproductimages/large/436516.jpg",
    "source_id": "Woolworths - 436516",
    "barcode": "9310036043621",
    "shop": "Woolworths",
    "weight": "100G",
    "prices": [
      {
        "state": "NSW",
        "price": "640",
        "price_per_unit": "64",
        "price_unit": "G"
      },
      {
        "state": "VIC",
        "price": "640",
        "price_per_unit": "64",
        "price_unit": "G"
      },
      {
        "state": "QLD",
        "price": "640",
        "price_per_unit": "64",
        "price_unit": "G"
      },
      {
        "state": "WA",
        "price": "640",
        "price_per_unit": "64",
        "price_unit": "G"
      },
      {
        "state": "SA",
        "price": "640",
        "price_per_unit": "64",
        "price_unit": "G"
      },
      {
        "state": "TAS",
        "price": "640",
        "price_per_unit": "64",
        "price_unit": "G"
      },
      {
        "state": "ACT",
        "price": "640",
        "price_per_unit": "64",
        "price_unit": "G"
      },
      {
        "state": "NT",
        "price": "640",
        "price_per_unit": "64",
        "price_unit": "G"
      }
    ]
  },
  {
    "source_url": "https://www.woolworths.com.au/shop/productdetails/437002/wicked-sister-premium-custard-madagascan-vanilla-bean",
    "name": "Wicked Sister Premium Custard Madagascan Vanilla Bean 500g",
    "image_url": "https://cdn1.woolworths.media/content/wowproductimages/large/437002.jpg",
    "source_id": "Woolworths - 437002",
    "barcode": "9339454000276",
    "shop": "Woolworths",
    "weight": "100G",
    "prices": [
      {
        "state": "NSW",
        "price": "325",
        "price_per_unit": "65",
        "price_unit": "G"
      },
      {
        "state": "QLD",
        "price": "325",
        "price_per_unit": "65",
        "price_unit": "G"
      },
      {
        "state": "WA",
        "price": "325",
        "price_per_unit": "65",
        "price_unit": "G"
      },
      {
        "state": "NT",
        "price": "325",
        "price_per_unit": "65",
        "price_unit": "G"
      }
    ]
  },
  {
    "source_url": "https://www.woolworths.com.au/shop/productdetails/624204/woolworths-vanilla-custard-97-fat-free",
    "name": "Woolworths Vanilla Custard 97% Fat Free 1kg",
    "image_url": "https://cdn1.woolworths.media/content/wowproductimages/large/624204.jpg",
    "source_id": "Woolworths - 624204",
    "barcode": "9300633675479",
    "shop": "Woolworths",
    "weight": "100G",
    "prices": [
      {
        "state": "NSW",
        "price": "285",
        "price_per_unit": "29",
        "price_unit": "G"
      },
      {
        "state": "VIC",
        "price": "285",
        "price_per_unit": "29",
        "price_unit": "G"
      },
      {
        "state": "QLD",
        "price": "285",
        "price_per_unit": "29",
        "price_unit": "G"
      },
      {
        "state": "WA",
        "price": "285",
        "price_per_unit": "29",
        "price_unit": "G"
      },
      {
        "state": "SA",
        "price": "285",
        "price_per_unit": "29",
        "price_unit": "G"
      },
      {
        "state": "TAS",
        "price": "285",
        "price_per_unit": "29",
        "price_unit": "G"
      },
      {
        "state": "ACT",
        "price": "285",
        "price_per_unit": "29",
        "price_unit": "G"
      },
      {
        "state": "NT",
        "price": "285",
        "price_per_unit": "29",
        "price_unit": "G"
      }
    ]
  },
  {
    "source_url": "https://www.woolworths.com.au/shop/productdetails/33379/foster-clark-s-custard-powder",
    "name": "Foster Clark's Custard Powder 350g",
    "image_url": "https://cdn1.woolworths.media/content/wowproductimages/large/033379.jpg",
    "source_id": "Woolworths - 33379",
    "barcode": "9300681400191",
    "shop": "Woolworths",
    "weight": "100G",
    "prices": [
      {
        "state": "VIC",
        "price": "220",
        "price_per_unit": "63",
        "price_unit": "G"
      },
      {
        "state": "QLD",
        "price": "220",
        "price_per_unit": "63",
        "price_unit": "G"
      },
      {
        "state": "WA",
        "price": "220",
        "price_per_unit": "63",
        "price_unit": "G"
      },
      {
        "state": "SA",
        "price": "220",
        "price_per_unit": "63",
        "price_unit": "G"
      },
      {
        "state": "TAS",
        "price": "220",
        "price_per_unit": "63",
        "price_unit": "G"
      },
      {
        "state": "ACT",
        "price": "220",
        "price_per_unit": "63",
        "price_unit": "G"
      },
      {
        "state": "NT",
        "price": "220",
        "price_per_unit": "63",
        "price_unit": "G"
      }
    ]
  },
  {
    "source_url": "https://www.woolworths.com.au/shop/productdetails/705432/nurses-custard-powder",
    "name": "Nurses Custard Powder 375g",
    "image_url": "https://cdn1.woolworths.media/content/wowproductimages/large/705432.jpg",
    "source_id": "Woolworths - 705432",
    "barcode": "9331333000025",
    "shop": "Woolworths",
    "weight": "100G",
    "prices": [
      {
        "state": "VIC",
        "price": "370",
        "price_per_unit": "99",
        "price_unit": "G"
      },
      {
        "state": "QLD",
        "price": "370",
        "price_per_unit": "99",
        "price_unit": "G"
      },
      {
        "state": "WA",
        "price": "370",
        "price_per_unit": "99",
        "price_unit": "G"
      },
      {
        "state": "SA",
        "price": "370",
        "price_per_unit": "99",
        "price_unit": "G"
      },
      {
        "state": "TAS",
        "price": "370",
        "price_per_unit": "99",
        "price_unit": "G"
      },
      {
        "state": "ACT",
        "price": "370",
        "price_per_unit": "99",
        "price_unit": "G"
      },
      {
        "state": "NT",
        "price": "370",
        "price_per_unit": "99",
        "price_unit": "G"
      }
    ]
  },
  {
    "source_url": "https://www.woolworths.com.au/shop/productdetails/117430/south-australian-gourmet-food-company-banana-custard",
    "name": "South Australian Gourmet Food Company Banana Custard 120g",
    "image_url": "https://cdn1.woolworths.media/content/wowproductimages/large/117430.jpg",
    "source_id": "Woolworths - 117430",
    "barcode": "9310768113982",
    "shop": "Woolworths",
    "weight": "100G",
    "prices": [
      {
        "state": "VIC",
        "price": "170",
        "price_per_unit": "142",
        "price_unit": "G"
      },
      {
        "state": "QLD",
        "price": "170",
        "price_per_unit": "142",
        "price_unit": "G"
      },
      {
        "state": "WA",
        "price": "170",
        "price_per_unit": "142",
        "price_unit": "G"
      },
      {
        "state": "SA",
        "price": "170",
        "price_per_unit": "142",
        "price_unit": "G"
      },
      {
        "state": "TAS",
        "price": "170",
        "price_per_unit": "142",
        "price_unit": "G"
      },
      {
        "state": "ACT",
        "price": "170",
        "price_per_unit": "142",
        "price_unit": "G"
      },
      {
        "state": "NT",
        "price": "180",
        "price_per_unit": "150",
        "price_unit": "G"
      }
    ]
  },
  {
    "source_url": "https://www.woolworths.com.au/shop/productdetails/820977/woolworths-vanilla-custard-powder",
    "name": "Woolworths Vanilla Custard Powder 300g",
    "image_url": "https://cdn1.woolworths.media/content/wowproductimages/large/820977.jpg",
    "source_id": "Woolworths - 820977",
    "barcode": "9339687080441",
    "shop": "Woolworths",
    "weight": "100G",
    "prices": [
      {
        "state": "VIC",
        "price": "250",
        "price_per_unit": "83",
        "price_unit": "G"
      },
      {
        "state": "QLD",
        "price": "250",
        "price_per_unit": "83",
        "price_unit": "G"
      },
      {
        "state": "WA",
        "price": "250",
        "price_per_unit": "83",
        "price_unit": "G"
      },
      {
        "state": "SA",
        "price": "250",
        "price_per_unit": "83",
        "price_unit": "G"
      },
      {
        "state": "TAS",
        "price": "250",
        "price_per_unit": "83",
        "price_unit": "G"
      },
      {
        "state": "ACT",
        "price": "250",
        "price_per_unit": "83",
        "price_unit": "G"
      },
      {
        "state": "NT",
        "price": "250",
        "price_per_unit": "83",
        "price_unit": "G"
      }
    ]
  },
  {
    "source_url": "https://www.woolworths.com.au/shop/productdetails/33373/foster-clark-s-seriously-creamy-egg-custard-powder-mix",
    "name": "Foster Clark's Seriously Creamy Egg Custard Powder Mix 75g",
    "image_url": "https://cdn1.woolworths.media/content/wowproductimages/large/033373.jpg",
    "source_id": "Woolworths - 33373",
    "barcode": "9300681405196",
    "shop": "Woolworths",
    "weight": "100G",
    "prices": [
      {
        "state": "WA",
        "price": "350",
        "price_per_unit": "467",
        "price_unit": "G"
      },
      {
        "state": "SA",
        "price": "350",
        "price_per_unit": "467",
        "price_unit": "G"
      },
      {
        "state": "TAS",
        "price": "350",
        "price_per_unit": "467",
        "price_unit": "G"
      },
      {
        "state": "ACT",
        "price": "350",
        "price_per_unit": "467",
        "price_unit": "G"
      },
      {
        "state": "NT",
        "price": "350",
        "price_per_unit": "467",
        "price_unit": "G"
      }
    ]
  },
  {
    "source_url": "https://www.woolworths.com.au/shop/productdetails/57620/foster-clark-s-snak-pack-chocolate-flavoured-custard-pouch",
    "name": "Foster Clark's Snak Pack Chocolate Flavoured Custard Pouch 120g",
    "image_url": "https://cdn1.woolworths.media/content/wowproductimages/large/057620.jpg",
    "source_id": "Woolworths - 57620",
    "barcode": "9300681398269",
    "shop": "Woolworths",
    "weight": "100G",
    "prices": [
      {
        "state": "WA",
        "price": "150",
        "price_per_unit": "125",
        "price_unit": "G"
      },
      {
        "state": "SA",
        "price": "150",
        "price_per_unit": "125",
        "price_unit": "G"
      },
      {
        "state": "TAS",
        "price": "150",
        "price_per_unit": "125",
        "price_unit": "G"
      },
      {
        "state": "ACT",
        "price": "150",
        "price_per_unit": "125",
        "price_unit": "G"
      },
      {
        "state": "NT",
        "price": "150",
        "price_per_unit": "125",
        "price_unit": "G"
      }
    ]
  },
  {
    "source_url": "https://www.woolworths.com.au/shop/productdetails/57571/foster-clark-s-snak-pack-strawberry-flavoured-custard-pouch",
    "name": "Foster Clark's Snak Pack Strawberry Flavoured Custard Pouch 120g",
    "image_url": "https://cdn1.woolworths.media/content/wowproductimages/large/057571.jpg",
    "source_id": "Woolworths - 57571",
    "barcode": "9300681398405",
    "shop": "Woolworths",
    "weight": "100G",
    "prices": [
      {
        "state": "WA",
        "price": "150",
        "price_per_unit": "125",
        "price_unit": "G"
      },
      {
        "state": "SA",
        "price": "150",
        "price_per_unit": "125",
        "price_unit": "G"
      },
      {
        "state": "TAS",
        "price": "150",
        "price_per_unit": "125",
        "price_unit": "G"
      },
      {
        "state": "ACT",
        "price": "150",
        "price_per_unit": "125",
        "price_unit": "G"
      },
      {
        "state": "NT",
        "price": "150",
        "price_per_unit": "125",
        "price_unit": "G"
      }
    ]
  },
  {
    "source_url": "https://www.woolworths.com.au/shop/productdetails/57622/foster-clark-s-snak-pack-vanilla-flavoured-custard-pouch",
    "name": "Foster Clark's Snak Pack Vanilla Flavoured Custard Pouch 120g",
    "image_url": "https://cdn1.woolworths.media/content/wowproductimages/large/057622.jpg",
    "source_id": "Woolworths - 57622",
    "barcode": "9300681398023",
    "shop": "Woolworths",
    "weight": "100G",
    "prices": [
      {
        "state": "WA",
        "price": "150",
        "price_per_unit": "125",
        "price_unit": "G"
      },
      {
        "state": "SA",
        "price": "150",
        "price_per_unit": "125",
        "price_unit": "G"
      },
      {
        "state": "TAS",
        "price": "150",
        "price_per_unit": "125",
        "price_unit": "G"
      },
      {
        "state": "ACT",
        "price": "150",
        "price_per_unit": "125",
        "price_unit": "G"
      },
      {
        "state": "NT",
        "price": "150",
        "price_per_unit": "125",
        "price_unit": "G"
      }
    ]
  },
  {
    "source_url": "https://www.woolworths.com.au/shop/productdetails/107839/harvey-fresh-vanilla-custard-dessert-custard",
    "name": "Harvey Fresh Vanilla Custard Dessert 1L",
    "image_url": "https://cdn1.woolworths.media/content/wowproductimages/large/107839.jpg",
    "source_id": "Woolworths - 107839",
    "barcode": "9311697101828",
    "shop": "Woolworths",
    "weight": "100ML",
    "prices": [
      {
        "state": "WA",
        "price": "430",
        "price_per_unit": "43",
        "price_unit": "ML"
      }
    ]
  },
  {
    "source_url": "https://www.woolworths.com.au/shop/productdetails/116561/south-australian-gourmet-food-company-strawberry-custard",
    "name": "South Australian Gourmet Food Company Strawberry Custard 120g",
    "image_url": "https://cdn1.woolworths.media/content/wowproductimages/large/116561.jpg",
    "source_id": "Woolworths - 116561",
    "barcode": "9310768113999",
    "shop": "Woolworths",
    "weight": "100G",
    "prices": [
      {
        "state": "WA",
        "price": "170",
        "price_per_unit": "142",
        "price_unit": "G"
      },
      {
        "state": "SA",
        "price": "170",
        "price_per_unit": "142",
        "price_unit": "G"
      },
      {
        "state": "TAS",
        "price": "170",
        "price_per_unit": "142",
        "price_unit": "G"
      },
      {
        "state": "ACT",
        "price": "170",
        "price_per_unit": "142",
        "price_unit": "G"
      },
      {
        "state": "NT",
        "price": "180",
        "price_per_unit": "150",
        "price_unit": "G"
      }
    ]
  }
]