[
  {
    "source_url": "https://www.woolworths.com.au/shop/productdetails/194648/woolworths-beef-lasagne-null",
    "name": "Woolworths Beef Lasagne 2kg",
    "image_url": "https://cdn1.woolworths.media/content/wowproductimages/large/194648.jpg",
    "source_id": "Woolworths - 194648",
    "barcode": "9313475006189",
    "shop": "Woolworths",
    "weight": "100G",
    "prices": [
      {
        "state": "NSW",
        "price": "1400",
        "price_per_unit": "70",
        "price_unit": "G"
      },
      {
        "state": "VIC",
        "price": "1400",
        "price_per_unit": "70",
        "price_unit": "G"
      },
      {
        "state": "QLD",
        "price": "1400",
        "price_per_unit": "70",
        "price_unit": "G"
      },
      {
        "state": "WA",
        "price": "1400",
        "price_per_unit": "70",
        "price_unit": "G"
      },
      {
        "state": "SA",
        "price": "1400",
        "price_per_unit": "70",
        "price_unit": "G"
      },
      {
        "state": "TAS",
        "price": "1400",
        "price_per_unit": "70",
        "price_unit": "G"
      },
      {
        "state": "ACT",
        "price": "1400",
        "price_per_unit": "70",
        "price_unit": "G"
      },
      {
        "state": "NT",
        "price": "1400",
        "price_per_unit": "70",
        "price_unit": "G"
      },
      {
        "state": "NSW",
        "price": "1400",
        "price_per_unit": "70",
        "price_unit": "G"
      },
      {
        "state": "NSW",
        "price": "1400",
        "price_per_unit": "70",
        "price_unit": "G"
      },
      {
        "state": "VIC",
        "price": "1400",
        "price_per_unit": "70",
        "price_unit": "G"
      },
      {
        "state": "VIC",
        "price": "1400",
        "price_per_unit": "70",
        "price_unit": "G"
      },
      {
        "state": "QLD",
        "price": "1400",
        "price_per_unit": "70",
        "price_unit": "G"
      },
      {
        "state": "QLD",
        "price": "1400",
        "price_per_unit": "70",
        "price_unit": "G"
      },
      {
        "state": "WA",
        "price": "1400",
        "price_per_unit": "70",
        "price_unit": "G"
      },
      {
        "state": "WA",
        "price": "1400",
        "price_per_unit": "70",
        "price_unit": "G"
      },
      {
        "state": "SA",
        "price": "1400",
        "price_per_unit": "70",
        "price_unit": "G"
      },
      {
        "state": "SA",
        "price": "1400",
        "price_per_unit": "70",
        "price_unit": "G"
      },
      {
        "state": "TAS",
        "price": "1400",
        "price_per_unit": "70",
        "price_unit": "G"
      },
      {
        "state": "TAS",
        "price": "1400",
        "price_per_unit": "70",
        "price_unit": "G"
      },
      {
        "state": "ACT",
        "price": "1400",
        "price_per_unit": "70",
        "price_unit": "G"
      },
      {
        "state": "ACT",
        "price": "1400",
        "price_per_unit": "70",
        "price_unit": "G"
      },
      {
        "state": "NT",
        "price": "1400",
        "price_per_unit": "70",
        "price_unit": "G"
      },
      {
        "state": "NT",
        "price": "1400",
        "price_per_unit": "70",
        "price_unit": "G"
      }
    ]
  },
  {
    "source_url": "https://www.woolworths.com.au/shop/productdetails/211889/grand-italian-gnocchi-pesto-parmesan-premium",
    "name": "Grand Italian Gnocchi Pesto & Parmesan Premium 400g",
    "image_url": "https://cdn1.woolworths.media/content/wowproductimages/large/211889.jpg",
    "source_id": "Woolworths - 211889",
    "barcode": "9336088006803",
    "shop": "Woolworths",
    "weight": "100G",
    "prices": [
      {
        "state": "NSW",
        "price": "700",
        "price_per_unit": "175",
        "price_unit": "G"
      },
      {
        "state": "VIC",
        "price": "700",
        "price_per_unit": "175",
        "price_unit": "G"
      },
      {
        "state": "QLD",
        "price": "700",
        "price_per_unit": "175",
        "price_unit": "G"
      },
      {
        "state": "WA",
        "price": "700",
        "price_per_unit": "175",
        "price_unit": "G"
      },
      {
        "state": "SA",
        "price": "700",
        "price_per_unit": "175",
        "price_unit": "G"
      },
      {
        "state": "NSW",
        "price": "600",
        "price_per_unit": "150",
        "price_unit": "G"
      },
      {
        "state": "NSW",
        "price": "600",
        "price_per_unit": "150",
        "price_unit": "G"
      },
      {
        "state": "VIC",
        "price": "600",
        "price_per_unit": "150",
        "price_unit": "G"
      },
      {
        "state": "VIC",
        "price": "600",
        "price_per_unit": "150",
        "price_unit": "G"
      },
      {
        "state": "WA",
        "price": "600",
        "price_per_unit": "150",
        "price_unit": "G"
      },
      {
        "state": "WA",
        "price": "600",
        "price_per_unit": "150",
        "price_unit": "G"
      },
      {
        "state": "SA",
        "price": "600",
        "price_per_unit": "150",
        "price_unit": "G"
      },
      {
        "state": "SA",
        "price": "600",
        "price_per_unit": "150",
        "price_unit": "G"
      }
    ]
  },
  {
    "source_url": "https://www.woolworths.com.au/shop/productdetails/706843/pasta-master-beef-lasagne-null",
    "name": "Pasta Master Beef Lasagne 1.3kg",
    "image_url": "https://cdn1.woolworths.media/content/wowproductimages/large/706843.jpg",
    "source_id": "Woolworths - 706843",
    "barcode": "9319946006443",
    "shop": "Woolworths",
    "weight": "1KG",
    "prices": [
      {
        "state": "NSW",
        "price": "1700",
        "price_per_unit": "1308",
        "price_unit": "KG"
      },
      {
        "state": "NSW",
        "price": "1700",
        "price_per_unit": "1308",
        "price_unit": "KG"
      },
      {
        "state": "VIC",
        "price": "1700",
        "price_per_unit": "1308",
        "price_unit": "KG"
      },
      {
        "state": "VIC",
        "price": "1700",
        "price_per_unit": "1308",
        "price_unit": "KG"
      },
      {
        "state": "QLD",
        "price": "1700",
        "price_per_unit": "1308",
        "price_unit": "KG"
      },
      {
        "state": "QLD",
        "price": "1700",
        "price_per_unit": "1308",
        "price_unit": "KG"
      },
      {
        "state": "WA",
        "price": "1700",
        "price_per_unit": "1308",
        "price_unit": "KG"
      },
      {
        "state": "WA",
        "price": "1700",
        "price_per_unit": "1308",
        "price_unit": "KG"
      },
      {
        "state": "TAS",
        "price": "1700",
        "price_per_unit": "1308",
        "price_unit": "KG"
      },
      {
        "state": "TAS",
        "price": "1700",
        "price_per_unit": "1308",
        "price_unit": "KG"
      },
      {
        "state": "ACT",
        "price": "1700",
        "price_per_unit": "1308",
        "price_unit": "KG"
      },
      {
        "state": "ACT",
        "price": "1700",
        "price_per_unit": "1308",
        "price_unit": "KG"
      }
    ]
  },
  {
    "source_url": "https://www.woolworths.com.au/shop/productdetails/278007/ready-chef-chicken-curry-rice-chicken-curry-rice",
    "name": "Ready Chef Chicken Curry Rice 350g",
    "image_url": "https://cdn1.woolworths.media/content/wowproductimages/large/278007.jpg",
    "source_id": "Woolworths - 278007",
    "barcode": "9319946008393",
    "shop": "Woolworths",
    "weight": "100G",
    "prices": [
      {
        "state": "NSW",
        "price": "500",
        "price_per_unit": "143",
        "price_unit": "G"
      },
      {
        "state": "NSW",
        "price": "500",
        "price_per_unit": "143",
        "price_unit": "G"
      },
      {
        "state": "WA",
        "price": "500",
        "price_per_unit": "143",
        "price_unit": "G"
      },
      {
        "state": "WA",
        "price": "500",
        "price_per_unit": "143",
        "price_unit": "G"
      }
    ]
  },
  {
    "source_url": "https://www.woolworths.com.au/shop/productdetails/278160/ready-chef-creamy-pasta",
    "name": "Ready Chef Creamy Pasta 350g",
    "image_url": "https://cdn1.woolworths.media/content/wowproductimages/large/278160.jpg",
    "source_id": "Woolworths - 278160",
    "barcode": "9319946008386",
    "shop": "Woolworths",
    "weight": "100G",
    "prices": [
      {
        "state": "NSW",
        "price": "500",
        "price_per_unit": "143",
        "price_unit": "G"
      },
      {
        "state": "NSW",
        "price": "500",
        "price_per_unit": "143",
        "price_unit": "G"
      },
      {
        "state": "WA",
        "price": "500",
        "price_per_unit": "143",
        "price_unit": "G"
      },
      {
        "state": "WA",
        "price": "500",
        "price_per_unit": "143",
        "price_unit": "G"
      }
    ]
  },
  {
    "source_url": "https://www.woolworths.com.au/shop/productdetails/278425/ready-chef-penne-bolognaise-penne-bolognaise",
    "name": "Ready Chef Penne Bolognaise 350g",
    "image_url": "https://cdn1.woolworths.media/content/wowproductimages/large/278425.jpg",
    "source_id": "Woolworths - 278425",
    "barcode": "9319946008416",
    "shop": "Woolworths",
    "weight": "100G",
    "prices": [
      {
        "state": "NSW",
        "price": "500",
        "price_per_unit": "143",
        "price_unit": "G"
      },
      {
        "state": "NSW",
        "price": "500",
        "price_per_unit": "143",
        "price_unit": "G"
      },
      {
        "state": "WA",
        "price": "500",
        "price_per_unit": "143",
        "price_unit": "G"
      },
      {
        "state": "WA",
        "price": "500",
        "price_per_unit": "143",
        "price_unit": "G"
      }
    ]
  },
  {
    "source_url": "https://www.woolworths.com.au/shop/productdetails/278904/ready-chef-tomato-bacon-pasta-tomato-bacon-pasta",
    "name": "Ready Chef Tomato Bacon Pasta 350g",
    "image_url": "https://cdn1.woolworths.media/content/wowproductimages/large/278904.jpg",
    "source_id": "Woolworths - 278904",
    "barcode": "9319946008409",
    "shop": "Woolworths",
    "weight": "100G",
    "prices": [
      {
        "state": "NSW",
        "price": "500",
        "price_per_unit": "143",
        "price_unit": "G"
      },
      {
        "state": "NSW",
        "price": "500",
        "price_per_unit": "143",
        "price_unit": "G"
      },
      {
        "state": "WA",
        "price": "500",
        "price_per_unit": "143",
        "price_unit": "G"
      },
      {
        "state": "WA",
        "price": "500",
        "price_per_unit": "143",
        "price_unit": "G"
      }
    ]
  },
  {
    "source_url": "https://www.woolworths.com.au/shop/productdetails/134238/woolworths-angus-beef-pork-meatball-rigatoni-chilled-meal",
    "name": "Woolworths Angus Beef & Pork Meatball Rigatoni Chilled Meal 1.3kg",
    "image_url": "https://cdn1.woolworths.media/content/wowproductimages/large/134238.jpg",
    "source_id": "Woolworths - 134238",
    "barcode": "9339687224326",
    "shop": "Woolworths",
    "weight": "100G",
    "prices": [
      {
        "state": "NSW",
        "price": "2000",
        "price_per_unit": "154",
        "price_unit": "G"
      },
      {
        "state": "NSW",
        "price": "2000",
        "price_per_unit": "154",
        "price_unit": "G"
      },
      {
        "state": "WA",
        "price": "2000",
        "price_per_unit": "154",
        "price_unit": "G"
      },
      {
        "state": "WA",
        "price": "2000",
        "price_per_unit": "154",
        "price_unit": "G"
      },
      {
        "state": "SA",
        "price": "2000",
        "price_per_unit": "154",
        "price_unit": "G"
      },
      {
        "state": "SA",
        "price": "2000",
        "price_per_unit": "154",
        "price_unit": "G"
      }
    ]
  },
  {
    "source_url": "https://www.woolworths.com.au/shop/productdetails/161979/woolworths-beef-lasagne-null",
    "name": "Woolworths Beef Lasagne 350g",
    "image_url": "https://cdn1.woolworths.media/content/wowproductimages/large/161979.jpg",
    "source_id": "Woolworths - 161979",
    "barcode": "9339687264018",
    "shop": "Woolworths",
    "weight": "100G",
    "prices": [
      {
        "state": "NSW",
        "price": "800",
        "price_per_unit": "229",
        "price_unit": "G"
      },
      {
        "state": "NSW",
        "price": "800",
        "price_per_unit": "229",
        "price_unit": "G"
      },
      {
        "state": "VIC",
        "price": "800",
        "price_per_unit": "229",
        "price_unit": "G"
      },
      {
        "state": "VIC",
        "price": "800",
        "price_per_unit": "229",
        "price_unit": "G"
      },
      {
        "state": "QLD",
        "price": "800",
        "price_per_unit": "229",
        "price_unit": "G"
      },
      {
        "state": "QLD",
        "price": "800",
        "price_per_unit": "229",
        "price_unit": "G"
      },
      {
        "state": "TAS",
        "price": "800",
        "price_per_unit": "229",
        "price_unit": "G"
      },
      {
        "state": "TAS",
        "price": "800",
        "price_per_unit": "229",
        "price_unit": "G"
      }
    ]
  },
  {
    "source_url": "https://www.woolworths.com.au/shop/productdetails/827205/woolworths-beef-tortellini-with-creamy-mushroom-sauce-chilled-meal",
    "name": "Woolworths Beef Tortellini With Creamy Mushroom Sauce Chilled Meal 350g",
    "image_url": "https://cdn1.woolworths.media/content/wowproductimages/large/827205.jpg",
    "source_id": "Woolworths - 827205",
    "barcode": "9300633718367",
    "shop": "Woolworths",
    "weight": "100G",
    "prices": [
      null,
      {
        "state": "VIC",
        "price": "800",
        "price_per_unit": "229",
        "price_unit": "G"
      },
      {
        "state": "VIC",
        "price": "800",
        "price_per_unit": "229",
        "price_unit": "G"
      },
      {
        "state": "QLD",
        "price": "800",
        "price_per_unit": "229",
        "price_unit": "G"
      },
      {
        "state": "QLD",
        "price": "800",
        "price_per_unit": "229",
        "price_unit": "G"
      },
      {
        "state": "SA",
        "price": "800",
        "price_per_unit": "229",
        "price_unit": "G"
      },
      {
        "state": "SA",
        "price": "800",
        "price_per_unit": "229",
        "price_unit": "G"
      },
      {
        "state": "ACT",
        "price": "800",
        "price_per_unit": "229",
        "price_unit": "G"
      },
      {
        "state": "ACT",
        "price": "800",
        "price_per_unit": "229",
        "price_unit": "G"
      }
    ]
  },
  {
    "source_url": "https://www.woolworths.com.au/shop/productdetails/507676/woolworths-bolognese-pasta-bake",
    "name": "Woolworths Bolognese Pasta Bake 350g",
    "image_url": "https://cdn1.woolworths.media/content/wowproductimages/large/507676.jpg",
    "source_id": "Woolworths - 507676",
    "barcode": "9339687362981",
    "shop": "Woolworths",
    "weight": "100G",
    "prices": [
      {
        "state": "NSW",
        "price": "800",
        "price_per_unit": "229",
        "price_unit": "G"
      },
      {
        "state": "NSW",
        "price": "800",
        "price_per_unit": "229",
        "price_unit": "G"
      },
      {
        "state": "VIC",
        "price": "800",
        "price_per_unit": "229",
        "price_unit": "G"
      },
      {
        "state": "VIC",
        "price": "800",
        "price_per_unit": "229",
        "price_unit": "G"
      },
      {
        "state": "QLD",
        "price": "800",
        "price_per_unit": "229",
        "price_unit": "G"
      },
      {
        "state": "QLD",
        "price": "800",
        "price_per_unit": "229",
        "price_unit": "G"
      },
      {
        "state": "WA",
        "price": "800",
        "price_per_unit": "229",
        "price_unit": "G"
      },
      {
        "state": "WA",
        "price": "800",
        "price_per_unit": "229",
        "price_unit": "G"
      },
      {
        "state": "SA",
        "price": "800",
        "price_per_unit": "229",
        "price_unit": "G"
      },
      {
        "state": "SA",
        "price": "800",
        "price_per_unit": "229",
        "price_unit": "G"
      },
      {
        "state": "TAS",
        "price": "800",
        "price_per_unit": "229",
        "price_unit": "G"
      },
      {
        "state": "TAS",
        "price": "800",
        "price_per_unit": "229",
        "price_unit": "G"
      },
      {
        "state": "ACT",
        "price": "800",
        "price_per_unit": "229",
        "price_unit": "G"
      },
      {
        "state": "ACT",
        "price": "800",
        "price_per_unit": "229",
        "price_unit": "G"
      }
    ]
  },
  {
    "source_url": "https://www.woolworths.com.au/shop/productdetails/507598/woolworths-chicken-pesto-pasta-bake",
    "name": "Woolworths Chicken Pesto Pasta Bake 350g",
    "image_url": "https://cdn1.woolworths.media/content/wowproductimages/large/507598.jpg",
    "source_id": "Woolworths - 507598",
    "barcode": "9339687363032",
    "shop": "Woolworths",
    "weight": "100G",
    "prices": [
      {
        "state": "NSW",
        "price": "800",
        "price_per_unit": "229",
        "price_unit": "G"
      },
      {
        "state": "NSW",
        "price": "800",
        "price_per_unit": "229",
        "price_unit": "G"
      },
      {
        "state": "QLD",
        "price": "800",
        "price_per_unit": "229",
        "price_unit": "G"
      },
      {
        "state": "QLD",
        "price": "800",
        "price_per_unit": "229",
        "price_unit": "G"
      },
      {
        "state": "WA",
        "price": "800",
        "price_per_unit": "229",
        "price_unit": "G"
      },
      {
        "state": "WA",
        "price": "800",
        "price_per_unit": "229",
        "price_unit": "G"
      },
      {
        "state": "TAS",
        "price": "800",
        "price_per_unit": "229",
        "price_unit": "G"
      },
      {
        "state": "TAS",
        "price": "800",
        "price_per_unit": "229",
        "price_unit": "G"
      },
      {
        "state": "ACT",
        "price": "800",
        "price_per_unit": "229",
        "price_unit": "G"
      },
      {
        "state": "ACT",
        "price": "800",
        "price_per_unit": "229",
        "price_unit": "G"
      }
    ]
  },
  {
    "source_url": "https://www.woolworths.com.au/shop/productdetails/652062/woolworths-fettuccine-carbonara-chilled-meal",
    "name": "Woolworths Fettuccine Carbonara Chilled Meal 350g",
    "image_url": "https://cdn1.woolworths.media/content/wowproductimages/large/652062.jpg",
    "source_id": "Woolworths - 652062",
    "barcode": "9300633686451",
    "shop": "Woolworths",
    "weight": "100G",
    "prices": [
      {
        "state": "NSW",
        "price": "800",
        "price_per_unit": "229",
        "price_unit": "G"
      },
      {
        "state": "NSW",
        "price": "800",
        "price_per_unit": "229",
        "price_unit": "G"
      },
      {
        "state": "VIC",
        "price": "800",
        "price_per_unit": "229",
        "price_unit": "G"
      },
      {
        "state": "VIC",
        "price": "800",
        "price_per_unit": "229",
        "price_unit": "G"
      },
      {
        "state": "QLD",
        "price": "800",
        "price_per_unit": "229",
        "price_unit": "G"
      },
      {
        "state": "QLD",
        "price": "800",
        "price_per_unit": "229",
        "price_unit": "G"
      },
      {
        "state": "WA",
        "price": "800",
        "price_per_unit": "229",
        "price_unit": "G"
      },
      {
        "state": "WA",
        "price": "800",
        "price_per_unit": "229",
        "price_unit": "G"
      },
      {
        "state": "SA",
        "price": "800",
        "price_per_unit": "229",
        "price_unit": "G"
      },
      {
        "state": "SA",
        "price": "800",
        "price_per_unit": "229",
        "price_unit": "G"
      },
      {
        "state": "TAS",
        "price": "800",
        "price_per_unit": "229",
        "price_unit": "G"
      },
      {
        "state": "TAS",
        "price": "800",
        "price_per_unit": "229",
        "price_unit": "G"
      },
      {
        "state": "ACT",
        "price": "800",
        "price_per_unit": "229",
        "price_unit": "G"
      },
      {
        "state": "ACT",
        "price": "800",
        "price_per_unit": "229",
        "price_unit": "G"
      },
      {
        "state": "NT",
        "price": "800",
        "price_per_unit": "229",
        "price_unit": "G"
      },
      {
        "state": "NT",
        "price": "800",
        "price_per_unit": "229",
        "price_unit": "G"
      }
    ]
  },
  {
    "source_url": "https://www.woolworths.com.au/shop/productdetails/827222/woolworths-macaroni-cheese-chilled-meal",
    "name": "Woolworths Macaroni & Cheese Chilled Meal 350g",
    "image_url": "https://cdn1.woolworths.media/content/wowproductimages/large/827222.jpg",
    "source_id": "Woolworths - 827222",
    "barcode": "9300633718398",
    "shop": "Woolworths",
    "weight": "100G",
    "prices": [
      {
        "state": "NSW",
        "price": "800",
        "price_per_unit": "229",
        "price_unit": "G"
      },
      {
        "state": "NSW",
        "price": "800",
        "price_per_unit": "229",
        "price_unit": "G"
      },
      {
        "state": "VIC",
        "price": "800",
        "price_per_unit": "229",
        "price_unit": "G"
      },
      {
        "state": "VIC",
        "price": "800",
        "price_per_unit": "229",
        "price_unit": "G"
      },
      {
        "state": "QLD",
        "price": "800",
        "price_per_unit": "229",
        "price_unit": "G"
      },
      {
        "state": "QLD",
        "price": "800",
        "price_per_unit": "229",
        "price_unit": "G"
      },
      {
        "state": "WA",
        "price": "800",
        "price_per_unit": "229",
        "price_unit": "G"
      },
      {
        "state": "WA",
        "price": "800",
        "price_per_unit": "229",
        "price_unit": "G"
      },
      {
        "state": "SA",
        "price": "800",
        "price_per_unit": "229",
        "price_unit": "G"
      },
      {
        "state": "SA",
        "price": "800",
        "price_per_unit": "229",
        "price_unit": "G"
      },
      {
        "state": "TAS",
        "price": "800",
        "price_per_unit": "229",
        "price_unit": "G"
      },
      {
        "state": "TAS",
        "price": "800",
        "price_per_unit": "229",
        "price_unit": "G"
      },
      {
        "state": "ACT",
        "price": "800",
        "price_per_unit": "229",
        "price_unit": "G"
      },
      {
        "state": "ACT",
        "price": "800",
        "price_per_unit": "229",
        "price_unit": "G"
      },
      {
        "state": "NT",
        "price": "800",
        "price_per_unit": "229",
        "price_unit": "G"
      },
      {
        "state": "NT",
        "price": "800",
        "price_per_unit": "229",
        "price_unit": "G"
      }
    ]
  },
  {
    "source_url": "https://www.woolworths.com.au/shop/productdetails/827226/woolworths-ricotta-spinach-cannelloni-chilled-meal",
    "name": "Woolworths Ricotta & Spinach Cannelloni Chilled Meal 700g",
    "image_url": "https://cdn1.woolworths.media/content/wowproductimages/large/827226.jpg",
    "source_id": "Woolworths - 827226",
    "barcode": "9300633718435",
    "shop": "Woolworths",
    "weight": "100G",
    "prices": [
      {
        "state": "NSW",
        "price": "1420",
        "price_per_unit": "203",
        "price_unit": "G"
      },
      {
        "state": "NSW",
        "price": "1420",
        "price_per_unit": "203",
        "price_unit": "G"
      },
      {
        "state": "VIC",
        "price": "1420",
        "price_per_unit": "203",
        "price_unit": "G"
      },
      {
        "state": "VIC",
        "price": "1420",
        "price_per_unit": "203",
        "price_unit": "G"
      },
      {
        "state": "QLD",
        "price": "1420",
        "price_per_unit": "203",
        "price_unit": "G"
      },
      {
        "state": "QLD",
        "price": "1420",
        "price_per_unit": "203",
        "price_unit": "G"
      },
      {
        "state": "WA",
        "price": "1420",
        "price_per_unit": "203",
        "price_unit": "G"
      },
      {
        "state": "WA",
        "price": "1420",
        "price_per_unit": "203",
        "price_unit": "G"
      },
      {
        "state": "SA",
        "price": "1420",
        "price_per_unit": "203",
        "price_unit": "G"
      },
      {
        "state": "SA",
        "price": "1420",
        "price_per_unit": "203",
        "price_unit": "G"
      },
      {
        "state": "TAS",
        "price": "1420",
        "price_per_unit": "203",
        "price_unit": "G"
      },
      {
        "state": "TAS",
        "price": "1420",
        "price_per_unit": "203",
        "price_unit": "G"
      }
    ]
  },
  {
    "source_url": "https://www.woolworths.com.au/shop/productdetails/506567/woolworths-roasted-capsicum-pork-rigatoni",
    "name": "Woolworths Roasted Capsicum Pork Rigatoni 350g",
    "image_url": "https://cdn1.woolworths.media/content/wowproductimages/large/506567.jpg",
    "source_id": "Woolworths - 506567",
    "barcode": "9339687363261",
    "shop": "Woolworths",
    "weight": "100G",
    "prices": [
      {
        "state": "NSW",
        "price": "800",
        "price_per_unit": "229",
        "price_unit": "G"
      },
      {
        "state": "NSW",
        "price": "800",
        "price_per_unit": "229",
        "price_unit": "G"
      },
      {
        "state": "QLD",
        "price": "800",
        "price_per_unit": "229",
        "price_unit": "G"
      },
      {
        "state": "QLD",
        "price": "800",
        "price_per_unit": "229",
        "price_unit": "G"
      },
      {
        "state": "WA",
        "price": "800",
        "price_per_unit": "229",
        "price_unit": "G"
      },
      {
        "state": "WA",
        "price": "800",
        "price_per_unit": "229",
        "price_unit": "G"
      },
      {
        "state": "TAS",
        "price": "800",
        "price_per_unit": "229",
        "price_unit": "G"
      },
      {
        "state": "TAS",
        "price": "800",
        "price_per_unit": "229",
        "price_unit": "G"
      },
      {
        "state": "ACT",
        "price": "800",
        "price_per_unit": "229",
        "price_unit": "G"
      },
      {
        "state": "ACT",
        "price": "800",
        "price_per_unit": "229",
        "price_unit": "G"
      }
    ]
  },
  {
    "source_url": "https://www.woolworths.com.au/shop/productdetails/161994/woolworths-slow-cooked-beef-ragu-lasagne-null",
    "name": "Woolworths Slow Cooked Beef Ragu Lasagne 1.3kg",
    "image_url": "https://cdn1.woolworths.media/content/wowproductimages/large/161994.jpg",
    "source_id": "Woolworths - 161994",
    "barcode": "9339687264056",
    "shop": "Woolworths",
    "weight": "100G",
    "prices": [
      {
        "state": "NSW",
        "price": "2000",
        "price_per_unit": "154",
        "price_unit": "G"
      },
      {
        "state": "NSW",
        "price": "2000",
        "price_per_unit": "154",
        "price_unit": "G"
      },
      {
        "state": "VIC",
        "price": "2000",
        "price_per_unit": "154",
        "price_unit": "G"
      },
      {
        "state": "VIC",
        "price": "2000",
        "price_per_unit": "154",
        "price_unit": "G"
      },
      {
        "state": "TAS",
        "price": "2000",
        "price_per_unit": "154",
        "price_unit": "G"
      },
      {
        "state": "TAS",
        "price": "2000",
        "price_per_unit": "154",
        "price_unit": "G"
      }
    ]
  },
  {
    "source_url": "https://www.woolworths.com.au/shop/productdetails/161993/woolworths-slow-cooked-beef-ragu-lasagne-null",
    "name": "Woolworths Slow Cooked Beef Ragu Lasagne 700g",
    "image_url": "https://cdn1.woolworths.media/content/wowproductimages/large/161993.jpg",
    "source_id": "Woolworths - 161993",
    "barcode": "9339687264049",
    "shop": "Woolworths",
    "weight": "1KG",
    "prices": [
      {
        "state": "NSW",
        "price": "1450",
        "price_per_unit": "2071",
        "price_unit": "KG"
      },
      {
        "state": "NSW",
        "price": "1450",
        "price_per_unit": "2071",
        "price_unit": "KG"
      },
      {
        "state": "QLD",
        "price": "1450",
        "price_per_unit": "2071",
        "price_unit": "KG"
      },
      {
        "state": "QLD",
        "price": "1450",
        "price_per_unit": "2071",
        "price_unit": "KG"
      },
      {
        "state": "WA",
        "price": "1450",
        "price_per_unit": "2071",
        "price_unit": "KG"
      },
      {
        "state": "WA",
        "price": "1450",
        "price_per_unit": "2071",
        "price_unit": "KG"
      },
      {
        "state": "SA",
        "price": "1450",
        "price_per_unit": "2071",
        "price_unit": "KG"
      },
      {
        "state": "SA",
        "price": "1450",
        "price_per_unit": "2071",
        "price_unit": "KG"
      },
      {
        "state": "TAS",
        "price": "1450",
        "price_per_unit": "2071",
        "price_unit": "KG"
      },
      {
        "state": "TAS",
        "price": "1450",
        "price_per_unit": "2071",
        "price_unit": "KG"
      },
      {
        "state": "ACT",
        "price": "1450",
        "price_per_unit": "2071",
        "price_unit": "KG"
      },
      {
        "state": "ACT",
        "price": "1450",
        "price_per_unit": "2071",
        "price_unit": "KG"
      }
    ]
  },
  {
    "source_url": "https://www.woolworths.com.au/shop/productdetails/646134/woolworths-spaghetti-bolognese-chilled-meal",
    "name": "Woolworths Spaghetti Bolognese Chilled Meal 350g",
    "image_url": "https://cdn1.woolworths.media/content/wowproductimages/large/646134.jpg",
    "source_id": "Woolworths - 646134",
    "barcode": "9300633686901",
    "shop": "Woolworths",
    "weight": "100G",
    "prices": [
      {
        "state": "NSW",
        "price": "800",
        "price_per_unit": "229",
        "price_unit": "G"
      },
      {
        "state": "NSW",
        "price": "800",
        "price_per_unit": "229",
        "price_unit": "G"
      },
      {
        "state": "VIC",
        "price": "800",
        "price_per_unit": "229",
        "price_unit": "G"
      },
      {
        "state": "VIC",
        "price": "800",
        "price_per_unit": "229",
        "price_unit": "G"
      },
      {
        "state": "QLD",
        "price": "800",
        "price_per_unit": "229",
        "price_unit": "G"
      },
      {
        "state": "QLD",
        "price": "800",
        "price_per_unit": "229",
        "price_unit": "G"
      },
      {
        "state": "WA",
        "price": "800",
        "price_per_unit": "229",
        "price_unit": "G"
      },
      {
        "state": "WA",
        "price": "800",
        "price_per_unit": "229",
        "price_unit": "G"
      },
      {
        "state": "SA",
        "price": "800",
        "price_per_unit": "229",
        "price_unit": "G"
      },
      {
        "state": "SA",
        "price": "800",
        "price_per_unit": "229",
        "price_unit": "G"
      },
      {
        "state": "TAS",
        "price": "800",
        "price_per_unit": "229",
        "price_unit": "G"
      },
      {
        "state": "TAS",
        "price": "800",
        "price_per_unit": "229",
        "price_unit": "G"
      },
      {
        "state": "ACT",
        "price": "800",
        "price_per_unit": "229",
        "price_unit": "G"
      },
      {
        "state": "ACT",
        "price": "800",
        "price_per_unit": "229",
        "price_unit": "G"
      },
      {
        "state": "NT",
        "price": "800",
        "price_per_unit": "229",
        "price_unit": "G"
      },
      {
        "state": "NT",
        "price": "800",
        "price_per_unit": "229",
        "price_unit": "G"
      }
    ]
  },
  {
    "source_url": "https://www.woolworths.com.au/shop/productdetails/507622/woolworths-spinach-ricotta-cannelloni",
    "name": "Woolworths Spinach & Ricotta Cannelloni 350g",
    "image_url": "https://cdn1.woolworths.media/content/wowproductimages/large/507622.jpg",
    "source_id": "Woolworths - 507622",
    "barcode": "9339687362875",
    "shop": "Woolworths",
    "weight": "100G",
    "prices": [
      {
        "state": "NSW",
        "price": "800",
        "price_per_unit": "229",
        "price_unit": "G"
      },
      {
        "state": "NSW",
        "price": "800",
        "price_per_unit": "229",
        "price_unit": "G"
      },
      {
        "state": "QLD",
        "price": "800",
        "price_per_unit": "229",
        "price_unit": "G"
      },
      {
        "state": "QLD",
        "price": "800",
        "price_per_unit": "229",
        "price_unit": "G"
      },
      {
        "state": "WA",
        "price": "800",
        "price_per_unit": "229",
        "price_unit": "G"
      },
      {
        "state": "WA",
        "price": "800",
        "price_per_unit": "229",
        "price_unit": "G"
      },
      {
        "state": "SA",
        "price": "800",
        "price_per_unit": "229",
        "price_unit": "G"
      },
      {
        "state": "SA",
        "price": "800",
        "price_per_unit": "229",
        "price_unit": "G"
      },
      {
        "state": "TAS",
        "price": "800",
        "price_per_unit": "229",
        "price_unit": "G"
      },
      {
        "state": "TAS",
        "price": "800",
        "price_per_unit": "229",
        "price_unit": "G"
      },
      {
        "state": "ACT",
        "price": "800",
        "price_per_unit": "229",
        "price_unit": "G"
      },
      {
        "state": "ACT",
        "price": "800",
        "price_per_unit": "229",
        "price_unit": "G"
      }
    ]
  },
  {
    "source_url": "https://www.woolworths.com.au/shop/productdetails/502586/woolworths-vegetable-lasagne-topped-with-ricotta-bechamel",
    "name": "Woolworths Vegetable Lasagne Topped With Ricotta Bechamel 700g",
    "image_url": "https://cdn1.woolworths.media/content/wowproductimages/large/502586.jpg",
    "source_id": "Woolworths - 502586",
    "barcode": "9339687362868",
    "shop": "Woolworths",
    "weight": "100G",
    "prices": [
      {
        "state": "NSW",
        "price": "1450",
        "price_per_unit": "207",
        "price_unit": "G"
      },
      {
        "state": "NSW",
        "price": "1450",
        "price_per_unit": "207",
        "price_unit": "G"
      },
      {
        "state": "VIC",
        "price": "1450",
        "price_per_unit": "207",
        "price_unit": "G"
      },
      {
        "state": "VIC",
        "price": "1450",
        "price_per_unit": "207",
        "price_unit": "G"
      },
      {
        "state": "ACT",
        "price": "1450",
        "price_per_unit": "207",
        "price_unit": "G"
      },
      {
        "state": "ACT",
        "price": "1450",
        "price_per_unit": "207",
        "price_unit": "G"
      }
    ]
  },
  {
    "source_url": "https://www.woolworths.com.au/shop/productdetails/547226/pasta-master-beef-vegetable-pasta-bake",
    "name": "Pasta Master Beef & Vegetable Pasta Bake 1.2kg",
    "image_url": "https://cdn1.woolworths.media/content/wowproductimages/large/547226.jpg",
    "source_id": "Woolworths - 547226",
    "barcode": "9319946008744",
    "shop": "Woolworths",
    "weight": "100G",
    "prices": [
      {
        "state": "VIC",
        "price": "1700",
        "price_per_unit": "142",
        "price_unit": "G"
      },
      {
        "state": "VIC",
        "price": "1700",
        "price_per_unit": "142",
        "price_unit": "G"
      },
      {
        "state": "QLD",
        "price": "1700",
        "price_per_unit": "142",
        "price_unit": "G"
      },
      {
        "state": "QLD",
        "price": "1700",
        "price_per_unit": "142",
        "price_unit": "G"
      },
      {
        "state": "WA",
        "price": "1700",
        "price_per_unit": "142",
        "price_unit": "G"
      },
      {
        "state": "WA",
        "price": "1700",
        "price_per_unit": "142",
        "price_unit": "G"
      },
      {
        "state": "SA",
        "price": "1700",
        "price_per_unit": "142",
        "price_unit": "G"
      },
      {
        "state": "SA",
        "price": "1700",
        "price_per_unit": "142",
        "price_unit": "G"
      },
      {
        "state": "ACT",
        "price": "1700",
        "price_per_unit": "142",
        "price_unit": "G"
      },
      {
        "state": "ACT",
        "price": "1700",
        "price_per_unit": "142",
        "price_unit": "G"
      }
    ]
  },
  {
    "source_url": "https://www.woolworths.com.au/shop/productdetails/119829/pasta-master-chicken-bacon-bake-chilled-meal",
    "name": "Pasta Master Chicken & Bacon Bake Chilled Meal 1.2kg",
    "image_url": "https://cdn1.woolworths.media/content/wowproductimages/large/119829.jpg",
    "source_id": "Woolworths - 119829",
    "barcode": "9319946006511",
    "shop": "Woolworths",
    "weight": "100G",
    "prices": [
      null,
      {
        "state": "QLD",
        "price": "1700",
        "price_per_unit": "142",
        "price_unit": "G"
      },
      {
        "state": "QLD",
        "price": "1700",
        "price_per_unit": "142",
        "price_unit": "G"
      },
      {
        "state": "WA",
        "price": "1700",
        "price_per_unit": "142",
        "price_unit": "G"
      },
      {
        "state": "WA",
        "price": "1700",
        "price_per_unit": "142",
        "price_unit": "G"
      },
      {
        "state": "SA",
        "price": "1700",
        "price_per_unit": "142",
        "price_unit": "G"
      },
      {
        "state": "SA",
        "price": "1700",
        "price_per_unit": "142",
        "price_unit": "G"
      },
      {
        "state": "TAS",
        "price": "1700",
        "price_per_unit": "142",
        "price_unit": "G"
      },
      {
        "state": "TAS",
        "price": "1700",
        "price_per_unit": "142",
        "price_unit": "G"
      }
    ]
  },
  {
    "source_url": "https://www.woolworths.com.au/shop/productdetails/652060/woolworths-spaghetti-bolognese-bolognese-chilled-meal",
    "name": "Woolworths Spaghetti Bolognese Bolognese Chilled Meal 1.1kg",
    "image_url": "https://cdn1.woolworths.media/content/wowproductimages/large/652060.jpg",
    "source_id": "Woolworths - 652060",
    "barcode": "9300633686437",
    "shop": "Woolworths",
    "weight": "100G",
    "prices": [
      null,
      {
        "state": "QLD",
        "price": "1400",
        "price_per_unit": "127",
        "price_unit": "G"
      },
      {
        "state": "QLD",
        "price": "1400",
        "price_per_unit": "127",
        "price_unit": "G"
      },
      {
        "state": "WA",
        "price": "1400",
        "price_per_unit": "127",
        "price_unit": "G"
      },
      {
        "state": "WA",
        "price": "1400",
        "price_per_unit": "127",
        "price_unit": "G"
      },
      {
        "state": "SA",
        "price": "1400",
        "price_per_unit": "127",
        "price_unit": "G"
      },
      {
        "state": "SA",
        "price": "1400",
        "price_per_unit": "127",
        "price_unit": "G"
      },
      {
        "state": "TAS",
        "price": "1400",
        "price_per_unit": "127",
        "price_unit": "G"
      },
      {
        "state": "TAS",
        "price": "1400",
        "price_per_unit": "127",
        "price_unit": "G"
      }
    ]
  },
  {
    "source_url": "https://www.woolworths.com.au/shop/productdetails/827224/woolworths-spinach-ricotta-tortellini-napolitana-sauce-chilled-meal",
    "name": "Woolworths Spinach & Ricotta Tortellini Napolitana Sauce Chilled Meal 350g",
    "image_url": "https://cdn1.woolworths.media/content/wowproductimages/large/827224.jpg",
    "source_id": "Woolworths - 827224",
    "barcode": "9300633718411",
    "shop": "Woolworths",
    "weight": "100G",
    "prices": [
      {
        "state": "VIC",
        "price": "800",
        "price_per_unit": "229",
        "price_unit": "G"
      },
      {
        "state": "VIC",
        "price": "800",
        "price_per_unit": "229",
        "price_unit": "G"
      },
      {
        "state": "QLD",
        "price": "800",
        "price_per_unit": "229",
        "price_unit": "G"
      },
      {
        "state": "QLD",
        "price": "800",
        "price_per_unit": "229",
        "price_unit": "G"
      },
      {
        "state": "WA",
        "price": "800",
        "price_per_unit": "229",
        "price_unit": "G"
      },
      {
        "state": "WA",
        "price": "800",
        "price_per_unit": "229",
        "price_unit": "G"
      },
      {
        "state": "SA",
        "price": "800",
        "price_per_unit": "229",
        "price_unit": "G"
      },
      {
        "state": "SA",
        "price": "800",
        "price_per_unit": "229",
        "price_unit": "G"
      },
      {
        "state": "ACT",
        "price": "800",
        "price_per_unit": "229",
        "price_unit": "G"
      },
      {
        "state": "ACT",
        "price": "800",
        "price_per_unit": "229",
        "price_unit": "G"
      }
    ]
  },
  {
    "source_url": "https://www.woolworths.com.au/shop/productdetails/601940/latina-fresh-ready-meal-angus-beef-veg-lasagne-chilled-meal",
    "name": "Latina Fresh Ready Meal Angus Beef & Veg Lasagne Chilled Meal 1.6kg",
    "image_url": "https://cdn1.woolworths.media/content/wowproductimages/large/601940.jpg",
    "source_id": "Woolworths - 601940",
    "barcode": "9312353005245",
    "shop": "Woolworths",
    "weight": "100G",
    "prices": [
      {
        "state": "QLD",
        "price": "1750",
        "price_per_unit": "109",
        "price_unit": "G"
      },
      {
        "state": "QLD",
        "price": "1750",
        "price_per_unit": "109",
        "price_unit": "G"
      },
      {
        "state": "WA",
        "price": "1750",
        "price_per_unit": "109",
        "price_unit": "G"
      },
      {
        "state": "WA",
        "price": "1750",
        "price_per_unit": "109",
        "price_unit": "G"
      },
      {
        "state": "SA",
        "price": "1750",
        "price_per_unit": "109",
        "price_unit": "G"
      },
      {
        "state": "SA",
        "price": "1750",
        "price_per_unit": "109",
        "price_unit": "G"
      }
    ]
  },
  {
    "source_url": "https://www.woolworths.com.au/shop/productdetails/238159/cucina-classica-beef-ravioli-napoletana",
    "name": "Cucina Classica Beef Ravioli Napoletana 350g",
    "image_url": "https://cdn1.woolworths.media/content/wowproductimages/large/238159.jpg",
    "source_id": "Woolworths - 238159",
    "barcode": "9345682003262",
    "shop": "Woolworths",
    "weight": "100G",
    "prices": [
      {
        "state": "SA",
        "price": "920",
        "price_per_unit": "263",
        "price_unit": "G"
      },
      {
        "state": "SA",
        "price": "920",
        "price_per_unit": "263",
        "price_unit": "G"
      }
    ]
  },
  {
    "source_url": "https://www.woolworths.com.au/shop/productdetails/237481/cucina-classica-cucina-rigatoni-bolognese",
    "name": "Cucina Classica Cucina Rigatoni Bolognese 320g",
    "image_url": "https://cdn1.woolworths.media/content/wowproductimages/large/237481.jpg",
    "source_id": "Woolworths - 237481",
    "barcode": "9345682003255",
    "shop": "Woolworths",
    "weight": "100G",
    "prices": [
      {
        "state": "SA",
        "price": "920",
        "price_per_unit": "288",
        "price_unit": "G"
      },
      {
        "state": "SA",
        "price": "920",
        "price_per_unit": "288",
        "price_unit": "G"
      }
    ]
  },
  {
    "source_url": "https://www.woolworths.com.au/shop/productdetails/767481/cucina-classica-pasta-blue-swimmer-crab-chilled-meal",
    "name": "Cucina Classica Pasta Blue Swimmer Crab Chilled Meal 300g",
    "image_url": "https://cdn1.woolworths.media/content/wowproductimages/large/767481.jpg",
    "source_id": "Woolworths - 767481",
    "barcode": "9345682003026",
    "shop": "Woolworths",
    "weight": "100G",
    "prices": [
      {
        "state": "SA",
        "price": "920",
        "price_per_unit": "263",
        "price_unit": "G"
      },
      {
        "state": "SA",
        "price": "920",
        "price_per_unit": "263",
        "price_unit": "G"
      }
    ]
  },
  {
    "source_url": "https://www.woolworths.com.au/shop/productdetails/760099/cucina-classica-tagliatelle-beef-ragu-chilled-meal",
    "name": "Cucina Classica Tagliatelle Beef Ragu Chilled Meal 300G",
    "image_url": "https://cdn1.woolworths.media/content/wowproductimages/large/760099.jpg",
    "source_id": "Woolworths - 760099",
    "barcode": "9345682000445",
    "shop": "Woolworths",
    "weight": "100G",
    "prices": [
      {
        "state": "SA",
        "price": "920",
        "price_per_unit": "307",
        "price_unit": "G"
      },
      {
        "state": "SA",
        "price": "920",
        "price_per_unit": "307",
        "price_unit": "G"
      }
    ]
  },
  {
    "source_url": "https://www.woolworths.com.au/shop/productdetails/760206/cucina-classica-traditional-lasagne-null",
    "name": "Cucina Classica Traditional Lasagne 350g",
    "image_url": "https://cdn1.woolworths.media/content/wowproductimages/large/760206.jpg",
    "source_id": "Woolworths - 760206",
    "barcode": "9345682000216",
    "shop": "Woolworths",
    "weight": "100G",
    "prices": [
      {
        "state": "SA",
        "price": "920",
        "price_per_unit": "263",
        "price_unit": "G"
      },
      {
        "state": "SA",
        "price": "920",
        "price_per_unit": "263",
        "price_unit": "G"
      }
    ]
  }
]