[
  {
    "source_url": "https://www.woolworths.com.au/shop/productdetails/206426/bega-cheese-slices-strong-bitey-vintage",
    "name": "Bega Cheese Slices Strong & Bitey Vintage 250g",
    "image_url": "https://cdn1.woolworths.media/content/wowproductimages/large/206426.jpg",
    "source_id": "Woolworths - 206426",
    "barcode": "9310264912775",
    "shop": "Woolworths",
    "weight": "1KG",
    "prices": [
      {
        "state": "NSW",
        "price": "750",
        "price_per_unit": "3000",
        "price_unit": "KG"
      },
      {
        "state": "VIC",
        "price": "750",
        "price_per_unit": "3000",
        "price_unit": "KG"
      },
      {
        "state": "QLD",
        "price": "750",
        "price_per_unit": "3000",
        "price_unit": "KG"
      },
      {
        "state": "WA",
        "price": "750",
        "price_per_unit": "3000",
        "price_unit": "KG"
      },
      {
        "state": "SA",
        "price": "750",
        "price_per_unit": "3000",
        "price_unit": "KG"
      },
      {
        "state": "TAS",
        "price": "750",
        "price_per_unit": "3000",
        "price_unit": "KG"
      },
      {
        "state": "ACT",
        "price": "750",
        "price_per_unit": "3000",
        "price_unit": "KG"
      },
      {
        "state": "NT",
        "price": "750",
        "price_per_unit": "3000",
        "price_unit": "KG"
      }
    ]
  },
  {
    "source_url": "https://www.woolworths.com.au/shop/productdetails/769525/bega-cheese-slices-strong-bitey-vintage",
    "name": "Bega Cheese Slices Strong & Bitey Vintage 500g",
    "image_url": "https://cdn1.woolworths.media/content/wowproductimages/large/769525.jpg",
    "source_id": "Woolworths - 769525",
    "barcode": "9310264912782",
    "shop": "Woolworths",
    "weight": "1KG",
    "prices": [
      {
        "state": "NSW",
        "price": "1100",
        "price_per_unit": "2200",
        "price_unit": "KG"
      },
      {
        "state": "VIC",
        "price": "1100",
        "price_per_unit": "2200",
        "price_unit": "KG"
      },
      {
        "state": "QLD",
        "price": "1100",
        "price_per_unit": "2200",
        "price_unit": "KG"
      },
      {
        "state": "WA",
        "price": "1100",
        "price_per_unit": "2200",
        "price_unit": "KG"
      },
      {
        "state": "SA",
        "price": "1100",
        "price_per_unit": "2200",
        "price_unit": "KG"
      },
      {
        "state": "TAS",
        "price": "1100",
        "price_per_unit": "2200",
        "price_unit": "KG"
      },
      {
        "state": "ACT",
        "price": "1100",
        "price_per_unit": "2200",
        "price_unit": "KG"
      },
      {
        "state": "NT",
        "price": "1100",
        "price_per_unit": "2200",
        "price_unit": "KG"
      }
    ]
  },
  {
    "source_url": "https://www.woolworths.com.au/shop/productdetails/223934/bega-colby-cheese-slices-slices",
    "name": "Bega Colby Cheese Slices 250g",
    "image_url": "https://cdn1.woolworths.media/content/wowproductimages/large/223934.jpg",
    "source_id": "Woolworths - 223934",
    "barcode": "9310264912850",
    "shop": "Woolworths",
    "weight": "1KG",
    "prices": [
      {
        "state": "NSW",
        "price": "750",
        "price_per_unit": "3000",
        "price_unit": "KG"
      },
      {
        "state": "VIC",
        "price": "750",
        "price_per_unit": "3000",
        "price_unit": "KG"
      },
      {
        "state": "QLD",
        "price": "750",
        "price_per_unit": "3000",
        "price_unit": "KG"
      },
      {
        "state": "WA",
        "price": "750",
        "price_per_unit": "3000",
        "price_unit": "KG"
      },
      {
        "state": "SA",
        "price": "750",
        "price_per_unit": "3000",
        "price_unit": "KG"
      },
      {
        "state": "TAS",
        "price": "750",
        "price_per_unit": "3000",
        "price_unit": "KG"
      },
      {
        "state": "ACT",
        "price": "750",
        "price_per_unit": "3000",
        "price_unit": "KG"
      },
      {
        "state": "NT",
        "price": "750",
        "price_per_unit": "3000",
        "price_unit": "KG"
      }
    ]
  },
  {
    "source_url": "https://www.woolworths.com.au/shop/productdetails/296324/bega-colby-cheese-slices-slices",
    "name": "Bega Colby Cheese Slices 500g",
    "image_url": "https://cdn1.woolworths.media/content/wowproductimages/large/296324.jpg",
    "source_id": "Woolworths - 296324",
    "barcode": "9310264115886",
    "shop": "Woolworths",
    "weight": "1KG",
    "prices": [
      {
        "state": "NSW",
        "price": "1100",
        "price_per_unit": "2200",
        "price_unit": "KG"
      },
      {
        "state": "VIC",
        "price": "1100",
        "price_per_unit": "2200",
        "price_unit": "KG"
      },
      {
        "state": "QLD",
        "price": "1100",
        "price_per_unit": "2200",
        "price_unit": "KG"
      },
      {
        "state": "WA",
        "price": "1100",
        "price_per_unit": "2200",
        "price_unit": "KG"
      },
      {
        "state": "SA",
        "price": "1100",
        "price_per_unit": "2200",
        "price_unit": "KG"
      },
      {
        "state": "TAS",
        "price": "1100",
        "price_per_unit": "2200",
        "price_unit": "KG"
      },
      {
        "state": "ACT",
        "price": "1100",
        "price_per_unit": "2200",
        "price_unit": "KG"
      },
      {
        "state": "NT",
        "price": "1100",
        "price_per_unit": "2200",
        "price_unit": "KG"
      }
    ]
  },
  {
    "source_url": "https://www.woolworths.com.au/shop/productdetails/206424/bega-reduced-fat-cheese-slices-light-vintage-25-",
    "name": "Bega Reduced Fat Cheese Slices Light Vintage 25% 250g",
    "image_url": "https://cdn1.woolworths.media/content/wowproductimages/large/206424.jpg",
    "source_id": "Woolworths - 206424",
    "barcode": "9310264912836",
    "shop": "Woolworths",
    "weight": "1KG",
    "prices": [
      {
        "state": "NSW",
        "price": "750",
        "price_per_unit": "3000",
        "price_unit": "KG"
      },
      {
        "state": "VIC",
        "price": "750",
        "price_per_unit": "3000",
        "price_unit": "KG"
      },
      {
        "state": "QLD",
        "price": "750",
        "price_per_unit": "3000",
        "price_unit": "KG"
      },
      {
        "state": "WA",
        "price": "750",
        "price_per_unit": "3000",
        "price_unit": "KG"
      },
      {
        "state": "SA",
        "price": "750",
        "price_per_unit": "3000",
        "price_unit": "KG"
      },
      {
        "state": "TAS",
        "price": "750",
        "price_per_unit": "3000",
        "price_unit": "KG"
      },
      {
        "state": "ACT",
        "price": "750",
        "price_per_unit": "3000",
        "price_unit": "KG"
      },
      {
        "state": "NT",
        "price": "750",
        "price_per_unit": "3000",
        "price_unit": "KG"
      }
    ]
  },
  {
    "source_url": "https://www.woolworths.com.au/shop/productdetails/226463/bega-reduced-fat-cheese-slices-so-light-50-",
    "name": "Bega Reduced Fat Cheese Slices So Light 50% 500g",
    "image_url": "https://cdn1.woolworths.media/content/wowproductimages/large/226463.jpg",
    "source_id": "Woolworths - 226463",
    "barcode": "9310264912829",
    "shop": "Woolworths",
    "weight": "1KG",
    "prices": [
      {
        "state": "NSW",
        "price": "1100",
        "price_per_unit": "2200",
        "price_unit": "KG"
      },
      {
        "state": "VIC",
        "price": "1100",
        "price_per_unit": "2200",
        "price_unit": "KG"
      },
      {
        "state": "QLD",
        "price": "1100",
        "price_per_unit": "2200",
        "price_unit": "KG"
      },
      {
        "state": "WA",
        "price": "1100",
        "price_per_unit": "2200",
        "price_unit": "KG"
      },
      {
        "state": "SA",
        "price": "1100",
        "price_per_unit": "2200",
        "price_unit": "KG"
      },
      {
        "state": "TAS",
        "price": "1100",
        "price_per_unit": "2200",
        "price_unit": "KG"
      },
      {
        "state": "ACT",
        "price": "1100",
        "price_per_unit": "2200",
        "price_unit": "KG"
      },
      {
        "state": "NT",
        "price": "1100",
        "price_per_unit": "2200",
        "price_unit": "KG"
      }
    ]
  },
  {
    "source_url": "https://www.woolworths.com.au/shop/productdetails/69369/bega-tasty-cheese-slices-slices",
    "name": "Bega Tasty Cheese Slices 250g",
    "image_url": "https://cdn1.woolworths.media/content/wowproductimages/large/069369.jpg",
    "source_id": "Woolworths - 69369",
    "barcode": "9310264912751",
    "shop": "Woolworths",
    "weight": "1KG",
    "prices": [
      {
        "state": "NSW",
        "price": "750",
        "price_per_unit": "3000",
        "price_unit": "KG"
      },
      {
        "state": "VIC",
        "price": "750",
        "price_per_unit": "3000",
        "price_unit": "KG"
      },
      {
        "state": "QLD",
        "price": "750",
        "price_per_unit": "3000",
        "price_unit": "KG"
      },
      {
        "state": "WA",
        "price": "750",
        "price_per_unit": "3000",
        "price_unit": "KG"
      },
      {
        "state": "SA",
        "price": "750",
        "price_per_unit": "3000",
        "price_unit": "KG"
      },
      {
        "state": "TAS",
        "price": "750",
        "price_per_unit": "3000",
        "price_unit": "KG"
      },
      {
        "state": "ACT",
        "price": "750",
        "price_per_unit": "3000",
        "price_unit": "KG"
      },
      {
        "state": "NT",
        "price": "750",
        "price_per_unit": "3000",
        "price_unit": "KG"
      }
    ]
  },
  {
    "source_url": "https://www.woolworths.com.au/shop/productdetails/769558/bega-tasty-cheese-slices-slices",
    "name": "Bega Tasty Cheese Slices 500g",
    "image_url": "https://cdn1.woolworths.media/content/wowproductimages/large/769558.jpg",
    "source_id": "Woolworths - 769558",
    "barcode": "9310264912768",
    "shop": "Woolworths",
    "weight": "1KG",
    "prices": [
      {
        "state": "NSW",
        "price": "1100",
        "price_per_unit": "2200",
        "price_unit": "KG"
      },
      {
        "state": "VIC",
        "price": "1100",
        "price_per_unit": "2200",
        "price_unit": "KG"
      },
      {
        "state": "QLD",
        "price": "1100",
        "price_per_unit": "2200",
        "price_unit": "KG"
      },
      {
        "state": "WA",
        "price": "1100",
        "price_per_unit": "2200",
        "price_unit": "KG"
      },
      {
        "state": "SA",
        "price": "1100",
        "price_per_unit": "2200",
        "price_unit": "KG"
      },
      {
        "state": "TAS",
        "price": "1100",
        "price_per_unit": "2200",
        "price_unit": "KG"
      },
      {
        "state": "ACT",
        "price": "1100",
        "price_per_unit": "2200",
        "price_unit": "KG"
      },
      {
        "state": "NT",
        "price": "1100",
        "price_per_unit": "2200",
        "price_unit": "KG"
      }
    ]
  },
  {
    "source_url": "https://www.woolworths.com.au/shop/productdetails/574619/bega-tasty-cheese-slices",
    "name": "Bega Tasty Cheese Slices 750g",
    "image_url": "https://cdn1.woolworths.media/content/wowproductimages/large/574619.jpg",
    "source_id": "Woolworths - 574619",
    "barcode": "9310264913444",
    "shop": "Woolworths",
    "weight": "1KG",
    "prices": [
      {
        "state": "NSW",
        "price": "1400",
        "price_per_unit": "1867",
        "price_unit": "KG"
      },
      {
        "state": "VIC",
        "price": "1400",
        "price_per_unit": "1867",
        "price_unit": "KG"
      },
      {
        "state": "QLD",
        "price": "1400",
        "price_per_unit": "1867",
        "price_unit": "KG"
      },
      {
        "state": "WA",
        "price": "1400",
        "price_per_unit": "1867",
        "price_unit": "KG"
      },
      {
        "state": "SA",
        "price": "1400",
        "price_per_unit": "1867",
        "price_unit": "KG"
      },
      {
        "state": "TAS",
        "price": "1400",
        "price_per_unit": "1867",
        "price_unit": "KG"
      },
      {
        "state": "ACT",
        "price": "1400",
        "price_per_unit": "1867",
        "price_unit": "KG"
      },
      {
        "state": "NT",
        "price": "1400",
        "price_per_unit": "1867",
        "price_unit": "KG"
      }
    ]
  },
  {
    "source_url": "https://www.woolworths.com.au/shop/productdetails/423707/cheer-cheese-aussie-jack-burger-cheese-slices",
    "name": "Cheer Cheese Aussie Jack Burger Cheese Slices 250g",
    "image_url": "https://cdn1.woolworths.media/content/wowproductimages/large/423707.jpg",
    "source_id": "Woolworths - 423707",
    "barcode": "9300639618074",
    "shop": "Woolworths",
    "weight": "1KG",
    "prices": [
      {
        "state": "NSW",
        "price": "700",
        "price_per_unit": "2800",
        "price_unit": "KG"
      },
      {
        "state": "QLD",
        "price": "700",
        "price_per_unit": "2800",
        "price_unit": "KG"
      },
      {
        "state": "WA",
        "price": "700",
        "price_per_unit": "2800",
        "price_unit": "KG"
      },
      {
        "state": "SA",
        "price": "700",
        "price_per_unit": "2800",
        "price_unit": "KG"
      },
      {
        "state": "TAS",
        "price": "700",
        "price_per_unit": "2800",
        "price_unit": "KG"
      },
      {
        "state": "ACT",
        "price": "700",
        "price_per_unit": "2800",
        "price_unit": "KG"
      },
      {
        "state": "NT",
        "price": "700",
        "price_per_unit": "2800",
        "price_unit": "KG"
      }
    ]
  },
  {
    "source_url": "https://www.woolworths.com.au/shop/productdetails/165808/cheer-cheese-colby-cheese-slices",
    "name": "Cheer Cheese Colby Cheese Slices 500g",
    "image_url": "https://cdn1.woolworths.media/content/wowproductimages/large/165808.jpg",
    "source_id": "Woolworths - 165808",
    "barcode": "9311482014746",
    "shop": "Woolworths",
    "weight": "1KG",
    "prices": [
      {
        "state": "NSW",
        "price": "1100",
        "price_per_unit": "2200",
        "price_unit": "KG"
      },
      {
        "state": "VIC",
        "price": "1100",
        "price_per_unit": "2200",
        "price_unit": "KG"
      },
      {
        "state": "QLD",
        "price": "1100",
        "price_per_unit": "2200",
        "price_unit": "KG"
      },
      {
        "state": "WA",
        "price": "1100",
        "price_per_unit": "2200",
        "price_unit": "KG"
      },
      {
        "state": "SA",
        "price": "1100",
        "price_per_unit": "2200",
        "price_unit": "KG"
      },
      {
        "state": "TAS",
        "price": "1100",
        "price_per_unit": "2200",
        "price_unit": "KG"
      },
      {
        "state": "ACT",
        "price": "1100",
        "price_per_unit": "2200",
        "price_unit": "KG"
      }
    ]
  },
  {
    "source_url": "https://www.woolworths.com.au/shop/productdetails/166392/cheer-cheese-light-tasty-cheese-slices",
    "name": "Cheer Cheese Light & Tasty Cheese Slices 500g",
    "image_url": "https://cdn1.woolworths.media/content/wowproductimages/large/166392.jpg",
    "source_id": "Woolworths - 166392",
    "barcode": "9311482014739",
    "shop": "Woolworths",
    "weight": "1KG",
    "prices": [
      {
        "state": "NSW",
        "price": "1100",
        "price_per_unit": "2200",
        "price_unit": "KG"
      },
      {
        "state": "VIC",
        "price": "1100",
        "price_per_unit": "2200",
        "price_unit": "KG"
      },
      {
        "state": "QLD",
        "price": "1100",
        "price_per_unit": "2200",
        "price_unit": "KG"
      },
      {
        "state": "WA",
        "price": "1100",
        "price_per_unit": "2200",
        "price_unit": "KG"
      },
      {
        "state": "SA",
        "price": "1100",
        "price_per_unit": "2200",
        "price_unit": "KG"
      },
      {
        "state": "TAS",
        "price": "1100",
        "price_per_unit": "2200",
        "price_unit": "KG"
      },
      {
        "state": "ACT",
        "price": "1100",
        "price_per_unit": "2200",
        "price_unit": "KG"
      }
    ]
  },
  {
    "source_url": "https://www.woolworths.com.au/shop/productdetails/165785/cheer-cheese-light-tasty-cheese-slices",
    "name": "Cheer Cheese Light & Tasty Cheese Slices 750g",
    "image_url": "https://cdn1.woolworths.media/content/wowproductimages/large/165785.jpg",
    "source_id": "Woolworths - 165785",
    "barcode": "9311482014760",
    "shop": "Woolworths",
    "weight": "1KG",
    "prices": [
      {
        "state": "NSW",
        "price": "1400",
        "price_per_unit": "1867",
        "price_unit": "KG"
      },
      {
        "state": "VIC",
        "price": "1400",
        "price_per_unit": "1867",
        "price_unit": "KG"
      },
      {
        "state": "QLD",
        "price": "1400",
        "price_per_unit": "1867",
        "price_unit": "KG"
      },
      {
        "state": "SA",
        "price": "1400",
        "price_per_unit": "1867",
        "price_unit": "KG"
      },
      {
        "state": "TAS",
        "price": "1400",
        "price_per_unit": "1867",
        "price_unit": "KG"
      },
      {
        "state": "ACT",
        "price": "1400",
        "price_per_unit": "1867",
        "price_unit": "KG"
      }
    ]
  },
  {
    "source_url": "https://www.woolworths.com.au/shop/productdetails/420750/cheer-cheese-tasty-cheese-slices-refill",
    "name": "Cheer Cheese Tasty Cheese Slices 250g",
    "image_url": "https://cdn1.woolworths.media/content/wowproductimages/large/420750.jpg",
    "source_id": "Woolworths - 420750",
    "barcode": "9300639618111",
    "shop": "Woolworths",
    "weight": "1KG",
    "prices": [
      {
        "state": "NSW",
        "price": "700",
        "price_per_unit": "2800",
        "price_unit": "KG"
      },
      {
        "state": "VIC",
        "price": "700",
        "price_per_unit": "2800",
        "price_unit": "KG"
      },
      {
        "state": "QLD",
        "price": "700",
        "price_per_unit": "2800",
        "price_unit": "KG"
      },
      {
        "state": "WA",
        "price": "700",
        "price_per_unit": "2800",
        "price_unit": "KG"
      },
      {
        "state": "SA",
        "price": "700",
        "price_per_unit": "2800",
        "price_unit": "KG"
      },
      {
        "state": "TAS",
        "price": "700",
        "price_per_unit": "2800",
        "price_unit": "KG"
      },
      {
        "state": "ACT",
        "price": "700",
        "price_per_unit": "2800",
        "price_unit": "KG"
      },
      {
        "state": "NT",
        "price": "700",
        "price_per_unit": "2800",
        "price_unit": "KG"
      }
    ]
  },
  {
    "source_url": "https://www.woolworths.com.au/shop/productdetails/165787/cheer-cheese-tasty-cheese-slices",
    "name": "Cheer Cheese Tasty Cheese Slices 500g",
    "image_url": "https://cdn1.woolworths.media/content/wowproductimages/large/165787.jpg",
    "source_id": "Woolworths - 165787",
    "barcode": "9311482014722",
    "shop": "Woolworths",
    "weight": "1KG",
    "prices": [
      {
        "state": "NSW",
        "price": "1100",
        "price_per_unit": "2200",
        "price_unit": "KG"
      },
      {
        "state": "VIC",
        "price": "1100",
        "price_per_unit": "2200",
        "price_unit": "KG"
      },
      {
        "state": "QLD",
        "price": "1100",
        "price_per_unit": "2200",
        "price_unit": "KG"
      },
      {
        "state": "WA",
        "price": "1100",
        "price_per_unit": "2200",
        "price_unit": "KG"
      },
      {
        "state": "SA",
        "price": "1100",
        "price_per_unit": "2200",
        "price_unit": "KG"
      },
      {
        "state": "TAS",
        "price": "1100",
        "price_per_unit": "2200",
        "price_unit": "KG"
      },
      {
        "state": "ACT",
        "price": "1100",
        "price_per_unit": "2200",
        "price_unit": "KG"
      },
      {
        "state": "NT",
        "price": "1100",
        "price_per_unit": "2200",
        "price_unit": "KG"
      }
    ]
  },
  {
    "source_url": "https://www.woolworths.com.au/shop/productdetails/165838/cheer-cheese-tasty-cheese-slices",
    "name": "Cheer Cheese Tasty Cheese Slices 750g",
    "image_url": "https://cdn1.woolworths.media/content/wowproductimages/large/165838.jpg",
    "source_id": "Woolworths - 165838",
    "barcode": "9311482014753",
    "shop": "Woolworths",
    "weight": "1KG",
    "prices": [
      {
        "state": "NSW",
        "price": "1400",
        "price_per_unit": "1867",
        "price_unit": "KG"
      },
      {
        "state": "VIC",
        "price": "1400",
        "price_per_unit": "1867",
        "price_unit": "KG"
      },
      {
        "state": "QLD",
        "price": "1400",
        "price_per_unit": "1867",
        "price_unit": "KG"
      },
      {
        "state": "WA",
        "price": "1400",
        "price_per_unit": "1867",
        "price_unit": "KG"
      },
      {
        "state": "SA",
        "price": "1400",
        "price_per_unit": "1867",
        "price_unit": "KG"
      },
      {
        "state": "TAS",
        "price": "1400",
        "price_per_unit": "1867",
        "price_unit": "KG"
      },
      {
        "state": "ACT",
        "price": "1400",
        "price_per_unit": "1867",
        "price_unit": "KG"
      },
      {
        "state": "NT",
        "price": "1400",
        "price_per_unit": "1867",
        "price_unit": "KG"
      }
    ]
  },
  {
    "source_url": "https://www.woolworths.com.au/shop/productdetails/226351/cracker-barrel-vintage-cheddar-cheese-slices-extra-sharp",
    "name": "Cracker Barrel Vintage Cheddar Cheese Slices Extra Sharp 250g",
    "image_url": "https://cdn1.woolworths.media/content/wowproductimages/large/226351.jpg",
    "source_id": "Woolworths - 226351",
    "barcode": "9310199064389",
    "shop": "Woolworths",
    "weight": "1KG",
    "prices": [
      {
        "state": "NSW",
        "price": "700",
        "price_per_unit": "2800",
        "price_unit": "KG"
      },
      {
        "state": "VIC",
        "price": "700",
        "price_per_unit": "2800",
        "price_unit": "KG"
      },
      {
        "state": "QLD",
        "price": "700",
        "price_per_unit": "2800",
        "price_unit": "KG"
      },
      {
        "state": "WA",
        "price": "700",
        "price_per_unit": "2800",
        "price_unit": "KG"
      },
      {
        "state": "SA",
        "price": "700",
        "price_per_unit": "2800",
        "price_unit": "KG"
      },
      {
        "state": "TAS",
        "price": "700",
        "price_per_unit": "2800",
        "price_unit": "KG"
      },
      {
        "state": "ACT",
        "price": "700",
        "price_per_unit": "2800",
        "price_unit": "KG"
      },
      {
        "state": "NT",
        "price": "700",
        "price_per_unit": "2800",
        "price_unit": "KG"
      }
    ]
  },
  {
    "source_url": "https://www.woolworths.com.au/shop/productdetails/681781/dairyworks-cheddar-cheese-burger-slices",
    "name": "Dairyworks Cheddar Cheese Burger Slices 200g",
    "image_url": "https://cdn1.woolworths.media/content/wowproductimages/large/681781.jpg",
    "source_id": "Woolworths - 681781",
    "barcode": "9421018084300",
    "shop": "Woolworths",
    "weight": "100G",
    "prices": [
      {
        "state": "NSW",
        "price": "600",
        "price_per_unit": "300",
        "price_unit": "G"
      },
      {
        "state": "VIC",
        "price": "600",
        "price_per_unit": "300",
        "price_unit": "G"
      },
      {
        "state": "QLD",
        "price": "600",
        "price_per_unit": "300",
        "price_unit": "G"
      },
      {
        "state": "WA",
        "price": "600",
        "price_per_unit": "300",
        "price_unit": "G"
      },
      {
        "state": "SA",
        "price": "600",
        "price_per_unit": "300",
        "price_unit": "G"
      },
      {
        "state": "TAS",
        "price": "600",
        "price_per_unit": "300",
        "price_unit": "G"
      },
      {
        "state": "ACT",
        "price": "600",
        "price_per_unit": "300",
        "price_unit": "G"
      },
      {
        "state": "NT",
        "price": "600",
        "price_per_unit": "300",
        "price_unit": "G"
      }
    ]
  },
  {
    "source_url": "https://www.woolworths.com.au/shop/productdetails/811334/dairyworks-edam-cheese-slices",
    "name": "Dairyworks Edam Cheese Slices 500g",
    "image_url": "https://cdn1.woolworths.media/content/wowproductimages/large/811334.jpg",
    "source_id": "Woolworths - 811334",
    "barcode": "9421018084478",
    "shop": "Woolworths",
    "weight": "1KG",
    "prices": [
      {
        "state": "NSW",
        "price": "750",
        "price_per_unit": "1500",
        "price_unit": "KG"
      },
      {
        "state": "VIC",
        "price": "750",
        "price_per_unit": "1500",
        "price_unit": "KG"
      },
      {
        "state": "QLD",
        "price": "750",
        "price_per_unit": "1500",
        "price_unit": "KG"
      },
      {
        "state": "WA",
        "price": "750",
        "price_per_unit": "1500",
        "price_unit": "KG"
      },
      {
        "state": "SA",
        "price": "750",
        "price_per_unit": "1500",
        "price_unit": "KG"
      },
      {
        "state": "TAS",
        "price": "750",
        "price_per_unit": "1500",
        "price_unit": "KG"
      },
      {
        "state": "ACT",
        "price": "750",
        "price_per_unit": "1500",
        "price_unit": "KG"
      },
      {
        "state": "NT",
        "price": "750",
        "price_per_unit": "1500",
        "price_unit": "KG"
      }
    ]
  },
  {
    "source_url": "https://www.woolworths.com.au/shop/productdetails/811324/dairyworks-tasty-cheese-slices",
    "name": "Dairyworks Tasty Cheese Slices 500g",
    "image_url": "https://cdn1.woolworths.media/content/wowproductimages/large/811324.jpg",
    "source_id": "Woolworths - 811324",
    "barcode": "9421018084461",
    "shop": "Woolworths",
    "weight": "1KG",
    "prices": [
      {
        "state": "NSW",
        "price": "750",
        "price_per_unit": "1500",
        "price_unit": "KG"
      },
      {
        "state": "VIC",
        "price": "750",
        "price_per_unit": "1500",
        "price_unit": "KG"
      },
      {
        "state": "QLD",
        "price": "750",
        "price_per_unit": "1500",
        "price_unit": "KG"
      },
      {
        "state": "WA",
        "price": "750",
        "price_per_unit": "1500",
        "price_unit": "KG"
      },
      {
        "state": "SA",
        "price": "750",
        "price_per_unit": "1500",
        "price_unit": "KG"
      },
      {
        "state": "TAS",
        "price": "750",
        "price_per_unit": "1500",
        "price_unit": "KG"
      },
      {
        "state": "ACT",
        "price": "750",
        "price_per_unit": "1500",
        "price_unit": "KG"
      },
      {
        "state": "NT",
        "price": "750",
        "price_per_unit": "1500",
        "price_unit": "KG"
      }
    ]
  },
  {
    "source_url": "https://www.woolworths.com.au/shop/productdetails/558548/hillview-cheese-slices-full-fat",
    "name": "Hillview Cheese Slices Full Fat 500g",
    "image_url": "https://cdn1.woolworths.media/content/wowproductimages/large/558548.jpg",
    "source_id": "Woolworths - 558548",
    "barcode": "9300633628895",
    "shop": "Woolworths",
    "weight": "1KG",
    "prices": [
      {
        "state": "NSW",
        "price": "440",
        "price_per_unit": "880",
        "price_unit": "KG"
      },
      {
        "state": "VIC",
        "price": "440",
        "price_per_unit": "880",
        "price_unit": "KG"
      },
      {
        "state": "QLD",
        "price": "440",
        "price_per_unit": "880",
        "price_unit": "KG"
      },
      {
        "state": "WA",
        "price": "440",
        "price_per_unit": "880",
        "price_unit": "KG"
      },
      {
        "state": "SA",
        "price": "440",
        "price_per_unit": "880",
        "price_unit": "KG"
      },
      {
        "state": "TAS",
        "price": "440",
        "price_per_unit": "880",
        "price_unit": "KG"
      },
      {
        "state": "ACT",
        "price": "440",
        "price_per_unit": "880",
        "price_unit": "KG"
      },
      {
        "state": "NT",
        "price": "440",
        "price_per_unit": "880",
        "price_unit": "KG"
      }
    ]
  },
  {
    "source_url": "https://www.woolworths.com.au/shop/productdetails/930995/jarlsberg-lite-cheese-slices-sliced-cheese",
    "name": "Jarlsberg Lite Cheese Slices Sliced Cheese 150g",
    "image_url": "https://cdn1.woolworths.media/content/wowproductimages/large/930995.jpg",
    "source_id": "Woolworths - 930995",
    "barcode": "9310631628421",
    "shop": "Woolworths",
    "weight": "1KG",
    "prices": [
      {
        "state": "NSW",
        "price": "850",
        "price_per_unit": "5667",
        "price_unit": "KG"
      },
      {
        "state": "VIC",
        "price": "850",
        "price_per_unit": "5667",
        "price_unit": "KG"
      },
      {
        "state": "QLD",
        "price": "850",
        "price_per_unit": "5667",
        "price_unit": "KG"
      },
      {
        "state": "SA",
        "price": "850",
        "price_per_unit": "5667",
        "price_unit": "KG"
      },
      {
        "state": "TAS",
        "price": "850",
        "price_per_unit": "5667",
        "price_unit": "KG"
      },
      {
        "state": "ACT",
        "price": "850",
        "price_per_unit": "5667",
        "price_unit": "KG"
      }
    ]
  },
  {
    "source_url": "https://www.woolworths.com.au/shop/productdetails/930997/jarlsberg-original-cheese-slices-sliced-cheese",
    "name": "Jarlsberg Original Cheese Slices Sliced Cheese 150g",
    "image_url": "https://cdn1.woolworths.media/content/wowproductimages/large/930997.jpg",
    "source_id": "Woolworths - 930997",
    "barcode": "9310631628414",
    "shop": "Woolworths",
    "weight": "1KG",
    "prices": [
      {
        "state": "NSW",
        "price": "850",
        "price_per_unit": "5667",
        "price_unit": "KG"
      },
      {
        "state": "VIC",
        "price": "850",
        "price_per_unit": "5667",
        "price_unit": "KG"
      },
      {
        "state": "QLD",
        "price": "850",
        "price_per_unit": "5667",
        "price_unit": "KG"
      },
      {
        "state": "WA",
        "price": "850",
        "price_per_unit": "5667",
        "price_unit": "KG"
      },
      {
        "state": "SA",
        "price": "850",
        "price_per_unit": "5667",
        "price_unit": "KG"
      },
      {
        "state": "TAS",
        "price": "850",
        "price_per_unit": "5667",
        "price_unit": "KG"
      },
      {
        "state": "ACT",
        "price": "850",
        "price_per_unit": "5667",
        "price_unit": "KG"
      },
      {
        "state": "NT",
        "price": "850",
        "price_per_unit": "5667",
        "price_unit": "KG"
      }
    ]
  },
  {
    "source_url": "https://www.woolworths.com.au/shop/productdetails/791784/kraft-singles-light-25-less-fat",
    "name": "Kraft Singles Light 25% Less Fat 432g",
    "image_url": "https://cdn1.woolworths.media/content/wowproductimages/large/791784.jpg",
    "source_id": "Woolworths - 791784",
    "barcode": "9316389195703",
    "shop": "Woolworths",
    "weight": "1KG",
    "prices": [
      {
        "state": "NSW",
        "price": "900",
        "price_per_unit": "2083",
        "price_unit": "KG"
      },
      {
        "state": "VIC",
        "price": "900",
        "price_per_unit": "2083",
        "price_unit": "KG"
      },
      {
        "state": "QLD",
        "price": "900",
        "price_per_unit": "2083",
        "price_unit": "KG"
      },
      {
        "state": "WA",
        "price": "900",
        "price_per_unit": "2083",
        "price_unit": "KG"
      },
      {
        "state": "SA",
        "price": "900",
        "price_per_unit": "2083",
        "price_unit": "KG"
      },
      {
        "state": "TAS",
        "price": "900",
        "price_per_unit": "2083",
        "price_unit": "KG"
      },
      {
        "state": "ACT",
        "price": "900",
        "price_per_unit": "2083",
        "price_unit": "KG"
      },
      {
        "state": "NT",
        "price": "900",
        "price_per_unit": "2083",
        "price_unit": "KG"
      }
    ]
  },
  {
    "source_url": "https://www.woolworths.com.au/shop/productdetails/791361/kraft-singles-original-original",
    "name": "Kraft Singles Original 216g",
    "image_url": "https://cdn1.woolworths.media/content/wowproductimages/large/791361.jpg",
    "source_id": "Woolworths - 791361",
    "barcode": "9316389194904",
    "shop": "Woolworths",
    "weight": "1KG",
    "prices": [
      {
        "state": "NSW",
        "price": "525",
        "price_per_unit": "2431",
        "price_unit": "KG"
      },
      {
        "state": "VIC",
        "price": "525",
        "price_per_unit": "2431",
        "price_unit": "KG"
      },
      {
        "state": "QLD",
        "price": "525",
        "price_per_unit": "2431",
        "price_unit": "KG"
      },
      {
        "state": "WA",
        "price": "525",
        "price_per_unit": "2431",
        "price_unit": "KG"
      },
      {
        "state": "SA",
        "price": "525",
        "price_per_unit": "2431",
        "price_unit": "KG"
      },
      {
        "state": "TAS",
        "price": "525",
        "price_per_unit": "2431",
        "price_unit": "KG"
      },
      {
        "state": "ACT",
        "price": "525",
        "price_per_unit": "2431",
        "price_unit": "KG"
      },
      {
        "state": "NT",
        "price": "525",
        "price_per_unit": "2431",
        "price_unit": "KG"
      }
    ]
  },
  {
    "source_url": "https://www.woolworths.com.au/shop/productdetails/791364/kraft-singles-original-original",
    "name": "Kraft Singles Original 432g",
    "image_url": "https://cdn1.woolworths.media/content/wowproductimages/large/791364.jpg",
    "source_id": "Woolworths - 791364",
    "barcode": "9316389194805",
    "shop": "Woolworths",
    "weight": "1KG",
    "prices": [
      {
        "state": "NSW",
        "price": "900",
        "price_per_unit": "2083",
        "price_unit": "KG"
      },
      {
        "state": "VIC",
        "price": "900",
        "price_per_unit": "2083",
        "price_unit": "KG"
      },
      {
        "state": "QLD",
        "price": "900",
        "price_per_unit": "2083",
        "price_unit": "KG"
      },
      {
        "state": "WA",
        "price": "900",
        "price_per_unit": "2083",
        "price_unit": "KG"
      },
      {
        "state": "SA",
        "price": "900",
        "price_per_unit": "2083",
        "price_unit": "KG"
      },
      {
        "state": "TAS",
        "price": "900",
        "price_per_unit": "2083",
        "price_unit": "KG"
      },
      {
        "state": "ACT",
        "price": "900",
        "price_per_unit": "2083",
        "price_unit": "KG"
      },
      {
        "state": "NT",
        "price": "900",
        "price_per_unit": "2083",
        "price_unit": "KG"
      }
    ]
  },
  {
    "source_url": "https://www.woolworths.com.au/shop/productdetails/97557/liddells-lactose-free-tasty",
    "name": "Liddells Lactose Free Tasty Cheese Slices 250g",
    "image_url": "https://cdn1.woolworths.media/content/wowproductimages/large/097557.jpg",
    "source_id": "Woolworths - 97557",
    "barcode": "9311482013725",
    "shop": "Woolworths",
    "weight": "1KG",
    "prices": [
      {
        "state": "NSW",
        "price": "675",
        "price_per_unit": "2700",
        "price_unit": "KG"
      },
      {
        "state": "VIC",
        "price": "675",
        "price_per_unit": "2700",
        "price_unit": "KG"
      },
      {
        "state": "QLD",
        "price": "675",
        "price_per_unit": "2700",
        "price_unit": "KG"
      },
      {
        "state": "WA",
        "price": "675",
        "price_per_unit": "2700",
        "price_unit": "KG"
      },
      {
        "state": "SA",
        "price": "675",
        "price_per_unit": "2700",
        "price_unit": "KG"
      },
      {
        "state": "TAS",
        "price": "675",
        "price_per_unit": "2700",
        "price_unit": "KG"
      },
      {
        "state": "ACT",
        "price": "675",
        "price_per_unit": "2700",
        "price_unit": "KG"
      },
      {
        "state": "NT",
        "price": "675",
        "price_per_unit": "2700",
        "price_unit": "KG"
      }
    ]
  },
  {
    "source_url": "https://www.woolworths.com.au/shop/productdetails/302598/mainland-extra-tasty-cheese-slices",
    "name": "Mainland Extra Tasty Cheese Slices 210g",
    "image_url": "https://cdn1.woolworths.media/content/wowproductimages/large/302598.jpg",
    "source_id": "Woolworths - 302598",
    "barcode": "9310052273903",
    "shop": "Woolworths",
    "weight": "1KG",
    "prices": [
      {
        "state": "NSW",
        "price": "700",
        "price_per_unit": "3333",
        "price_unit": "KG"
      },
      {
        "state": "VIC",
        "price": "700",
        "price_per_unit": "3333",
        "price_unit": "KG"
      },
      {
        "state": "QLD",
        "price": "700",
        "price_per_unit": "3333",
        "price_unit": "KG"
      },
      {
        "state": "WA",
        "price": "700",
        "price_per_unit": "3333",
        "price_unit": "KG"
      },
      {
        "state": "SA",
        "price": "700",
        "price_per_unit": "3333",
        "price_unit": "KG"
      },
      {
        "state": "TAS",
        "price": "700",
        "price_per_unit": "3333",
        "price_unit": "KG"
      },
      {
        "state": "ACT",
        "price": "700",
        "price_per_unit": "3333",
        "price_unit": "KG"
      }
    ]
  },
  {
    "source_url": "https://www.woolworths.com.au/shop/productdetails/224943/woolworths-colby-cheese-slices",
    "name": "Woolworths Colby Cheese Slices 500g",
    "image_url": "https://cdn1.woolworths.media/content/wowproductimages/large/224943.jpg",
    "source_id": "Woolworths - 224943",
    "barcode": "9300633906627",
    "shop": "Woolworths",
    "weight": "1KG",
    "prices": [
      {
        "state": "NSW",
        "price": "790",
        "price_per_unit": "1580",
        "price_unit": "KG"
      },
      {
        "state": "VIC",
        "price": "790",
        "price_per_unit": "1580",
        "price_unit": "KG"
      },
      {
        "state": "QLD",
        "price": "790",
        "price_per_unit": "1580",
        "price_unit": "KG"
      },
      {
        "state": "WA",
        "price": "790",
        "price_per_unit": "1580",
        "price_unit": "KG"
      },
      {
        "state": "SA",
        "price": "790",
        "price_per_unit": "1580",
        "price_unit": "KG"
      },
      {
        "state": "TAS",
        "price": "790",
        "price_per_unit": "1580",
        "price_unit": "KG"
      },
      {
        "state": "ACT",
        "price": "790",
        "price_per_unit": "1580",
        "price_unit": "KG"
      },
      {
        "state": "NT",
        "price": "790",
        "price_per_unit": "1580",
        "price_unit": "KG"
      }
    ]
  },
  {
    "source_url": "https://www.woolworths.com.au/shop/productdetails/694763/woolworths-danish-havarti-cheese-slices",
    "name": "Woolworths Danish Havarti Cheese Slices 200g",
    "image_url": "https://cdn1.woolworths.media/content/wowproductimages/large/694763.jpg",
    "source_id": "Woolworths - 694763",
    "barcode": "9300633295653",
    "shop": "Woolworths",
    "weight": "1KG",
    "prices": [
      {
        "state": "NSW",
        "price": "490",
        "price_per_unit": "2450",
        "price_unit": "KG"
      },
      {
        "state": "VIC",
        "price": "490",
        "price_per_unit": "2450",
        "price_unit": "KG"
      },
      {
        "state": "QLD",
        "price": "490",
        "price_per_unit": "2450",
        "price_unit": "KG"
      },
      {
        "state": "WA",
        "price": "490",
        "price_per_unit": "2450",
        "price_unit": "KG"
      },
      {
        "state": "SA",
        "price": "490",
        "price_per_unit": "2450",
        "price_unit": "KG"
      },
      {
        "state": "TAS",
        "price": "490",
        "price_per_unit": "2450",
        "price_unit": "KG"
      },
      {
        "state": "ACT",
        "price": "490",
        "price_per_unit": "2450",
        "price_unit": "KG"
      }
    ]
  },
  {
    "source_url": "https://www.woolworths.com.au/shop/productdetails/224944/woolworths-extra-tasty-cheese-slices",
    "name": "Woolworths Extra Tasty Cheese Slices 500g",
    "image_url": "https://cdn1.woolworths.media/content/wowproductimages/large/224944.jpg",
    "source_id": "Woolworths - 224944",
    "barcode": "9300633906634",
    "shop": "Woolworths",
    "weight": "1KG",
    "prices": [
      {
        "state": "NSW",
        "price": "790",
        "price_per_unit": "1580",
        "price_unit": "KG"
      },
      {
        "state": "VIC",
        "price": "790",
        "price_per_unit": "1580",
        "price_unit": "KG"
      },
      {
        "state": "QLD",
        "price": "790",
        "price_per_unit": "1580",
        "price_unit": "KG"
      },
      {
        "state": "WA",
        "price": "790",
        "price_per_unit": "1580",
        "price_unit": "KG"
      },
      {
        "state": "SA",
        "price": "790",
        "price_per_unit": "1580",
        "price_unit": "KG"
      },
      {
        "state": "TAS",
        "price": "790",
        "price_per_unit": "1580",
        "price_unit": "KG"
      },
      {
        "state": "ACT",
        "price": "790",
        "price_per_unit": "1580",
        "price_unit": "KG"
      },
      {
        "state": "NT",
        "price": "790",
        "price_per_unit": "1580",
        "price_unit": "KG"
      }
    ]
  },
  {
    "source_url": "https://www.woolworths.com.au/shop/productdetails/348698/woolworths-gouda-cheese-slices",
    "name": "Woolworths Gouda Cheese Slices 200g",
    "image_url": "https://cdn1.woolworths.media/content/wowproductimages/large/348698.jpg",
    "source_id": "Woolworths - 348698",
    "barcode": "9339687236886",
    "shop": "Woolworths",
    "weight": "1KG",
    "prices": [
      {
        "state": "NSW",
        "price": "490",
        "price_per_unit": "2450",
        "price_unit": "KG"
      },
      {
        "state": "VIC",
        "price": "490",
        "price_per_unit": "2450",
        "price_unit": "KG"
      },
      {
        "state": "QLD",
        "price": "490",
        "price_per_unit": "2450",
        "price_unit": "KG"
      },
      {
        "state": "WA",
        "price": "490",
        "price_per_unit": "2450",
        "price_unit": "KG"
      },
      {
        "state": "SA",
        "price": "490",
        "price_per_unit": "2450",
        "price_unit": "KG"
      },
      {
        "state": "TAS",
        "price": "490",
        "price_per_unit": "2450",
        "price_unit": "KG"
      },
      {
        "state": "ACT",
        "price": "490",
        "price_per_unit": "2450",
        "price_unit": "KG"
      },
      {
        "state": "NT",
        "price": "490",
        "price_per_unit": "2450",
        "price_unit": "KG"
      }
    ]
  },
  {
    "source_url": "https://www.woolworths.com.au/shop/productdetails/453305/woolworths-processed-cheese-slices-smokey",
    "name": "Woolworths Processed Cheese Slices Smokey 250g",
    "image_url": "https://cdn1.woolworths.media/content/wowproductimages/large/453305.jpg",
    "source_id": "Woolworths - 453305",
    "barcode": "9300633583682",
    "shop": "Woolworths",
    "weight": "1KG",
    "prices": [
      {
        "state": "NSW",
        "price": "350",
        "price_per_unit": "1400",
        "price_unit": "KG"
      },
      {
        "state": "VIC",
        "price": "350",
        "price_per_unit": "1400",
        "price_unit": "KG"
      },
      {
        "state": "QLD",
        "price": "350",
        "price_per_unit": "1400",
        "price_unit": "KG"
      },
      {
        "state": "WA",
        "price": "350",
        "price_per_unit": "1400",
        "price_unit": "KG"
      },
      {
        "state": "SA",
        "price": "350",
        "price_per_unit": "1400",
        "price_unit": "KG"
      },
      {
        "state": "TAS",
        "price": "350",
        "price_per_unit": "1400",
        "price_unit": "KG"
      },
      {
        "state": "ACT",
        "price": "350",
        "price_per_unit": "1400",
        "price_unit": "KG"
      },
      {
        "state": "NT",
        "price": "350",
        "price_per_unit": "1400",
        "price_unit": "KG"
      }
    ]
  },
  {
    "source_url": "https://www.woolworths.com.au/shop/productdetails/348705/woolworths-swiss-cheese-slices",
    "name": "Woolworths Swiss Cheese Slices 200g",
    "image_url": "https://cdn1.woolworths.media/content/wowproductimages/large/348705.jpg",
    "source_id": "Woolworths - 348705",
    "barcode": "9300633208325",
    "shop": "Woolworths",
    "weight": "1KG",
    "prices": [
      {
        "state": "NSW",
        "price": "490",
        "price_per_unit": "2450",
        "price_unit": "KG"
      },
      {
        "state": "VIC",
        "price": "490",
        "price_per_unit": "2450",
        "price_unit": "KG"
      },
      {
        "state": "QLD",
        "price": "490",
        "price_per_unit": "2450",
        "price_unit": "KG"
      },
      {
        "state": "WA",
        "price": "490",
        "price_per_unit": "2450",
        "price_unit": "KG"
      },
      {
        "state": "SA",
        "price": "490",
        "price_per_unit": "2450",
        "price_unit": "KG"
      },
      {
        "state": "TAS",
        "price": "490",
        "price_per_unit": "2450",
        "price_unit": "KG"
      },
      {
        "state": "ACT",
        "price": "490",
        "price_per_unit": "2450",
        "price_unit": "KG"
      },
      {
        "state": "NT",
        "price": "490",
        "price_per_unit": "2450",
        "price_unit": "KG"
      }
    ]
  },
  {
    "source_url": "https://www.woolworths.com.au/shop/productdetails/694762/woolworths-swiss-light-cheese-slices",
    "name": "Woolworths Swiss Light Cheese Slices 200g",
    "image_url": "https://cdn1.woolworths.media/content/wowproductimages/large/694762.jpg",
    "source_id": "Woolworths - 694762",
    "barcode": "9300633295639",
    "shop": "Woolworths",
    "weight": "1KG",
    "prices": [
      {
        "state": "NSW",
        "price": "490",
        "price_per_unit": "2450",
        "price_unit": "KG"
      },
      {
        "state": "VIC",
        "price": "490",
        "price_per_unit": "2450",
        "price_unit": "KG"
      },
      {
        "state": "QLD",
        "price": "490",
        "price_per_unit": "2450",
        "price_unit": "KG"
      },
      {
        "state": "WA",
        "price": "490",
        "price_per_unit": "2450",
        "price_unit": "KG"
      },
      {
        "state": "SA",
        "price": "490",
        "price_per_unit": "2450",
        "price_unit": "KG"
      },
      {
        "state": "TAS",
        "price": "490",
        "price_per_unit": "2450",
        "price_unit": "KG"
      },
      {
        "state": "ACT",
        "price": "490",
        "price_per_unit": "2450",
        "price_unit": "KG"
      },
      {
        "state": "NT",
        "price": "490",
        "price_per_unit": "2450",
        "price_unit": "KG"
      }
    ]
  },
  {
    "source_url": "https://www.woolworths.com.au/shop/productdetails/257685/woolworths-tasty-cheese-slices",
    "name": "Woolworths Tasty Cheese Slices 250g",
    "image_url": "https://cdn1.woolworths.media/content/wowproductimages/large/257685.jpg",
    "source_id": "Woolworths - 257685",
    "barcode": "9339687320561",
    "shop": "Woolworths",
    "weight": "1KG",
    "prices": [
      {
        "state": "NSW",
        "price": "600",
        "price_per_unit": "2400",
        "price_unit": "KG"
      },
      {
        "state": "VIC",
        "price": "600",
        "price_per_unit": "2400",
        "price_unit": "KG"
      },
      {
        "state": "QLD",
        "price": "600",
        "price_per_unit": "2400",
        "price_unit": "KG"
      },
      {
        "state": "WA",
        "price": "600",
        "price_per_unit": "2400",
        "price_unit": "KG"
      },
      {
        "state": "SA",
        "price": "600",
        "price_per_unit": "2400",
        "price_unit": "KG"
      },
      {
        "state": "TAS",
        "price": "600",
        "price_per_unit": "2400",
        "price_unit": "KG"
      },
      {
        "state": "ACT",
        "price": "600",
        "price_per_unit": "2400",
        "price_unit": "KG"
      },
      {
        "state": "NT",
        "price": "600",
        "price_per_unit": "2400",
        "price_unit": "KG"
      }
    ]
  },
  {
    "source_url": "https://www.woolworths.com.au/shop/productdetails/224941/woolworths-tasty-cheese-slices",
    "name": "Woolworths Tasty Cheese Slices 500g",
    "image_url": "https://cdn1.woolworths.media/content/wowproductimages/large/224941.jpg",
    "source_id": "Woolworths - 224941",
    "barcode": "9300633906603",
    "shop": "Woolworths",
    "weight": "1KG",
    "prices": [
      {
        "state": "NSW",
        "price": "790",
        "price_per_unit": "1580",
        "price_unit": "KG"
      },
      {
        "state": "VIC",
        "price": "790",
        "price_per_unit": "1580",
        "price_unit": "KG"
      },
      {
        "state": "QLD",
        "price": "790",
        "price_per_unit": "1580",
        "price_unit": "KG"
      },
      {
        "state": "WA",
        "price": "790",
        "price_per_unit": "1580",
        "price_unit": "KG"
      },
      {
        "state": "SA",
        "price": "790",
        "price_per_unit": "1580",
        "price_unit": "KG"
      },
      {
        "state": "TAS",
        "price": "790",
        "price_per_unit": "1580",
        "price_unit": "KG"
      },
      {
        "state": "ACT",
        "price": "790",
        "price_per_unit": "1580",
        "price_unit": "KG"
      },
      {
        "state": "NT",
        "price": "790",
        "price_per_unit": "1580",
        "price_unit": "KG"
      }
    ]
  },
  {
    "source_url": "https://www.woolworths.com.au/shop/productdetails/224942/woolworths-tasty-light-cheese-slices",
    "name": "Woolworths Tasty Light Cheese Slices 500g",
    "image_url": "https://cdn1.woolworths.media/content/wowproductimages/large/224942.jpg",
    "source_id": "Woolworths - 224942",
    "barcode": "9300633906610",
    "shop": "Woolworths",
    "weight": "1KG",
    "prices": [
      {
        "state": "NSW",
        "price": "790",
        "price_per_unit": "1580",
        "price_unit": "KG"
      },
      {
        "state": "VIC",
        "price": "790",
        "price_per_unit": "1580",
        "price_unit": "KG"
      },
      {
        "state": "QLD",
        "price": "790",
        "price_per_unit": "1580",
        "price_unit": "KG"
      },
      {
        "state": "WA",
        "price": "790",
        "price_per_unit": "1580",
        "price_unit": "KG"
      },
      {
        "state": "SA",
        "price": "790",
        "price_per_unit": "1580",
        "price_unit": "KG"
      },
      {
        "state": "TAS",
        "price": "790",
        "price_per_unit": "1580",
        "price_unit": "KG"
      },
      {
        "state": "ACT",
        "price": "790",
        "price_per_unit": "1580",
        "price_unit": "KG"
      },
      {
        "state": "NT",
        "price": "790",
        "price_per_unit": "1580",
        "price_unit": "KG"
      }
    ]
  },
  {
    "source_url": "https://www.woolworths.com.au/shop/productdetails/175485/bega-lactose-free-cheese-slices-slices",
    "name": "Bega Lactose Free Cheese Slices 250g",
    "image_url": "https://cdn1.woolworths.media/content/wowproductimages/large/175485.jpg",
    "source_id": "Woolworths - 175485",
    "barcode": "9310264109588",
    "shop": "Woolworths",
    "weight": "1KG",
    "prices": [
      {
        "state": "VIC",
        "price": "750",
        "price_per_unit": "3000",
        "price_unit": "KG"
      },
      {
        "state": "QLD",
        "price": "750",
        "price_per_unit": "3000",
        "price_unit": "KG"
      },
      {
        "state": "WA",
        "price": "750",
        "price_per_unit": "3000",
        "price_unit": "KG"
      },
      {
        "state": "SA",
        "price": "750",
        "price_per_unit": "3000",
        "price_unit": "KG"
      },
      {
        "state": "TAS",
        "price": "750",
        "price_per_unit": "3000",
        "price_unit": "KG"
      },
      {
        "state": "ACT",
        "price": "750",
        "price_per_unit": "3000",
        "price_unit": "KG"
      },
      {
        "state": "NT",
        "price": "750",
        "price_per_unit": "3000",
        "price_unit": "KG"
      }
    ]
  },
  {
    "source_url": "https://www.woolworths.com.au/shop/productdetails/423722/cheer-cheese-vintage-cheese-slices",
    "name": "Cheer Cheer Cheese Vintage Cheese Slices 250g",
    "image_url": "https://cdn1.woolworths.media/content/wowproductimages/large/423722.jpg",
    "source_id": "Woolworths - 423722",
    "barcode": "9300639618067",
    "shop": "Woolworths",
    "weight": "1KG",
    "prices": [
      {
        "state": "VIC",
        "price": "700",
        "price_per_unit": "2800",
        "price_unit": "KG"
      }
    ]
  },
  {
    "source_url": "https://www.woolworths.com.au/shop/productdetails/421310/cheer-cheese-mozzarella-cheese-slices",
    "name": "Cheer Cheese Mozzarella Cheese Slices 250g",
    "image_url": "https://cdn1.woolworths.media/content/wowproductimages/large/421310.jpg",
    "source_id": "Woolworths - 421310",
    "barcode": "9300639618081",
    "shop": "Woolworths",
    "weight": "1KG",
    "prices": [
      {
        "state": "VIC",
        "price": "700",
        "price_per_unit": "2800",
        "price_unit": "KG"
      },
      {
        "state": "QLD",
        "price": "700",
        "price_per_unit": "2800",
        "price_unit": "KG"
      },
      {
        "state": "TAS",
        "price": "700",
        "price_per_unit": "2800",
        "price_unit": "KG"
      }
    ]
  },
  {
    "source_url": "https://www.woolworths.com.au/shop/productdetails/178118/dairyworks-cheddar-slices-value-pack",
    "name": "Dairyworks Cheddar Slices Value Pack 32 Pack",
    "image_url": "https://cdn1.woolworths.media/content/wowproductimages/large/178118.jpg",
    "source_id": "Woolworths - 178118",
    "barcode": "9421035700047",
    "shop": "Woolworths",
    "weight": "1KG",
    "prices": [
      {
        "state": "VIC",
        "price": "750",
        "price_per_unit": "1500",
        "price_unit": "KG"
      },
      {
        "state": "QLD",
        "price": "750",
        "price_per_unit": "1500",
        "price_unit": "KG"
      },
      {
        "state": "WA",
        "price": "750",
        "price_per_unit": "1500",
        "price_unit": "KG"
      },
      {
        "state": "SA",
        "price": "750",
        "price_per_unit": "1500",
        "price_unit": "KG"
      },
      {
        "state": "TAS",
        "price": "750",
        "price_per_unit": "1500",
        "price_unit": "KG"
      },
      {
        "state": "ACT",
        "price": "750",
        "price_per_unit": "1500",
        "price_unit": "KG"
      },
      {
        "state": "NT",
        "price": "750",
        "price_per_unit": "1500",
        "price_unit": "KG"
      }
    ]
  },
  {
    "source_url": "https://www.woolworths.com.au/shop/productdetails/729880/devondale-sandwich-cheese-slices",
    "name": "Devondale Sandwich Cheese Slices 500g",
    "image_url": "https://cdn1.woolworths.media/content/wowproductimages/large/729880.jpg",
    "source_id": "Woolworths - 729880",
    "barcode": "9300639800059",
    "shop": "Woolworths",
    "weight": "1KG",
    "prices": [
      {
        "state": "VIC",
        "price": "750",
        "price_per_unit": "1500",
        "price_unit": "KG"
      },
      {
        "state": "QLD",
        "price": "750",
        "price_per_unit": "1500",
        "price_unit": "KG"
      },
      {
        "state": "WA",
        "price": "750",
        "price_per_unit": "1500",
        "price_unit": "KG"
      },
      {
        "state": "SA",
        "price": "750",
        "price_per_unit": "1500",
        "price_unit": "KG"
      },
      {
        "state": "TAS",
        "price": "750",
        "price_per_unit": "1500",
        "price_unit": "KG"
      },
      {
        "state": "ACT",
        "price": "750",
        "price_per_unit": "1500",
        "price_unit": "KG"
      },
      {
        "state": "NT",
        "price": "750",
        "price_per_unit": "1500",
        "price_unit": "KG"
      }
    ]
  },
  {
    "source_url": "https://www.woolworths.com.au/shop/productdetails/558547/hillview-cheese-slices-reduced-fat",
    "name": "Hillview Cheese Slices Reduced Fat 500g",
    "image_url": "https://cdn1.woolworths.media/content/wowproductimages/large/558547.jpg",
    "source_id": "Woolworths - 558547",
    "barcode": "9300633628888",
    "shop": "Woolworths",
    "weight": "1KG",
    "prices": [
      {
        "state": "VIC",
        "price": "440",
        "price_per_unit": "880",
        "price_unit": "KG"
      },
      {
        "state": "QLD",
        "price": "440",
        "price_per_unit": "880",
        "price_unit": "KG"
      },
      {
        "state": "WA",
        "price": "440",
        "price_per_unit": "880",
        "price_unit": "KG"
      },
      {
        "state": "SA",
        "price": "440",
        "price_per_unit": "880",
        "price_unit": "KG"
      },
      {
        "state": "TAS",
        "price": "440",
        "price_per_unit": "880",
        "price_unit": "KG"
      },
      {
        "state": "ACT",
        "price": "440",
        "price_per_unit": "880",
        "price_unit": "KG"
      },
      {
        "state": "NT",
        "price": "440",
        "price_per_unit": "880",
        "price_unit": "KG"
      }
    ]
  },
  {
    "source_url": "https://www.woolworths.com.au/shop/productdetails/48115/kraft-cheddar-sandwich-slices-slices-12pk",
    "name": "Kraft Cheddar Sandwich Slices 250g",
    "image_url": "https://cdn1.woolworths.media/content/wowproductimages/large/048115.jpg",
    "source_id": "Woolworths - 48115",
    "barcode": "9316389195901",
    "shop": "Woolworths",
    "weight": "1KG",
    "prices": [
      {
        "state": "VIC",
        "price": "525",
        "price_per_unit": "2100",
        "price_unit": "KG"
      },
      {
        "state": "QLD",
        "price": "525",
        "price_per_unit": "2100",
        "price_unit": "KG"
      },
      {
        "state": "WA",
        "price": "525",
        "price_per_unit": "2100",
        "price_unit": "KG"
      },
      {
        "state": "SA",
        "price": "525",
        "price_per_unit": "2100",
        "price_unit": "KG"
      },
      {
        "state": "TAS",
        "price": "525",
        "price_per_unit": "2100",
        "price_unit": "KG"
      },
      {
        "state": "ACT",
        "price": "525",
        "price_per_unit": "2100",
        "price_unit": "KG"
      },
      {
        "state": "NT",
        "price": "525",
        "price_per_unit": "2100",
        "price_unit": "KG"
      }
    ]
  },
  {
    "source_url": "https://www.woolworths.com.au/shop/productdetails/776469/liddells-lactose-free-colby-cheese-slices",
    "name": "Liddells Lactose Free Colby Cheese Slices 250g",
    "image_url": "https://cdn1.woolworths.media/content/wowproductimages/large/776469.jpg",
    "source_id": "Woolworths - 776469",
    "barcode": "9300639609171",
    "shop": "Woolworths",
    "weight": "1KG",
    "prices": [
      {
        "state": "VIC",
        "price": "675",
        "price_per_unit": "2700",
        "price_unit": "KG"
      },
      {
        "state": "QLD",
        "price": "675",
        "price_per_unit": "2700",
        "price_unit": "KG"
      },
      {
        "state": "WA",
        "price": "675",
        "price_per_unit": "2700",
        "price_unit": "KG"
      },
      {
        "state": "SA",
        "price": "675",
        "price_per_unit": "2700",
        "price_unit": "KG"
      },
      {
        "state": "TAS",
        "price": "675",
        "price_per_unit": "2700",
        "price_unit": "KG"
      },
      {
        "state": "ACT",
        "price": "675",
        "price_per_unit": "2700",
        "price_unit": "KG"
      }
    ]
  },
  {
    "source_url": "https://www.woolworths.com.au/shop/productdetails/256248/mainland-swiss-cheese-slices",
    "name": "Mainland Swiss Cheese Slices 180g",
    "image_url": "https://cdn1.woolworths.media/content/wowproductimages/large/256248.jpg",
    "source_id": "Woolworths - 256248",
    "barcode": "9310053102080",
    "shop": "Woolworths",
    "weight": "1KG",
    "prices": [
      {
        "state": "VIC",
        "price": "700",
        "price_per_unit": "3889",
        "price_unit": "KG"
      },
      {
        "state": "QLD",
        "price": "700",
        "price_per_unit": "3889",
        "price_unit": "KG"
      },
      {
        "state": "WA",
        "price": "700",
        "price_per_unit": "3889",
        "price_unit": "KG"
      },
      {
        "state": "SA",
        "price": "700",
        "price_per_unit": "3889",
        "price_unit": "KG"
      },
      {
        "state": "TAS",
        "price": "700",
        "price_per_unit": "3889",
        "price_unit": "KG"
      },
      {
        "state": "ACT",
        "price": "700",
        "price_per_unit": "3889",
        "price_unit": "KG"
      }
    ]
  },
  {
    "source_url": "https://www.woolworths.com.au/shop/productdetails/14102/mainland-tasty-cheese-slices-mild-creamy",
    "name": "Mainland Tasty Cheese Slices Mild & Creamy 12 pack",
    "image_url": "https://cdn1.woolworths.media/content/wowproductimages/large/014102.jpg",
    "source_id": "Woolworths - 14102",
    "barcode": "9318088468669",
    "shop": "Woolworths",
    "weight": "1KG",
    "prices": [
      {
        "state": "VIC",
        "price": "700",
        "price_per_unit": "3333",
        "price_unit": "KG"
      },
      {
        "state": "QLD",
        "price": "700",
        "price_per_unit": "3333",
        "price_unit": "KG"
      },
      {
        "state": "SA",
        "price": "700",
        "price_per_unit": "3333",
        "price_unit": "KG"
      },
      {
        "state": "TAS",
        "price": "700",
        "price_per_unit": "3333",
        "price_unit": "KG"
      },
      {
        "state": "ACT",
        "price": "700",
        "price_per_unit": "3333",
        "price_unit": "KG"
      },
      {
        "state": "NT",
        "price": "700",
        "price_per_unit": "3333",
        "price_unit": "KG"
      }
    ]
  },
  {
    "source_url": "https://www.woolworths.com.au/shop/productdetails/453306/woolworths-sandwich-cheese-slices",
    "name": "Woolworths Sandwich Cheese Slices 1kg",
    "image_url": "https://cdn1.woolworths.media/content/wowproductimages/large/453306.jpg",
    "source_id": "Woolworths - 453306",
    "barcode": "9300633583699",
    "shop": "Woolworths",
    "weight": "1KG",
    "prices": [
      {
        "state": "VIC",
        "price": "1250",
        "price_per_unit": "1250",
        "price_unit": "KG"
      },
      {
        "state": "QLD",
        "price": "1250",
        "price_per_unit": "1250",
        "price_unit": "KG"
      },
      {
        "state": "SA",
        "price": "1250",
        "price_per_unit": "1250",
        "price_unit": "KG"
      },
      {
        "state": "TAS",
        "price": "1250",
        "price_per_unit": "1250",
        "price_unit": "KG"
      },
      {
        "state": "ACT",
        "price": "1250",
        "price_per_unit": "1250",
        "price_unit": "KG"
      },
      {
        "state": "NT",
        "price": "1250",
        "price_per_unit": "1250",
        "price_unit": "KG"
      }
    ]
  }
]