[
  {
    "source_url": "https://www.woolworths.com.au/shop/productdetails/252201/laucke-crusty-white-bread-mix",
    "name": "Laucke Crusty White Bread Mix 2.4kg",
    "image_url": "https://cdn1.woolworths.media/content/wowproductimages/large/252201.jpg",
    "source_id": "Woolworths - 252201",
    "barcode": "871893000701",
    "category_id": "1_39FD49C",
    "shop": "Woolworths",
    "weight": "1KG",
    "prices": [
      {
        "state": "NSW",
        "price": "1090",
        "price_per_unit": "454",
        "price_unit": "KG"
      },
      {
        "state": "VIC",
        "price": "1090",
        "price_per_unit": "454",
        "price_unit": "KG"
      },
      {
        "state": "QLD",
        "price": "1090",
        "price_per_unit": "454",
        "price_unit": "KG"
      },
      {
        "state": "WA",
        "price": "1090",
        "price_per_unit": "454",
        "price_unit": "KG"
      },
      {
        "state": "SA",
        "price": "1090",
        "price_per_unit": "454",
        "price_unit": "KG"
      },
      {
        "state": "ACT",
        "price": "1090",
        "price_per_unit": "454",
        "price_unit": "KG"
      },
      {
        "state": "NT",
        "price": "1090",
        "price_per_unit": "454",
        "price_unit": "KG"
      }
    ]
  },
  {
    "source_url": "https://www.woolworths.com.au/shop/productdetails/663708/laucke-multigrain-bread-mix",
    "name": "Laucke Multigrain Bread Mix 2.4kg",
    "image_url": "https://cdn1.woolworths.media/content/wowproductimages/large/663708.jpg",
    "source_id": "Woolworths - 663708",
    "barcode": "9321885004701",
    "category_id": "1_39FD49C",
    "shop": "Woolworths",
    "weight": "1KG",
    "prices": [
      {
        "state": "NSW",
        "price": "1090",
        "price_per_unit": "454",
        "price_unit": "KG"
      },
      {
        "state": "VIC",
        "price": "1090",
        "price_per_unit": "454",
        "price_unit": "KG"
      },
      {
        "state": "QLD",
        "price": "1090",
        "price_per_unit": "454",
        "price_unit": "KG"
      },
      {
        "state": "WA",
        "price": "1090",
        "price_per_unit": "454",
        "price_unit": "KG"
      },
      {
        "state": "SA",
        "price": "1090",
        "price_per_unit": "454",
        "price_unit": "KG"
      },
      {
        "state": "TAS",
        "price": "1090",
        "price_per_unit": "454",
        "price_unit": "KG"
      },
      {
        "state": "ACT",
        "price": "1090",
        "price_per_unit": "454",
        "price_unit": "KG"
      },
      {
        "state": "NT",
        "price": "1090",
        "price_per_unit": "454",
        "price_unit": "KG"
      }
    ]
  },
  {
    "source_url": "https://www.woolworths.com.au/shop/productdetails/673513/lighthouse-pizza-focaccia-bread-mix",
    "name": "Lighthouse Pizza & Focaccia Bread Mix 1kg",
    "image_url": "https://cdn1.woolworths.media/content/wowproductimages/large/673513.jpg",
    "source_id": "Woolworths - 673513",
    "barcode": "9300609107553",
    "category_id": "1_39FD49C",
    "shop": "Woolworths",
    "weight": "1KG",
    "prices": [
      {
        "state": "NSW",
        "price": "660",
        "price_per_unit": "660",
        "price_unit": "KG"
      },
      {
        "state": "VIC",
        "price": "660",
        "price_per_unit": "660",
        "price_unit": "KG"
      },
      {
        "state": "WA",
        "price": "660",
        "price_per_unit": "660",
        "price_unit": "KG"
      },
      {
        "state": "SA",
        "price": "660",
        "price_per_unit": "660",
        "price_unit": "KG"
      },
      {
        "state": "TAS",
        "price": "660",
        "price_per_unit": "660",
        "price_unit": "KG"
      },
      {
        "state": "ACT",
        "price": "660",
        "price_per_unit": "660",
        "price_unit": "KG"
      },
      {
        "state": "NT",
        "price": "695",
        "price_per_unit": "695",
        "price_unit": "KG"
      }
    ]
  },
  {
    "source_url": "https://www.woolworths.com.au/shop/productdetails/81921/lion-pastry-mix",
    "name": "Lion Pastry Mix 375g",
    "image_url": "https://cdn1.woolworths.media/content/wowproductimages/large/081921.jpg",
    "source_id": "Woolworths - 81921",
    "barcode": "9300609110607",
    "category_id": "1_39FD49C",
    "shop": "Woolworths",
    "weight": "100G",
    "prices": [
      {
        "state": "NSW",
        "price": "340",
        "price_per_unit": "91",
        "price_unit": "G"
      },
      {
        "state": "VIC",
        "price": "340",
        "price_per_unit": "91",
        "price_unit": "G"
      },
      {
        "state": "QLD",
        "price": "340",
        "price_per_unit": "91",
        "price_unit": "G"
      },
      {
        "state": "WA",
        "price": "340",
        "price_per_unit": "91",
        "price_unit": "G"
      },
      {
        "state": "SA",
        "price": "340",
        "price_per_unit": "91",
        "price_unit": "G"
      },
      {
        "state": "TAS",
        "price": "340",
        "price_per_unit": "91",
        "price_unit": "G"
      },
      {
        "state": "ACT",
        "price": "340",
        "price_per_unit": "91",
        "price_unit": "G"
      },
      {
        "state": "NT",
        "price": "355",
        "price_per_unit": "95",
        "price_unit": "G"
      }
    ]
  },
  {
    "source_url": "https://www.woolworths.com.au/shop/productdetails/91304/defiance-white-baker-s-flour",
    "name": "Defiance White Baker's Flour 5kg",
    "image_url": "https://cdn1.woolworths.media/content/wowproductimages/large/091304.jpg",
    "source_id": "Woolworths - 91304",
    "barcode": "9310138212024",
    "category_id": "1_39FD49C",
    "shop": "Woolworths",
    "weight": "1KG",
    "prices": [
      {
        "state": "VIC",
        "price": "1350",
        "price_per_unit": "270",
        "price_unit": "KG"
      },
      {
        "state": "WA",
        "price": "1350",
        "price_per_unit": "270",
        "price_unit": "KG"
      },
      {
        "state": "SA",
        "price": "1350",
        "price_per_unit": "270",
        "price_unit": "KG"
      },
      {
        "state": "TAS",
        "price": "1350",
        "price_per_unit": "270",
        "price_unit": "KG"
      },
      {
        "state": "ACT",
        "price": "1350",
        "price_per_unit": "270",
        "price_unit": "KG"
      },
      {
        "state": "NT",
        "price": "1350",
        "price_per_unit": "270",
        "price_unit": "KG"
      }
    ]
  },
  {
    "source_url": "https://www.woolworths.com.au/shop/productdetails/252199/laucke-barossa-sourdough-rye-bread-mix",
    "name": "Laucke Barossa Sourdough Rye Bread Mix 2.4kg",
    "image_url": "https://cdn1.woolworths.media/content/wowproductimages/large/252199.jpg",
    "source_id": "Woolworths - 252199",
    "barcode": "871893000749",
    "category_id": "1_39FD49C",
    "shop": "Woolworths",
    "weight": "1KG",
    "prices": [
      {
        "state": "VIC",
        "price": "1090",
        "price_per_unit": "454",
        "price_unit": "KG"
      },
      {
        "state": "QLD",
        "price": "1090",
        "price_per_unit": "454",
        "price_unit": "KG"
      },
      {
        "state": "WA",
        "price": "1090",
        "price_per_unit": "454",
        "price_unit": "KG"
      },
      {
        "state": "SA",
        "price": "1090",
        "price_per_unit": "454",
        "price_unit": "KG"
      },
      {
        "state": "ACT",
        "price": "1090",
        "price_per_unit": "454",
        "price_unit": "KG"
      },
      {
        "state": "NT",
        "price": "1090",
        "price_per_unit": "454",
        "price_unit": "KG"
      }
    ]
  },
  {
    "source_url": "https://www.woolworths.com.au/shop/productdetails/381343/laucke-pizza-focaccia-dough-mix",
    "name": "Laucke Pizza & Focaccia Dough Mix 1kg",
    "image_url": "https://cdn1.woolworths.media/content/wowproductimages/large/381343.jpg",
    "source_id": "Woolworths - 381343",
    "barcode": "9321885002035",
    "category_id": "1_39FD49C",
    "shop": "Woolworths",
    "weight": "1KG",
    "prices": [
      {
        "state": "VIC",
        "price": "680",
        "price_per_unit": "680",
        "price_unit": "KG"
      },
      {
        "state": "QLD",
        "price": "680",
        "price_per_unit": "680",
        "price_unit": "KG"
      },
      {
        "state": "WA",
        "price": "680",
        "price_per_unit": "680",
        "price_unit": "KG"
      },
      {
        "state": "SA",
        "price": "680",
        "price_per_unit": "680",
        "price_unit": "KG"
      },
      {
        "state": "TAS",
        "price": "680",
        "price_per_unit": "680",
        "price_unit": "KG"
      },
      {
        "state": "ACT",
        "price": "680",
        "price_per_unit": "680",
        "price_unit": "KG"
      },
      {
        "state": "NT",
        "price": "680",
        "price_per_unit": "680",
        "price_unit": "KG"
      }
    ]
  },
  {
    "source_url": "https://www.woolworths.com.au/shop/productdetails/142314/vetta-smart-protein-plain-flour",
    "name": "Vetta Smart Protein Plain Flour 1kg",
    "image_url": "https://cdn1.woolworths.media/content/wowproductimages/large/142314.jpg",
    "source_id": "Woolworths - 142314",
    "barcode": "9350585000041",
    "category_id": "1_39FD49C",
    "shop": "Woolworths",
    "weight": "1KG",
    "prices": [
      {
        "state": "VIC",
        "price": "450",
        "price_per_unit": "450",
        "price_unit": "KG"
      },
      {
        "state": "WA",
        "price": "450",
        "price_per_unit": "450",
        "price_unit": "KG"
      },
      {
        "state": "TAS",
        "price": "450",
        "price_per_unit": "450",
        "price_unit": "KG"
      },
      {
        "state": "ACT",
        "price": "450",
        "price_per_unit": "450",
        "price_unit": "KG"
      }
    ]
  },
  {
    "source_url": "https://www.woolworths.com.au/shop/productdetails/309217/wallaby-bakers-flour",
    "name": "Wallaby Bakers Flour 5kg",
    "image_url": "https://cdn1.woolworths.media/content/wowproductimages/large/309217.jpg",
    "source_id": "Woolworths - 309217",
    "barcode": "871893000299",
    "category_id": "1_39FD49C",
    "shop": "Woolworths",
    "weight": "1KG",
    "prices": [
      {
        "state": "VIC",
        "price": "1400",
        "price_per_unit": "280",
        "price_unit": "KG"
      },
      {
        "state": "WA",
        "price": "1400",
        "price_per_unit": "280",
        "price_unit": "KG"
      },
      {
        "state": "SA",
        "price": "1400",
        "price_per_unit": "280",
        "price_unit": "KG"
      },
      {
        "state": "TAS",
        "price": "1400",
        "price_per_unit": "280",
        "price_unit": "KG"
      },
      {
        "state": "ACT",
        "price": "1400",
        "price_per_unit": "280",
        "price_unit": "KG"
      },
      {
        "state": "NT",
        "price": "1400",
        "price_per_unit": "280",
        "price_unit": "KG"
      }
    ]
  },
  {
    "source_url": "https://www.woolworths.com.au/shop/productdetails/727560/laucke-crusty-white-bread-mix",
    "name": "Laucke Crusty White Bread Mix 500g",
    "image_url": "https://cdn1.woolworths.media/content/wowproductimages/large/727560.jpg",
    "source_id": "Woolworths - 727560",
    "barcode": "9321885003001",
    "category_id": "1_39FD49C",
    "shop": "Woolworths",
    "weight": "1KG",
    "prices": [
      {
        "state": "QLD",
        "price": "400",
        "price_per_unit": "800",
        "price_unit": "KG"
      },
      {
        "state": "WA",
        "price": "400",
        "price_per_unit": "800",
        "price_unit": "KG"
      },
      {
        "state": "SA",
        "price": "400",
        "price_per_unit": "800",
        "price_unit": "KG"
      },
      {
        "state": "TAS",
        "price": "400",
        "price_per_unit": "800",
        "price_unit": "KG"
      },
      {
        "state": "ACT",
        "price": "400",
        "price_per_unit": "800",
        "price_unit": "KG"
      }
    ]
  },
  {
    "source_url": "https://www.woolworths.com.au/shop/productdetails/143380/laucke-sprouted-whole-wheat-flour-blend",
    "name": "Laucke Sprouted Whole Wheat Flour Blend 1kg",
    "image_url": "https://cdn1.woolworths.media/content/wowproductimages/large/143380.jpg",
    "source_id": "Woolworths - 143380",
    "barcode": "9321885004770",
    "category_id": "1_39FD49C",
    "shop": "Woolworths",
    "weight": "1KG",
    "prices": [
      {
        "state": "WA",
        "price": "500",
        "price_per_unit": "500",
        "price_unit": "KG"
      },
      {
        "state": "SA",
        "price": "500",
        "price_per_unit": "500",
        "price_unit": "KG"
      },
      {
        "state": "TAS",
        "price": "500",
        "price_per_unit": "500",
        "price_unit": "KG"
      },
      {
        "state": "ACT",
        "price": "500",
        "price_per_unit": "500",
        "price_unit": "KG"
      },
      {
        "state": "NT",
        "price": "500",
        "price_per_unit": "500",
        "price_unit": "KG"
      }
    ]
  },
  {
    "source_url": "https://www.woolworths.com.au/shop/productdetails/92404/laucke-crusty-white-bread-mix",
    "name": "Laucke Crusty White Bread Mix 5kg",
    "image_url": "https://cdn1.woolworths.media/content/wowproductimages/large/092404.jpg",
    "source_id": "Woolworths - 92404",
    "barcode": "9321885000000",
    "category_id": "1_39FD49C",
    "shop": "Woolworths",
    "weight": "1KG",
    "prices": [
      {
        "state": "SA",
        "price": "2000",
        "price_per_unit": "400",
        "price_unit": "KG"
      },
      {
        "state": "TAS",
        "price": "2000",
        "price_per_unit": "400",
        "price_unit": "KG"
      }
    ]
  },
  {
    "source_url": "https://www.woolworths.com.au/shop/productdetails/92413/laucke-multigrain-bread-mix",
    "name": "Laucke Multigrain Bread Mix 5kg",
    "image_url": "https://cdn1.woolworths.media/content/wowproductimages/large/092413.jpg",
    "source_id": "Woolworths - 92413",
    "barcode": "9321885000109",
    "category_id": "1_39FD49C",
    "shop": "Woolworths",
    "weight": "1KG",
    "prices": [
      {
        "state": "SA",
        "price": "1700",
        "price_per_unit": "340",
        "price_unit": "KG"
      },
      {
        "state": "TAS",
        "price": "1700",
        "price_per_unit": "340",
        "price_unit": "KG"
      }
    ]
  }
]