[
  {
    "source_url": "https://www.woolworths.com.au/shop/productdetails/313808/bean-ground-drunk-ground-coffee-organic-fairtrade-classic-roast",
    "name": "Bean Ground & Drunk Ground Coffee Organic Fairtrade Classic Roast 250g",
    "image_url": "https://cdn1.woolworths.media/content/wowproductimages/large/313808.jpg",
    "source_id": "Woolworths - 313808",
    "barcode": "9311264001025",
    "category_id": "1_39FD49C",
    "shop": "Woolworths",
    "weight": "100G",
    "prices": [
      {
        "state": "NSW",
        "price": "1050",
        "price_per_unit": "420",
        "price_unit": "G"
      },
      {
        "state": "VIC",
        "price": "1050",
        "price_per_unit": "420",
        "price_unit": "G"
      },
      {
        "state": "QLD",
        "price": "1050",
        "price_per_unit": "420",
        "price_unit": "G"
      },
      {
        "state": "SA",
        "price": "1050",
        "price_per_unit": "420",
        "price_unit": "G"
      },
      {
        "state": "TAS",
        "price": "1050",
        "price_per_unit": "420",
        "price_unit": "G"
      },
      {
        "state": "ACT",
        "price": "1050",
        "price_per_unit": "420",
        "price_unit": "G"
      }
    ]
  },
  {
    "source_url": "https://www.woolworths.com.au/shop/productdetails/313811/bean-ground-drunk-ground-coffee-organic-fairtrade-decaff",
    "name": "Bean Ground & Drunk Ground Coffee Organic Fairtrade Decaff 250g",
    "image_url": "https://cdn1.woolworths.media/content/wowproductimages/large/313811.jpg",
    "source_id": "Woolworths - 313811",
    "barcode": "9311264001070",
    "category_id": "1_39FD49C",
    "shop": "Woolworths",
    "weight": "100G",
    "prices": [
      {
        "state": "NSW",
        "price": "1100",
        "price_per_unit": "440",
        "price_unit": "G"
      },
      {
        "state": "VIC",
        "price": "1100",
        "price_per_unit": "440",
        "price_unit": "G"
      },
      {
        "state": "QLD",
        "price": "1100",
        "price_per_unit": "440",
        "price_unit": "G"
      },
      {
        "state": "WA",
        "price": "1100",
        "price_per_unit": "440",
        "price_unit": "G"
      },
      {
        "state": "SA",
        "price": "1100",
        "price_per_unit": "440",
        "price_unit": "G"
      },
      {
        "state": "TAS",
        "price": "1100",
        "price_per_unit": "440",
        "price_unit": "G"
      },
      {
        "state": "ACT",
        "price": "1100",
        "price_per_unit": "440",
        "price_unit": "G"
      },
      {
        "state": "NT",
        "price": "1100",
        "price_per_unit": "440",
        "price_unit": "G"
      }
    ]
  },
  {
    "source_url": "https://www.woolworths.com.au/shop/productdetails/757042/bushells-turkish-coffee",
    "name": "Bushells Turkish Coffee 250g",
    "image_url": "https://cdn1.woolworths.media/content/wowproductimages/large/757042.jpg",
    "source_id": "Woolworths - 757042",
    "barcode": "9325121000151",
    "category_id": "1_39FD49C",
    "shop": "Woolworths",
    "weight": "100G",
    "prices": [
      {
        "state": "NSW",
        "price": "1050",
        "price_per_unit": "420",
        "price_unit": "G"
      },
      {
        "state": "VIC",
        "price": "1050",
        "price_per_unit": "420",
        "price_unit": "G"
      },
      {
        "state": "QLD",
        "price": "1050",
        "price_per_unit": "420",
        "price_unit": "G"
      },
      {
        "state": "WA",
        "price": "1050",
        "price_per_unit": "420",
        "price_unit": "G"
      },
      {
        "state": "SA",
        "price": "1050",
        "price_per_unit": "420",
        "price_unit": "G"
      },
      {
        "state": "TAS",
        "price": "1050",
        "price_per_unit": "420",
        "price_unit": "G"
      },
      {
        "state": "ACT",
        "price": "1050",
        "price_per_unit": "420",
        "price_unit": "G"
      },
      {
        "state": "NT",
        "price": "1050",
        "price_per_unit": "420",
        "price_unit": "G"
      }
    ]
  },
  {
    "source_url": "https://www.woolworths.com.au/shop/productdetails/128377/campos-superior-ground-coffee",
    "name": "Campos Superior Ground Coffee 250g",
    "image_url": "https://cdn1.woolworths.media/content/wowproductimages/large/128377.jpg",
    "source_id": "Woolworths - 128377",
    "barcode": "9331437000716",
    "category_id": "1_39FD49C",
    "shop": "Woolworths",
    "weight": "100G",
    "prices": [
      {
        "state": "NSW",
        "price": "1750",
        "price_per_unit": "700",
        "price_unit": "G"
      },
      {
        "state": "VIC",
        "price": "1750",
        "price_per_unit": "700",
        "price_unit": "G"
      },
      {
        "state": "QLD",
        "price": "1750",
        "price_per_unit": "700",
        "price_unit": "G"
      },
      {
        "state": "WA",
        "price": "1750",
        "price_per_unit": "700",
        "price_unit": "G"
      },
      {
        "state": "SA",
        "price": "1750",
        "price_per_unit": "700",
        "price_unit": "G"
      },
      {
        "state": "TAS",
        "price": "1750",
        "price_per_unit": "700",
        "price_unit": "G"
      },
      {
        "state": "ACT",
        "price": "1750",
        "price_per_unit": "700",
        "price_unit": "G"
      },
      {
        "state": "NT",
        "price": "1750",
        "price_per_unit": "700",
        "price_unit": "G"
      }
    ]
  },
  {
    "source_url": "https://www.woolworths.com.au/shop/productdetails/93039/harris-coffee-ground-smooth",
    "name": "Harris Coffee Ground Smooth 1kg",
    "image_url": "https://cdn1.woolworths.media/content/wowproductimages/large/093039.jpg",
    "source_id": "Woolworths - 93039",
    "barcode": "9310200009507",
    "category_id": "1_39FD49C",
    "shop": "Woolworths",
    "weight": "100G",
    "prices": [
      {
        "state": "NSW",
        "price": "3200",
        "price_per_unit": "320",
        "price_unit": "G"
      },
      {
        "state": "VIC",
        "price": "3200",
        "price_per_unit": "320",
        "price_unit": "G"
      },
      {
        "state": "QLD",
        "price": "3200",
        "price_per_unit": "320",
        "price_unit": "G"
      },
      {
        "state": "WA",
        "price": "3200",
        "price_per_unit": "320",
        "price_unit": "G"
      },
      {
        "state": "SA",
        "price": "3200",
        "price_per_unit": "320",
        "price_unit": "G"
      },
      {
        "state": "TAS",
        "price": "3200",
        "price_per_unit": "320",
        "price_unit": "G"
      },
      {
        "state": "ACT",
        "price": "3200",
        "price_per_unit": "320",
        "price_unit": "G"
      },
      {
        "state": "NT",
        "price": "3200",
        "price_per_unit": "320",
        "price_unit": "G"
      }
    ]
  },
  {
    "source_url": "https://www.woolworths.com.au/shop/productdetails/92218/harris-coffee-ground-smooth",
    "name": "Harris Coffee Ground Smooth 200g",
    "image_url": "https://cdn1.woolworths.media/content/wowproductimages/large/092218.jpg",
    "source_id": "Woolworths - 92218",
    "barcode": "9310200009569",
    "category_id": "1_39FD49C",
    "shop": "Woolworths",
    "weight": "100G",
    "prices": [
      {
        "state": "NSW",
        "price": "1100",
        "price_per_unit": "550",
        "price_unit": "G"
      },
      {
        "state": "VIC",
        "price": "1100",
        "price_per_unit": "550",
        "price_unit": "G"
      },
      {
        "state": "QLD",
        "price": "1100",
        "price_per_unit": "550",
        "price_unit": "G"
      },
      {
        "state": "WA",
        "price": "1100",
        "price_per_unit": "550",
        "price_unit": "G"
      },
      {
        "state": "SA",
        "price": "1100",
        "price_per_unit": "550",
        "price_unit": "G"
      },
      {
        "state": "TAS",
        "price": "1100",
        "price_per_unit": "550",
        "price_unit": "G"
      },
      {
        "state": "ACT",
        "price": "1100",
        "price_per_unit": "550",
        "price_unit": "G"
      },
      {
        "state": "NT",
        "price": "1100",
        "price_per_unit": "550",
        "price_unit": "G"
      }
    ]
  },
  {
    "source_url": "https://www.woolworths.com.au/shop/productdetails/188087/illy-ground-coffee-espresso",
    "name": "Illy Ground Coffee Espresso 250g",
    "image_url": "https://cdn1.woolworths.media/content/wowproductimages/large/188087.jpg",
    "source_id": "Woolworths - 188087",
    "barcode": "8003753900438",
    "category_id": "1_39FD49C",
    "shop": "Woolworths",
    "weight": "100G",
    "prices": [
      {
        "state": "NSW",
        "price": "1600",
        "price_per_unit": "640",
        "price_unit": "G"
      },
      {
        "state": "VIC",
        "price": "1600",
        "price_per_unit": "640",
        "price_unit": "G"
      },
      {
        "state": "QLD",
        "price": "1600",
        "price_per_unit": "640",
        "price_unit": "G"
      },
      {
        "state": "WA",
        "price": "1600",
        "price_per_unit": "640",
        "price_unit": "G"
      },
      {
        "state": "SA",
        "price": "1600",
        "price_per_unit": "640",
        "price_unit": "G"
      },
      {
        "state": "TAS",
        "price": "1600",
        "price_per_unit": "640",
        "price_unit": "G"
      },
      {
        "state": "ACT",
        "price": "1600",
        "price_per_unit": "640",
        "price_unit": "G"
      },
      {
        "state": "NT",
        "price": "1600",
        "price_per_unit": "640",
        "price_unit": "G"
      }
    ]
  },
  {
    "source_url": "https://www.woolworths.com.au/shop/productdetails/95682/lavazza-qualita-oro-ground-coffee",
    "name": "Lavazza Qualita Oro Ground Coffee 250g",
    "image_url": "https://cdn1.woolworths.media/content/wowproductimages/large/095682.jpg",
    "source_id": "Woolworths - 95682",
    "barcode": "8000070012783",
    "category_id": "1_39FD49C",
    "shop": "Woolworths",
    "weight": "100G",
    "prices": [
      {
        "state": "NSW",
        "price": "1300",
        "price_per_unit": "520",
        "price_unit": "G"
      },
      {
        "state": "VIC",
        "price": "1300",
        "price_per_unit": "520",
        "price_unit": "G"
      },
      {
        "state": "QLD",
        "price": "1300",
        "price_per_unit": "520",
        "price_unit": "G"
      },
      {
        "state": "WA",
        "price": "1300",
        "price_per_unit": "520",
        "price_unit": "G"
      },
      {
        "state": "SA",
        "price": "1300",
        "price_per_unit": "520",
        "price_unit": "G"
      },
      {
        "state": "TAS",
        "price": "1300",
        "price_per_unit": "520",
        "price_unit": "G"
      },
      {
        "state": "ACT",
        "price": "1300",
        "price_per_unit": "520",
        "price_unit": "G"
      },
      {
        "state": "NT",
        "price": "1300",
        "price_per_unit": "520",
        "price_unit": "G"
      }
    ]
  },
  {
    "source_url": "https://www.woolworths.com.au/shop/productdetails/44917/negrita-ground-coffee-turkish-dark-roast",
    "name": "Negrita Ground Coffee Turkish Dark Roast 200g",
    "image_url": "https://cdn1.woolworths.media/content/wowproductimages/large/044917.jpg",
    "source_id": "Woolworths - 44917",
    "barcode": "9310336771668",
    "category_id": "1_39FD49C",
    "shop": "Woolworths",
    "weight": "100G",
    "prices": [
      {
        "state": "NSW",
        "price": "550",
        "price_per_unit": "275",
        "price_unit": "G"
      },
      {
        "state": "VIC",
        "price": "550",
        "price_per_unit": "275",
        "price_unit": "G"
      },
      {
        "state": "QLD",
        "price": "550",
        "price_per_unit": "275",
        "price_unit": "G"
      },
      {
        "state": "WA",
        "price": "550",
        "price_per_unit": "275",
        "price_unit": "G"
      },
      {
        "state": "SA",
        "price": "550",
        "price_per_unit": "275",
        "price_unit": "G"
      },
      {
        "state": "TAS",
        "price": "550",
        "price_per_unit": "275",
        "price_unit": "G"
      },
      {
        "state": "ACT",
        "price": "550",
        "price_per_unit": "275",
        "price_unit": "G"
      },
      {
        "state": "NT",
        "price": "550",
        "price_per_unit": "275",
        "price_unit": "G"
      }
    ]
  },
  {
    "source_url": "https://www.woolworths.com.au/shop/productdetails/29734/oasis-ground-coffee-greek-style",
    "name": "Oasis Ground Coffee Greek Style 200g",
    "image_url": "https://cdn1.woolworths.media/content/wowproductimages/large/029734.jpg",
    "source_id": "Woolworths - 29734",
    "barcode": "9310326105015",
    "category_id": "1_39FD49C",
    "shop": "Woolworths",
    "weight": "100G",
    "prices": [
      {
        "state": "NSW",
        "price": "570",
        "price_per_unit": "285",
        "price_unit": "G"
      },
      {
        "state": "VIC",
        "price": "570",
        "price_per_unit": "285",
        "price_unit": "G"
      },
      {
        "state": "QLD",
        "price": "570",
        "price_per_unit": "285",
        "price_unit": "G"
      },
      {
        "state": "WA",
        "price": "570",
        "price_per_unit": "285",
        "price_unit": "G"
      },
      {
        "state": "SA",
        "price": "570",
        "price_per_unit": "285",
        "price_unit": "G"
      },
      {
        "state": "TAS",
        "price": "570",
        "price_per_unit": "285",
        "price_unit": "G"
      },
      {
        "state": "ACT",
        "price": "570",
        "price_per_unit": "285",
        "price_unit": "G"
      },
      {
        "state": "NT",
        "price": "570",
        "price_per_unit": "285",
        "price_unit": "G"
      }
    ]
  },
  {
    "source_url": "https://www.woolworths.com.au/shop/productdetails/1073935597/pickle-spice-premium-certified-organic-medium-ground-coffee-250g-x-3-packs",
    "name": "Pickle & Spice Premium Certified Organic Medium Ground Coffee 250g x 3 packs",
    "image_url": "https://cdn1.woolworths.media/content/wowproductimages/large/1073935597.jpg",
    "source_id": "Woolworths - 1073935597",
    "barcode": null,
    "category_id": "1_39FD49C",
    "shop": "Woolworths",
    "weight": "100G",
    "prices": [
      {
        "state": "NSW",
        "price": "3050",
        "price_per_unit": "407",
        "price_unit": "G"
      },
      {
        "state": "VIC",
        "price": "3050",
        "price_per_unit": "407",
        "price_unit": "G"
      },
      {
        "state": "QLD",
        "price": "3050",
        "price_per_unit": "407",
        "price_unit": "G"
      },
      {
        "state": "WA",
        "price": "3050",
        "price_per_unit": "407",
        "price_unit": "G"
      },
      {
        "state": "SA",
        "price": "3050",
        "price_per_unit": "407",
        "price_unit": "G"
      },
      {
        "state": "TAS",
        "price": "3050",
        "price_per_unit": "407",
        "price_unit": "G"
      },
      {
        "state": "ACT",
        "price": "3050",
        "price_per_unit": "407",
        "price_unit": "G"
      },
      {
        "state": "NT",
        "price": "3050",
        "price_per_unit": "407",
        "price_unit": "G"
      }
    ]
  },
  {
    "source_url": "https://www.woolworths.com.au/shop/productdetails/16485/vittoria-decaffeinated-ground-coffee-espresso",
    "name": "Vittoria Decaffeinated Ground Coffee Espresso 200g",
    "image_url": "https://cdn1.woolworths.media/content/wowproductimages/large/016485.jpg",
    "source_id": "Woolworths - 16485",
    "barcode": "9310631000975",
    "category_id": "1_39FD49C",
    "shop": "Woolworths",
    "weight": "100G",
    "prices": [
      {
        "state": "NSW",
        "price": "1350",
        "price_per_unit": "675",
        "price_unit": "G"
      },
      {
        "state": "VIC",
        "price": "1350",
        "price_per_unit": "675",
        "price_unit": "G"
      },
      {
        "state": "QLD",
        "price": "1350",
        "price_per_unit": "675",
        "price_unit": "G"
      },
      {
        "state": "WA",
        "price": "1350",
        "price_per_unit": "675",
        "price_unit": "G"
      },
      {
        "state": "SA",
        "price": "1350",
        "price_per_unit": "675",
        "price_unit": "G"
      },
      {
        "state": "TAS",
        "price": "1350",
        "price_per_unit": "675",
        "price_unit": "G"
      },
      {
        "state": "ACT",
        "price": "1350",
        "price_per_unit": "675",
        "price_unit": "G"
      },
      {
        "state": "NT",
        "price": "1350",
        "price_per_unit": "675",
        "price_unit": "G"
      }
    ]
  },
  {
    "source_url": "https://www.woolworths.com.au/shop/productdetails/37831/vittoria-espresso-ground-coffee",
    "name": "Vittoria Espresso Ground Coffee 200g",
    "image_url": "https://cdn1.woolworths.media/content/wowproductimages/large/037831.jpg",
    "source_id": "Woolworths - 37831",
    "barcode": "9310631000784",
    "category_id": "1_39FD49C",
    "shop": "Woolworths",
    "weight": "100G",
    "prices": [
      {
        "state": "NSW",
        "price": "1100",
        "price_per_unit": "550",
        "price_unit": "G"
      },
      {
        "state": "VIC",
        "price": "1100",
        "price_per_unit": "550",
        "price_unit": "G"
      },
      {
        "state": "QLD",
        "price": "1100",
        "price_per_unit": "550",
        "price_unit": "G"
      },
      {
        "state": "WA",
        "price": "1100",
        "price_per_unit": "550",
        "price_unit": "G"
      },
      {
        "state": "SA",
        "price": "1100",
        "price_per_unit": "550",
        "price_unit": "G"
      },
      {
        "state": "TAS",
        "price": "1100",
        "price_per_unit": "550",
        "price_unit": "G"
      },
      {
        "state": "ACT",
        "price": "1100",
        "price_per_unit": "550",
        "price_unit": "G"
      },
      {
        "state": "NT",
        "price": "1100",
        "price_per_unit": "550",
        "price_unit": "G"
      }
    ]
  },
  {
    "source_url": "https://www.woolworths.com.au/shop/productdetails/2108/vittoria-ground-coffee-italian-blend",
    "name": "Vittoria Ground Coffee Italian Blend 1kg",
    "image_url": "https://cdn1.woolworths.media/content/wowproductimages/large/002108.jpg",
    "source_id": "Woolworths - 2108",
    "barcode": "9310631000760",
    "category_id": "1_39FD49C",
    "shop": "Woolworths",
    "weight": "100G",
    "prices": [
      {
        "state": "NSW",
        "price": "2400",
        "price_per_unit": "240",
        "price_unit": "G"
      },
      {
        "state": "VIC",
        "price": "2400",
        "price_per_unit": "240",
        "price_unit": "G"
      },
      {
        "state": "QLD",
        "price": "2400",
        "price_per_unit": "240",
        "price_unit": "G"
      },
      {
        "state": "WA",
        "price": "2400",
        "price_per_unit": "240",
        "price_unit": "G"
      },
      {
        "state": "SA",
        "price": "2400",
        "price_per_unit": "240",
        "price_unit": "G"
      },
      {
        "state": "TAS",
        "price": "2400",
        "price_per_unit": "240",
        "price_unit": "G"
      },
      {
        "state": "ACT",
        "price": "2400",
        "price_per_unit": "240",
        "price_unit": "G"
      },
      {
        "state": "NT",
        "price": "2400",
        "price_per_unit": "240",
        "price_unit": "G"
      }
    ]
  },
  {
    "source_url": "https://www.woolworths.com.au/shop/productdetails/32187/vittoria-organic-coffee-beans",
    "name": "Vittoria Organic Coffee Beans 500g",
    "image_url": "https://cdn1.woolworths.media/content/wowproductimages/large/032187.jpg",
    "source_id": "Woolworths - 32187",
    "barcode": "844705001272",
    "category_id": "1_39FD49C",
    "shop": "Woolworths",
    "weight": "100G",
    "prices": [
      {
        "state": "NSW",
        "price": "2700",
        "price_per_unit": "540",
        "price_unit": "G"
      },
      {
        "state": "VIC",
        "price": "2700",
        "price_per_unit": "540",
        "price_unit": "G"
      },
      {
        "state": "WA",
        "price": "2700",
        "price_per_unit": "540",
        "price_unit": "G"
      },
      {
        "state": "SA",
        "price": "2700",
        "price_per_unit": "540",
        "price_unit": "G"
      },
      {
        "state": "TAS",
        "price": "2700",
        "price_per_unit": "540",
        "price_unit": "G"
      },
      {
        "state": "ACT",
        "price": "2700",
        "price_per_unit": "540",
        "price_unit": "G"
      },
      {
        "state": "NT",
        "price": "2700",
        "price_per_unit": "540",
        "price_unit": "G"
      }
    ]
  },
  {
    "source_url": "https://www.woolworths.com.au/shop/productdetails/254695/vittoria-oro-ground-coffee-oro",
    "name": "Vittoria Oro Ground Coffee Oro 1kg",
    "image_url": "https://cdn1.woolworths.media/content/wowproductimages/large/254695.jpg",
    "source_id": "Woolworths - 254695",
    "barcode": "9310631622252",
    "category_id": "1_39FD49C",
    "shop": "Woolworths",
    "weight": "100G",
    "prices": [
      {
        "state": "NSW",
        "price": "3000",
        "price_per_unit": "300",
        "price_unit": "G"
      },
      {
        "state": "VIC",
        "price": "3000",
        "price_per_unit": "300",
        "price_unit": "G"
      },
      {
        "state": "QLD",
        "price": "3000",
        "price_per_unit": "300",
        "price_unit": "G"
      },
      {
        "state": "WA",
        "price": "3000",
        "price_per_unit": "300",
        "price_unit": "G"
      },
      {
        "state": "SA",
        "price": "3000",
        "price_per_unit": "300",
        "price_unit": "G"
      },
      {
        "state": "TAS",
        "price": "3000",
        "price_per_unit": "300",
        "price_unit": "G"
      }
    ]
  },
  {
    "source_url": "https://www.woolworths.com.au/shop/productdetails/247957/woolworths-ground-coffee-espresso",
    "name": "Woolworths Ground Coffee Espresso 250g",
    "image_url": "https://cdn1.woolworths.media/content/wowproductimages/large/247957.jpg",
    "source_id": "Woolworths - 247957",
    "barcode": "9300633924706",
    "category_id": "1_39FD49C",
    "shop": "Woolworths",
    "weight": "100G",
    "prices": [
      {
        "state": "NSW",
        "price": "450",
        "price_per_unit": "180",
        "price_unit": "G"
      },
      {
        "state": "VIC",
        "price": "450",
        "price_per_unit": "180",
        "price_unit": "G"
      },
      {
        "state": "QLD",
        "price": "450",
        "price_per_unit": "180",
        "price_unit": "G"
      },
      {
        "state": "WA",
        "price": "450",
        "price_per_unit": "180",
        "price_unit": "G"
      },
      {
        "state": "SA",
        "price": "450",
        "price_per_unit": "180",
        "price_unit": "G"
      },
      {
        "state": "TAS",
        "price": "450",
        "price_per_unit": "180",
        "price_unit": "G"
      },
      {
        "state": "ACT",
        "price": "450",
        "price_per_unit": "180",
        "price_unit": "G"
      },
      {
        "state": "NT",
        "price": "450",
        "price_per_unit": "180",
        "price_unit": "G"
      }
    ]
  },
  {
    "source_url": "https://www.woolworths.com.au/shop/productdetails/158982/caffe-aurora-ground-coffee-italian-blend",
    "name": "Caffe Aurora Ground Coffee Italian Blend 1kg",
    "image_url": "https://cdn1.woolworths.media/content/wowproductimages/large/158982.jpg",
    "source_id": "Woolworths - 158982",
    "barcode": "9310631636075",
    "category_id": "1_39FD49C",
    "shop": "Woolworths",
    "weight": "100G",
    "prices": [
      {
        "state": "VIC",
        "price": "2400",
        "price_per_unit": "240",
        "price_unit": "G"
      },
      {
        "state": "QLD",
        "price": "2400",
        "price_per_unit": "240",
        "price_unit": "G"
      },
      {
        "state": "WA",
        "price": "2400",
        "price_per_unit": "240",
        "price_unit": "G"
      },
      {
        "state": "NT",
        "price": "2400",
        "price_per_unit": "240",
        "price_unit": "G"
      }
    ]
  },
  {
    "source_url": "https://www.woolworths.com.au/shop/productdetails/125800/campos-colombia-ground-coffee",
    "name": "Campos Colombia Ground Coffee 250g",
    "image_url": "https://cdn1.woolworths.media/content/wowproductimages/large/125800.jpg",
    "source_id": "Woolworths - 125800",
    "barcode": "9331437000815",
    "category_id": "1_39FD49C",
    "shop": "Woolworths",
    "weight": "100G",
    "prices": [
      {
        "state": "VIC",
        "price": "1850",
        "price_per_unit": "740",
        "price_unit": "G"
      },
      {
        "state": "QLD",
        "price": "1850",
        "price_per_unit": "740",
        "price_unit": "G"
      },
      {
        "state": "WA",
        "price": "1850",
        "price_per_unit": "740",
        "price_unit": "G"
      },
      {
        "state": "SA",
        "price": "1850",
        "price_per_unit": "740",
        "price_unit": "G"
      },
      {
        "state": "TAS",
        "price": "1850",
        "price_per_unit": "740",
        "price_unit": "G"
      },
      {
        "state": "ACT",
        "price": "1850",
        "price_per_unit": "740",
        "price_unit": "G"
      }
    ]
  },
  {
    "source_url": "https://www.woolworths.com.au/shop/productdetails/35051/delta-chicco-d-oro-ground-coffee",
    "name": "Delta Chicco D'Oro Ground Coffee 200g",
    "image_url": "https://cdn1.woolworths.media/content/wowproductimages/large/035051.jpg",
    "source_id": "Woolworths - 35051",
    "barcode": "9310631001736",
    "category_id": "1_39FD49C",
    "shop": "Woolworths",
    "weight": "100G",
    "prices": [
      {
        "state": "VIC",
        "price": "460",
        "price_per_unit": "230",
        "price_unit": "G"
      },
      {
        "state": "QLD",
        "price": "460",
        "price_per_unit": "230",
        "price_unit": "G"
      },
      {
        "state": "WA",
        "price": "460",
        "price_per_unit": "230",
        "price_unit": "G"
      },
      {
        "state": "SA",
        "price": "460",
        "price_per_unit": "230",
        "price_unit": "G"
      },
      {
        "state": "TAS",
        "price": "460",
        "price_per_unit": "230",
        "price_unit": "G"
      },
      {
        "state": "ACT",
        "price": "460",
        "price_per_unit": "230",
        "price_unit": "G"
      },
      {
        "state": "NT",
        "price": "460",
        "price_per_unit": "230",
        "price_unit": "G"
      }
    ]
  },
  {
    "source_url": "https://www.woolworths.com.au/shop/productdetails/804288/dhuwa-coffee-beans-bigshot-blend",
    "name": "Dhuwa Coffee Beans Bigshot Blend 500g",
    "image_url": "https://cdn1.woolworths.media/content/wowproductimages/large/804288.jpg",
    "source_id": "Woolworths - 804288",
    "barcode": "9360926000012",
    "category_id": "1_39FD49C",
    "shop": "Woolworths",
    "weight": "100G",
    "prices": [
      {
        "state": "VIC",
        "price": "1995",
        "price_per_unit": "399",
        "price_unit": "G"
      },
      {
        "state": "QLD",
        "price": "1995",
        "price_per_unit": "399",
        "price_unit": "G"
      },
      {
        "state": "WA",
        "price": "1995",
        "price_per_unit": "399",
        "price_unit": "G"
      },
      {
        "state": "SA",
        "price": "1995",
        "price_per_unit": "399",
        "price_unit": "G"
      },
      {
        "state": "TAS",
        "price": "1995",
        "price_per_unit": "399",
        "price_unit": "G"
      },
      {
        "state": "ACT",
        "price": "1995",
        "price_per_unit": "399",
        "price_unit": "G"
      },
      {
        "state": "NT",
        "price": "1995",
        "price_per_unit": "399",
        "price_unit": "G"
      }
    ]
  },
  {
    "source_url": "https://www.woolworths.com.au/shop/productdetails/804304/dhuwa-coffee-beans-kickstart-blend",
    "name": "Dhuwa Coffee Beans Kickstart Blend 500g",
    "image_url": "https://cdn1.woolworths.media/content/wowproductimages/large/804304.jpg",
    "source_id": "Woolworths - 804304",
    "barcode": "9360926000036",
    "category_id": "1_39FD49C",
    "shop": "Woolworths",
    "weight": "100G",
    "prices": [
      {
        "state": "VIC",
        "price": "1995",
        "price_per_unit": "399",
        "price_unit": "G"
      },
      {
        "state": "QLD",
        "price": "1995",
        "price_per_unit": "399",
        "price_unit": "G"
      },
      {
        "state": "SA",
        "price": "1995",
        "price_per_unit": "399",
        "price_unit": "G"
      },
      {
        "state": "TAS",
        "price": "1995",
        "price_per_unit": "399",
        "price_unit": "G"
      },
      {
        "state": "ACT",
        "price": "1995",
        "price_per_unit": "399",
        "price_unit": "G"
      },
      {
        "state": "NT",
        "price": "1995",
        "price_per_unit": "399",
        "price_unit": "G"
      }
    ]
  },
  {
    "source_url": "https://www.woolworths.com.au/shop/productdetails/804300/grinders-crema-ground-coffee",
    "name": "Grinders Crema Ground Coffee 200g",
    "image_url": "https://cdn1.woolworths.media/content/wowproductimages/large/804300.jpg",
    "source_id": "Woolworths - 804300",
    "barcode": "9329214007065",
    "category_id": "1_39FD49C",
    "shop": "Woolworths",
    "weight": "100G",
    "prices": [
      {
        "state": "VIC",
        "price": "1100",
        "price_per_unit": "550",
        "price_unit": "G"
      },
      {
        "state": "QLD",
        "price": "1100",
        "price_per_unit": "550",
        "price_unit": "G"
      },
      {
        "state": "WA",
        "price": "1100",
        "price_per_unit": "550",
        "price_unit": "G"
      },
      {
        "state": "SA",
        "price": "1100",
        "price_per_unit": "550",
        "price_unit": "G"
      },
      {
        "state": "TAS",
        "price": "1100",
        "price_per_unit": "550",
        "price_unit": "G"
      },
      {
        "state": "ACT",
        "price": "1100",
        "price_per_unit": "550",
        "price_unit": "G"
      },
      {
        "state": "NT",
        "price": "1100",
        "price_per_unit": "550",
        "price_unit": "G"
      }
    ]
  },
  {
    "source_url": "https://www.woolworths.com.au/shop/productdetails/791816/grinders-espresso-ground-coffee",
    "name": "Grinders Espresso Ground Coffee 200g",
    "image_url": "https://cdn1.woolworths.media/content/wowproductimages/large/791816.jpg",
    "source_id": "Woolworths - 791816",
    "barcode": "9329214007089",
    "category_id": "1_39FD49C",
    "shop": "Woolworths",
    "weight": "100G",
    "prices": [
      {
        "state": "VIC",
        "price": "1100",
        "price_per_unit": "550",
        "price_unit": "G"
      },
      {
        "state": "QLD",
        "price": "1100",
        "price_per_unit": "550",
        "price_unit": "G"
      },
      {
        "state": "WA",
        "price": "1100",
        "price_per_unit": "550",
        "price_unit": "G"
      },
      {
        "state": "SA",
        "price": "1100",
        "price_per_unit": "550",
        "price_unit": "G"
      },
      {
        "state": "TAS",
        "price": "1100",
        "price_per_unit": "550",
        "price_unit": "G"
      },
      {
        "state": "ACT",
        "price": "1100",
        "price_per_unit": "550",
        "price_unit": "G"
      },
      {
        "state": "NT",
        "price": "1100",
        "price_per_unit": "550",
        "price_unit": "G"
      }
    ]
  },
  {
    "source_url": "https://www.woolworths.com.au/shop/productdetails/91149/harris-coffee-ground-strong",
    "name": "Harris Coffee Ground Strong 1kg",
    "image_url": "https://cdn1.woolworths.media/content/wowproductimages/large/091149.jpg",
    "source_id": "Woolworths - 91149",
    "barcode": "9310200009538",
    "category_id": "1_39FD49C",
    "shop": "Woolworths",
    "weight": "100G",
    "prices": [
      {
        "state": "VIC",
        "price": "3200",
        "price_per_unit": "320",
        "price_unit": "G"
      },
      {
        "state": "QLD",
        "price": "3200",
        "price_per_unit": "320",
        "price_unit": "G"
      },
      {
        "state": "WA",
        "price": "3200",
        "price_per_unit": "320",
        "price_unit": "G"
      },
      {
        "state": "SA",
        "price": "3200",
        "price_per_unit": "320",
        "price_unit": "G"
      },
      {
        "state": "TAS",
        "price": "3200",
        "price_per_unit": "320",
        "price_unit": "G"
      },
      {
        "state": "ACT",
        "price": "3200",
        "price_per_unit": "320",
        "price_unit": "G"
      },
      {
        "state": "NT",
        "price": "3200",
        "price_per_unit": "320",
        "price_unit": "G"
      }
    ]
  },
  {
    "source_url": "https://www.woolworths.com.au/shop/productdetails/91097/harris-coffee-ground-very-strong",
    "name": "Harris Coffee Ground Very Strong 200g",
    "image_url": "https://cdn1.woolworths.media/content/wowproductimages/large/091097.jpg",
    "source_id": "Woolworths - 91097",
    "barcode": "9310200009699",
    "category_id": "1_39FD49C",
    "shop": "Woolworths",
    "weight": "100G",
    "prices": [
      {
        "state": "VIC",
        "price": "1100",
        "price_per_unit": "550",
        "price_unit": "G"
      },
      {
        "state": "QLD",
        "price": "1100",
        "price_per_unit": "550",
        "price_unit": "G"
      },
      {
        "state": "WA",
        "price": "1100",
        "price_per_unit": "550",
        "price_unit": "G"
      },
      {
        "state": "SA",
        "price": "1100",
        "price_per_unit": "550",
        "price_unit": "G"
      },
      {
        "state": "TAS",
        "price": "1100",
        "price_per_unit": "550",
        "price_unit": "G"
      },
      {
        "state": "ACT",
        "price": "1100",
        "price_per_unit": "550",
        "price_unit": "G"
      },
      {
        "state": "NT",
        "price": "1100",
        "price_per_unit": "550",
        "price_unit": "G"
      }
    ]
  },
  {
    "source_url": "https://www.woolworths.com.au/shop/productdetails/94817/lavazza-crema-e-gusto-classico-ground-coffee",
    "name": "Lavazza Crema e Gusto Classico Ground Coffee 250g x2 Pack",
    "image_url": "https://cdn1.woolworths.media/content/wowproductimages/large/094817.jpg",
    "source_id": "Woolworths - 94817",
    "barcode": "8000070038875",
    "category_id": "1_39FD49C",
    "shop": "Woolworths",
    "weight": "100G",
    "prices": [
      {
        "state": "VIC",
        "price": "1450",
        "price_per_unit": "290",
        "price_unit": "G"
      },
      {
        "state": "QLD",
        "price": "1450",
        "price_per_unit": "290",
        "price_unit": "G"
      },
      {
        "state": "WA",
        "price": "1450",
        "price_per_unit": "290",
        "price_unit": "G"
      },
      {
        "state": "SA",
        "price": "1450",
        "price_per_unit": "290",
        "price_unit": "G"
      },
      {
        "state": "TAS",
        "price": "1450",
        "price_per_unit": "290",
        "price_unit": "G"
      },
      {
        "state": "ACT",
        "price": "1450",
        "price_per_unit": "290",
        "price_unit": "G"
      }
    ]
  },
  {
    "source_url": "https://www.woolworths.com.au/shop/productdetails/659600/lavazza-qualita-oro-ground-coffee",
    "name": "Lavazza Qualita Oro Ground Coffee 1kg",
    "image_url": "https://cdn1.woolworths.media/content/wowproductimages/large/659600.jpg",
    "source_id": "Woolworths - 659600",
    "barcode": "8000070072169",
    "category_id": "1_39FD49C",
    "shop": "Woolworths",
    "weight": "100G",
    "prices": [
      {
        "state": "VIC",
        "price": "4800",
        "price_per_unit": "480",
        "price_unit": "G"
      },
      {
        "state": "QLD",
        "price": "4800",
        "price_per_unit": "480",
        "price_unit": "G"
      },
      {
        "state": "SA",
        "price": "4800",
        "price_per_unit": "480",
        "price_unit": "G"
      },
      {
        "state": "TAS",
        "price": "4800",
        "price_per_unit": "480",
        "price_unit": "G"
      },
      {
        "state": "ACT",
        "price": "4800",
        "price_per_unit": "480",
        "price_unit": "G"
      }
    ]
  },
  {
    "source_url": "https://www.woolworths.com.au/shop/productdetails/309492/lavazza-tales-of-italy-alluring-napoli-ground-coffee",
    "name": "Lavazza Tales Of Italy Alluring Napoli Ground Coffee 250g",
    "image_url": "https://cdn1.woolworths.media/content/wowproductimages/large/309492.jpg",
    "source_id": "Woolworths - 309492",
    "barcode": "8000070069145",
    "category_id": "1_39FD49C",
    "shop": "Woolworths",
    "weight": "100G",
    "prices": [
      {
        "state": "VIC",
        "price": "1600",
        "price_per_unit": "640",
        "price_unit": "G"
      },
      {
        "state": "QLD",
        "price": "1600",
        "price_per_unit": "640",
        "price_unit": "G"
      },
      {
        "state": "WA",
        "price": "1600",
        "price_per_unit": "640",
        "price_unit": "G"
      },
      {
        "state": "SA",
        "price": "1600",
        "price_per_unit": "640",
        "price_unit": "G"
      },
      {
        "state": "TAS",
        "price": "1600",
        "price_per_unit": "640",
        "price_unit": "G"
      },
      {
        "state": "ACT",
        "price": "1600",
        "price_per_unit": "640",
        "price_unit": "G"
      },
      {
        "state": "NT",
        "price": "1600",
        "price_per_unit": "640",
        "price_unit": "G"
      }
    ]
  },
  {
    "source_url": "https://www.woolworths.com.au/shop/productdetails/660183/lavazza-tales-of-italy-enchanting-capri-ground-coffee",
    "name": "Lavazza Tales of Italy Enchanting Capri Ground Coffee 250g",
    "image_url": "https://cdn1.woolworths.media/content/wowproductimages/large/660183.jpg",
    "source_id": "Woolworths - 660183",
    "barcode": "8000070075306",
    "category_id": "1_39FD49C",
    "shop": "Woolworths",
    "weight": "100G",
    "prices": [
      {
        "state": "VIC",
        "price": "1600",
        "price_per_unit": "640",
        "price_unit": "G"
      },
      {
        "state": "QLD",
        "price": "1600",
        "price_per_unit": "640",
        "price_unit": "G"
      },
      {
        "state": "WA",
        "price": "1600",
        "price_per_unit": "640",
        "price_unit": "G"
      },
      {
        "state": "SA",
        "price": "1600",
        "price_per_unit": "640",
        "price_unit": "G"
      },
      {
        "state": "TAS",
        "price": "1600",
        "price_per_unit": "640",
        "price_unit": "G"
      },
      {
        "state": "ACT",
        "price": "1600",
        "price_per_unit": "640",
        "price_unit": "G"
      },
      {
        "state": "NT",
        "price": "1600",
        "price_per_unit": "640",
        "price_unit": "G"
      }
    ]
  },
  {
    "source_url": "https://www.woolworths.com.au/shop/productdetails/309564/lavazza-tales-of-italy-eternal-roma-ground-coffee",
    "name": "Lavazza Tales Of Italy Eternal Roma Ground Coffee 250g",
    "image_url": "https://cdn1.woolworths.media/content/wowproductimages/large/309564.jpg",
    "source_id": "Woolworths - 309564",
    "barcode": "8000070069206",
    "category_id": "1_39FD49C",
    "shop": "Woolworths",
    "weight": "100G",
    "prices": [
      {
        "state": "VIC",
        "price": "1600",
        "price_per_unit": "640",
        "price_unit": "G"
      },
      {
        "state": "QLD",
        "price": "1600",
        "price_per_unit": "640",
        "price_unit": "G"
      },
      {
        "state": "WA",
        "price": "1600",
        "price_per_unit": "640",
        "price_unit": "G"
      },
      {
        "state": "SA",
        "price": "1600",
        "price_per_unit": "640",
        "price_unit": "G"
      },
      {
        "state": "TAS",
        "price": "1600",
        "price_per_unit": "640",
        "price_unit": "G"
      },
      {
        "state": "ACT",
        "price": "1600",
        "price_per_unit": "640",
        "price_unit": "G"
      },
      {
        "state": "NT",
        "price": "1600",
        "price_per_unit": "640",
        "price_unit": "G"
      }
    ]
  },
  {
    "source_url": "https://www.woolworths.com.au/shop/productdetails/690359/macro-organic-fairtrade-ground-coffee-dark",
    "name": "Macro Organic Fairtrade Ground Coffee Dark 200g",
    "image_url": "https://cdn1.woolworths.media/content/wowproductimages/large/690359.jpg",
    "source_id": "Woolworths - 690359",
    "barcode": "9300633248222",
    "category_id": "1_39FD49C",
    "shop": "Woolworths",
    "weight": "100G",
    "prices": [
      {
        "state": "VIC",
        "price": "660",
        "price_per_unit": "330",
        "price_unit": "G"
      },
      {
        "state": "QLD",
        "price": "660",
        "price_per_unit": "330",
        "price_unit": "G"
      },
      {
        "state": "WA",
        "price": "660",
        "price_per_unit": "330",
        "price_unit": "G"
      },
      {
        "state": "SA",
        "price": "660",
        "price_per_unit": "330",
        "price_unit": "G"
      },
      {
        "state": "TAS",
        "price": "660",
        "price_per_unit": "330",
        "price_unit": "G"
      },
      {
        "state": "ACT",
        "price": "660",
        "price_per_unit": "330",
        "price_unit": "G"
      },
      {
        "state": "NT",
        "price": "660",
        "price_per_unit": "330",
        "price_unit": "G"
      }
    ]
  },
  {
    "source_url": "https://www.woolworths.com.au/shop/productdetails/690360/macro-organic-fairtrade-ground-coffee-medium",
    "name": "Macro Organic Fairtrade Ground Coffee Medium 200g",
    "image_url": "https://cdn1.woolworths.media/content/wowproductimages/large/690360.jpg",
    "source_id": "Woolworths - 690360",
    "barcode": "9300633248239",
    "category_id": "1_39FD49C",
    "shop": "Woolworths",
    "weight": "100G",
    "prices": [
      {
        "state": "VIC",
        "price": "660",
        "price_per_unit": "330",
        "price_unit": "G"
      },
      {
        "state": "QLD",
        "price": "660",
        "price_per_unit": "330",
        "price_unit": "G"
      },
      {
        "state": "WA",
        "price": "660",
        "price_per_unit": "330",
        "price_unit": "G"
      },
      {
        "state": "SA",
        "price": "660",
        "price_per_unit": "330",
        "price_unit": "G"
      },
      {
        "state": "TAS",
        "price": "660",
        "price_per_unit": "330",
        "price_unit": "G"
      },
      {
        "state": "ACT",
        "price": "660",
        "price_per_unit": "330",
        "price_unit": "G"
      },
      {
        "state": "NT",
        "price": "660",
        "price_per_unit": "330",
        "price_unit": "G"
      }
    ]
  },
  {
    "source_url": "https://www.woolworths.com.au/shop/productdetails/363085/oxfam-ethiopia-blend-ground-coffee",
    "name": "Oxfam Ethiopia Blend Ground Coffee 250G",
    "image_url": "https://cdn1.woolworths.media/content/wowproductimages/large/363085.jpg",
    "source_id": "Woolworths - 363085",
    "barcode": "9316454000055",
    "category_id": "1_39FD49C",
    "shop": "Woolworths",
    "weight": "100G",
    "prices": [
      {
        "state": "VIC",
        "price": "925",
        "price_per_unit": "370",
        "price_unit": "G"
      },
      {
        "state": "QLD",
        "price": "925",
        "price_per_unit": "370",
        "price_unit": "G"
      },
      {
        "state": "WA",
        "price": "925",
        "price_per_unit": "370",
        "price_unit": "G"
      },
      {
        "state": "SA",
        "price": "925",
        "price_per_unit": "370",
        "price_unit": "G"
      },
      {
        "state": "TAS",
        "price": "925",
        "price_per_unit": "370",
        "price_unit": "G"
      },
      {
        "state": "ACT",
        "price": "925",
        "price_per_unit": "370",
        "price_unit": "G"
      }
    ]
  },
  {
    "source_url": "https://www.woolworths.com.au/shop/productdetails/363082/oxfam-organic-fair-trade-ground-world-blend-coffee",
    "name": "Oxfam Organic Fair Trade Ground World Blend Coffee 250G",
    "image_url": "https://cdn1.woolworths.media/content/wowproductimages/large/363082.jpg",
    "source_id": "Woolworths - 363082",
    "barcode": "9316454000000",
    "category_id": "1_39FD49C",
    "shop": "Woolworths",
    "weight": "100G",
    "prices": [
      {
        "state": "VIC",
        "price": "925",
        "price_per_unit": "370",
        "price_unit": "G"
      },
      {
        "state": "QLD",
        "price": "925",
        "price_per_unit": "370",
        "price_unit": "G"
      },
      {
        "state": "WA",
        "price": "925",
        "price_per_unit": "370",
        "price_unit": "G"
      },
      {
        "state": "SA",
        "price": "925",
        "price_per_unit": "370",
        "price_unit": "G"
      },
      {
        "state": "TAS",
        "price": "925",
        "price_per_unit": "370",
        "price_unit": "G"
      },
      {
        "state": "ACT",
        "price": "925",
        "price_per_unit": "370",
        "price_unit": "G"
      }
    ]
  },
  {
    "source_url": "https://www.woolworths.com.au/shop/productdetails/757409/sacred-grounds-groover-blend-ground-coffee",
    "name": "Sacred Grounds Groover Blend Ground Coffee 200g",
    "image_url": "https://cdn1.woolworths.media/content/wowproductimages/large/757409.jpg",
    "source_id": "Woolworths - 757409",
    "barcode": "9310200013085",
    "category_id": "1_39FD49C",
    "shop": "Woolworths",
    "weight": "100G",
    "prices": [
      {
        "state": "VIC",
        "price": "1000",
        "price_per_unit": "500",
        "price_unit": "G"
      },
      {
        "state": "QLD",
        "price": "1000",
        "price_per_unit": "500",
        "price_unit": "G"
      },
      {
        "state": "SA",
        "price": "1000",
        "price_per_unit": "500",
        "price_unit": "G"
      },
      {
        "state": "TAS",
        "price": "1000",
        "price_per_unit": "500",
        "price_unit": "G"
      },
      {
        "state": "ACT",
        "price": "1000",
        "price_per_unit": "500",
        "price_unit": "G"
      },
      {
        "state": "NT",
        "price": "1000",
        "price_per_unit": "500",
        "price_unit": "G"
      }
    ]
  },
  {
    "source_url": "https://www.woolworths.com.au/shop/productdetails/784932/sacred-grounds-ola-brazil-ground-coffee",
    "name": "Sacred Grounds Ola Brazil Ground Coffee 200g",
    "image_url": "https://cdn1.woolworths.media/content/wowproductimages/large/784932.jpg",
    "source_id": "Woolworths - 784932",
    "barcode": "9310200013146",
    "category_id": "1_39FD49C",
    "shop": "Woolworths",
    "weight": "100G",
    "prices": [
      {
        "state": "VIC",
        "price": "1000",
        "price_per_unit": "500",
        "price_unit": "G"
      },
      {
        "state": "QLD",
        "price": "1000",
        "price_per_unit": "500",
        "price_unit": "G"
      },
      {
        "state": "WA",
        "price": "1000",
        "price_per_unit": "500",
        "price_unit": "G"
      },
      {
        "state": "SA",
        "price": "1000",
        "price_per_unit": "500",
        "price_unit": "G"
      },
      {
        "state": "TAS",
        "price": "1000",
        "price_per_unit": "500",
        "price_unit": "G"
      },
      {
        "state": "ACT",
        "price": "1000",
        "price_per_unit": "500",
        "price_unit": "G"
      },
      {
        "state": "NT",
        "price": "1000",
        "price_per_unit": "500",
        "price_unit": "G"
      }
    ]
  },
  {
    "source_url": "https://www.woolworths.com.au/shop/productdetails/780602/sacred-grounds-seeker-blend-ground-coffee",
    "name": "Sacred Grounds Seeker Blend Ground Coffee 200g",
    "image_url": "https://cdn1.woolworths.media/content/wowproductimages/large/780602.jpg",
    "source_id": "Woolworths - 780602",
    "barcode": "9310200013108",
    "category_id": "1_39FD49C",
    "shop": "Woolworths",
    "weight": "100G",
    "prices": [
      {
        "state": "VIC",
        "price": "1000",
        "price_per_unit": "500",
        "price_unit": "G"
      },
      {
        "state": "QLD",
        "price": "1000",
        "price_per_unit": "500",
        "price_unit": "G"
      },
      {
        "state": "WA",
        "price": "1000",
        "price_per_unit": "500",
        "price_unit": "G"
      },
      {
        "state": "SA",
        "price": "1000",
        "price_per_unit": "500",
        "price_unit": "G"
      },
      {
        "state": "TAS",
        "price": "1000",
        "price_per_unit": "500",
        "price_unit": "G"
      },
      {
        "state": "ACT",
        "price": "1000",
        "price_per_unit": "500",
        "price_unit": "G"
      },
      {
        "state": "NT",
        "price": "1000",
        "price_per_unit": "500",
        "price_unit": "G"
      }
    ]
  },
  {
    "source_url": "https://www.woolworths.com.au/shop/productdetails/162468/st-ali-italo-disco-coffee-ground-beans",
    "name": "St. Ali Italo Disco Coffee Ground Beans 250g",
    "image_url": "https://cdn1.woolworths.media/content/wowproductimages/large/162468.jpg",
    "source_id": "Woolworths - 162468",
    "barcode": "9355572000417",
    "category_id": "1_39FD49C",
    "shop": "Woolworths",
    "weight": "100G",
    "prices": [
      {
        "state": "VIC",
        "price": "1900",
        "price_per_unit": "760",
        "price_unit": "G"
      }
    ]
  },
  {
    "source_url": "https://www.woolworths.com.au/shop/productdetails/94131/vittoria-espresso-ground-coffee",
    "name": "Vittoria Espresso Ground Coffee 1kg",
    "image_url": "https://cdn1.woolworths.media/content/wowproductimages/large/094131.jpg",
    "source_id": "Woolworths - 94131",
    "barcode": "9310631000821",
    "category_id": "1_39FD49C",
    "shop": "Woolworths",
    "weight": "100G",
    "prices": [
      {
        "state": "VIC",
        "price": "4000",
        "price_per_unit": "400",
        "price_unit": "G"
      },
      {
        "state": "QLD",
        "price": "4000",
        "price_per_unit": "400",
        "price_unit": "G"
      },
      {
        "state": "WA",
        "price": "4000",
        "price_per_unit": "400",
        "price_unit": "G"
      },
      {
        "state": "SA",
        "price": "4000",
        "price_per_unit": "400",
        "price_unit": "G"
      },
      {
        "state": "TAS",
        "price": "4000",
        "price_per_unit": "400",
        "price_unit": "G"
      },
      {
        "state": "ACT",
        "price": "4000",
        "price_per_unit": "400",
        "price_unit": "G"
      },
      {
        "state": "NT",
        "price": "4000",
        "price_per_unit": "400",
        "price_unit": "G"
      }
    ]
  },
  {
    "source_url": "https://www.woolworths.com.au/shop/productdetails/147701/vittoria-espresso-ground-coffee",
    "name": "Vittoria Espresso Ground Coffee 500g",
    "image_url": "https://cdn1.woolworths.media/content/wowproductimages/large/147701.jpg",
    "source_id": "Woolworths - 147701",
    "barcode": "9310631600748",
    "category_id": "1_39FD49C",
    "shop": "Woolworths",
    "weight": "100G",
    "prices": [
      {
        "state": "VIC",
        "price": "1750",
        "price_per_unit": "350",
        "price_unit": "G"
      },
      {
        "state": "QLD",
        "price": "1750",
        "price_per_unit": "350",
        "price_unit": "G"
      },
      {
        "state": "WA",
        "price": "1750",
        "price_per_unit": "350",
        "price_unit": "G"
      },
      {
        "state": "SA",
        "price": "1750",
        "price_per_unit": "350",
        "price_unit": "G"
      },
      {
        "state": "TAS",
        "price": "1750",
        "price_per_unit": "350",
        "price_unit": "G"
      },
      {
        "state": "ACT",
        "price": "1750",
        "price_per_unit": "350",
        "price_unit": "G"
      },
      {
        "state": "NT",
        "price": "1750",
        "price_per_unit": "350",
        "price_unit": "G"
      }
    ]
  },
  {
    "source_url": "https://www.woolworths.com.au/shop/productdetails/32179/vittoria-italian-ground",
    "name": "Vittoria Italian Ground 200g",
    "image_url": "https://cdn1.woolworths.media/content/wowproductimages/large/032179.jpg",
    "source_id": "Woolworths - 32179",
    "barcode": "9310631630363",
    "category_id": "1_39FD49C",
    "shop": "Woolworths",
    "weight": "100G",
    "prices": [
      {
        "state": "VIC",
        "price": "800",
        "price_per_unit": "400",
        "price_unit": "G"
      },
      {
        "state": "QLD",
        "price": "800",
        "price_per_unit": "400",
        "price_unit": "G"
      },
      {
        "state": "WA",
        "price": "800",
        "price_per_unit": "400",
        "price_unit": "G"
      },
      {
        "state": "TAS",
        "price": "800",
        "price_per_unit": "400",
        "price_unit": "G"
      },
      {
        "state": "ACT",
        "price": "800",
        "price_per_unit": "400",
        "price_unit": "G"
      },
      {
        "state": "NT",
        "price": "800",
        "price_per_unit": "400",
        "price_unit": "G"
      }
    ]
  },
  {
    "source_url": "https://www.woolworths.com.au/shop/productdetails/692561/vittoria-italian-ground",
    "name": "Vittoria Italian Ground 500g",
    "image_url": "https://cdn1.woolworths.media/content/wowproductimages/large/692561.jpg",
    "source_id": "Woolworths - 692561",
    "barcode": "9310631628889",
    "category_id": "1_39FD49C",
    "shop": "Woolworths",
    "weight": "100G",
    "prices": [
      {
        "state": "VIC",
        "price": "1450",
        "price_per_unit": "290",
        "price_unit": "G"
      },
      {
        "state": "SA",
        "price": "1450",
        "price_per_unit": "290",
        "price_unit": "G"
      },
      {
        "state": "ACT",
        "price": "1450",
        "price_per_unit": "290",
        "price_unit": "G"
      },
      {
        "state": "NT",
        "price": "1450",
        "price_per_unit": "290",
        "price_unit": "G"
      }
    ]
  },
  {
    "source_url": "https://www.woolworths.com.au/shop/productdetails/186602/vittoria-mountain-grown-ground-coffee",
    "name": "Vittoria Mountain Grown Ground Coffee 1kg",
    "image_url": "https://cdn1.woolworths.media/content/wowproductimages/large/186602.jpg",
    "source_id": "Woolworths - 186602",
    "barcode": "9310631617265",
    "category_id": "1_39FD49C",
    "shop": "Woolworths",
    "weight": "100G",
    "prices": [
      {
        "state": "VIC",
        "price": "4900",
        "price_per_unit": "490",
        "price_unit": "G"
      },
      {
        "state": "QLD",
        "price": "4900",
        "price_per_unit": "490",
        "price_unit": "G"
      },
      {
        "state": "WA",
        "price": "4900",
        "price_per_unit": "490",
        "price_unit": "G"
      },
      {
        "state": "SA",
        "price": "4900",
        "price_per_unit": "490",
        "price_unit": "G"
      },
      {
        "state": "TAS",
        "price": "4900",
        "price_per_unit": "490",
        "price_unit": "G"
      },
      {
        "state": "ACT",
        "price": "4900",
        "price_per_unit": "490",
        "price_unit": "G"
      },
      {
        "state": "NT",
        "price": "4900",
        "price_per_unit": "490",
        "price_unit": "G"
      }
    ]
  },
  {
    "source_url": "https://www.woolworths.com.au/shop/productdetails/94686/vittoria-mountain-grown-ground-coffee",
    "name": "Vittoria Mountain Grown Ground Coffee 200g",
    "image_url": "https://cdn1.woolworths.media/content/wowproductimages/large/094686.jpg",
    "source_id": "Woolworths - 94686",
    "barcode": "9310631001545",
    "category_id": "1_39FD49C",
    "shop": "Woolworths",
    "weight": "100G",
    "prices": [
      {
        "state": "VIC",
        "price": "1100",
        "price_per_unit": "550",
        "price_unit": "G"
      },
      {
        "state": "SA",
        "price": "1100",
        "price_per_unit": "550",
        "price_unit": "G"
      },
      {
        "state": "TAS",
        "price": "1100",
        "price_per_unit": "550",
        "price_unit": "G"
      },
      {
        "state": "ACT",
        "price": "1100",
        "price_per_unit": "550",
        "price_unit": "G"
      },
      {
        "state": "NT",
        "price": "1100",
        "price_per_unit": "550",
        "price_unit": "G"
      }
    ]
  },
  {
    "source_url": "https://www.woolworths.com.au/shop/productdetails/32216/vittoria-mountain-grown-ground-coffee",
    "name": "Vittoria Mountain Grown Ground Coffee 500g",
    "image_url": "https://cdn1.woolworths.media/content/wowproductimages/large/032216.jpg",
    "source_id": "Woolworths - 32216",
    "barcode": "844705001265",
    "category_id": "1_39FD49C",
    "shop": "Woolworths",
    "weight": "100G",
    "prices": [
      {
        "state": "VIC",
        "price": "2650",
        "price_per_unit": "530",
        "price_unit": "G"
      },
      {
        "state": "TAS",
        "price": "2650",
        "price_per_unit": "530",
        "price_unit": "G"
      },
      {
        "state": "ACT",
        "price": "2650",
        "price_per_unit": "530",
        "price_unit": "G"
      },
      {
        "state": "NT",
        "price": "2650",
        "price_per_unit": "530",
        "price_unit": "G"
      }
    ]
  },
  {
    "source_url": "https://www.woolworths.com.au/shop/productdetails/140403/wood-fired-coffee-ground-coffee-ground",
    "name": "Wood Fired Coffee Ground 500G",
    "image_url": "https://cdn1.woolworths.media/content/wowproductimages/large/140403.jpg",
    "source_id": "Woolworths - 140403",
    "barcode": "737452898601",
    "category_id": "1_39FD49C",
    "shop": "Woolworths",
    "weight": "100G",
    "prices": [
      {
        "state": "VIC",
        "price": "1900",
        "price_per_unit": "380",
        "price_unit": "G"
      },
      {
        "state": "QLD",
        "price": "1900",
        "price_per_unit": "380",
        "price_unit": "G"
      },
      {
        "state": "WA",
        "price": "1900",
        "price_per_unit": "380",
        "price_unit": "G"
      },
      {
        "state": "SA",
        "price": "1900",
        "price_per_unit": "380",
        "price_unit": "G"
      },
      {
        "state": "TAS",
        "price": "1900",
        "price_per_unit": "380",
        "price_unit": "G"
      },
      {
        "state": "ACT",
        "price": "1900",
        "price_per_unit": "380",
        "price_unit": "G"
      },
      {
        "state": "NT",
        "price": "1900",
        "price_per_unit": "380",
        "price_unit": "G"
      }
    ]
  },
  {
    "source_url": "https://www.woolworths.com.au/shop/productdetails/222156/campos-decaf-ground-coffee",
    "name": "Campos Decaf Ground Coffee 250g",
    "image_url": "https://cdn1.woolworths.media/content/wowproductimages/large/222156.jpg",
    "source_id": "Woolworths - 222156",
    "barcode": "9331437000945",
    "category_id": "1_39FD49C",
    "shop": "Woolworths",
    "weight": "100G",
    "prices": [
      {
        "state": "QLD",
        "price": "1850",
        "price_per_unit": "740",
        "price_unit": "G"
      },
      {
        "state": "WA",
        "price": "1850",
        "price_per_unit": "740",
        "price_unit": "G"
      },
      {
        "state": "SA",
        "price": "1850",
        "price_per_unit": "740",
        "price_unit": "G"
      },
      {
        "state": "TAS",
        "price": "1850",
        "price_per_unit": "740",
        "price_unit": "G"
      },
      {
        "state": "ACT",
        "price": "1850",
        "price_per_unit": "740",
        "price_unit": "G"
      },
      {
        "state": "NT",
        "price": "1850",
        "price_per_unit": "740",
        "price_unit": "G"
      }
    ]
  },
  {
    "source_url": "https://www.woolworths.com.au/shop/productdetails/160945/lavazza-crema-e-gusto-ground-coffee",
    "name": "Lavazza Crema e Gusto Ground Coffee 1kg",
    "image_url": "https://cdn1.woolworths.media/content/wowproductimages/large/160945.jpg",
    "source_id": "Woolworths - 160945",
    "barcode": "8000070058323",
    "category_id": "1_39FD49C",
    "shop": "Woolworths",
    "weight": "100G",
    "prices": [
      {
        "state": "QLD",
        "price": "2500",
        "price_per_unit": "250",
        "price_unit": "G"
      },
      {
        "state": "WA",
        "price": "2500",
        "price_per_unit": "250",
        "price_unit": "G"
      },
      {
        "state": "SA",
        "price": "2500",
        "price_per_unit": "250",
        "price_unit": "G"
      },
      {
        "state": "TAS",
        "price": "2500",
        "price_per_unit": "250",
        "price_unit": "G"
      },
      {
        "state": "ACT",
        "price": "2500",
        "price_per_unit": "250",
        "price_unit": "G"
      },
      {
        "state": "NT",
        "price": "2500",
        "price_per_unit": "250",
        "price_unit": "G"
      }
    ]
  },
  {
    "source_url": "https://www.woolworths.com.au/shop/productdetails/706329/sacred-grounds-breezy-blend-ground-coffee",
    "name": "Sacred Grounds Breezy Blend Ground Coffee 200g",
    "image_url": "https://cdn1.woolworths.media/content/wowproductimages/large/706329.jpg",
    "source_id": "Woolworths - 706329",
    "barcode": "9310200013047",
    "category_id": "1_39FD49C",
    "shop": "Woolworths",
    "weight": "100G",
    "prices": [
      {
        "state": "QLD",
        "price": "1000",
        "price_per_unit": "500",
        "price_unit": "G"
      },
      {
        "state": "WA",
        "price": "1000",
        "price_per_unit": "500",
        "price_unit": "G"
      },
      {
        "state": "SA",
        "price": "1000",
        "price_per_unit": "500",
        "price_unit": "G"
      },
      {
        "state": "ACT",
        "price": "1000",
        "price_per_unit": "500",
        "price_unit": "G"
      },
      {
        "state": "NT",
        "price": "1000",
        "price_per_unit": "500",
        "price_unit": "G"
      }
    ]
  },
  {
    "source_url": "https://www.woolworths.com.au/shop/productdetails/180668/tasmanian-coffee-roasters-coffee-ground-colombian-gold-gold",
    "name": "Tasmanian Coffee Roasters Coffee Ground Colombian Gold Gold 200g",
    "image_url": "https://cdn1.woolworths.media/content/wowproductimages/large/180668.jpg",
    "source_id": "Woolworths - 180668",
    "barcode": "9323294000084",
    "category_id": "1_39FD49C",
    "shop": "Woolworths",
    "weight": "100G",
    "prices": [
      {
        "state": "TAS",
        "price": "1050",
        "price_per_unit": "525",
        "price_unit": "G"
      }
    ]
  },
  {
    "source_url": "https://www.woolworths.com.au/shop/productdetails/159898/caffe-aurora-ground-coffee-italian-blend",
    "name": "Caffe Aurora Ground Coffee Italian Blend 500g",
    "image_url": "https://cdn1.woolworths.media/content/wowproductimages/large/159898.jpg",
    "source_id": "Woolworths - 159898",
    "barcode": "9310631636112",
    "category_id": "1_39FD49C",
    "shop": "Woolworths",
    "weight": "100G",
    "prices": [
      {
        "state": "NT",
        "price": "1100",
        "price_per_unit": "220",
        "price_unit": "G"
      }
    ]
  },
  {
    "source_url": "https://www.woolworths.com.au/shop/productdetails/226684/delta-chicco-d-oro-ground-coffee",
    "name": "Delta Chicco D'Oro Ground Coffee 1kg",
    "image_url": "https://cdn1.woolworths.media/content/wowproductimages/large/226684.jpg",
    "source_id": "Woolworths - 226684",
    "barcode": "9310631620272",
    "category_id": "1_39FD49C",
    "shop": "Woolworths",
    "weight": "100G",
    "prices": [
      {
        "state": "NT",
        "price": "1700",
        "price_per_unit": "170",
        "price_unit": "G"
      }
    ]
  }
]