[
  {
    "source_url": "https://www.woolworths.com.au/shop/productdetails/37679/csr-brown-sugar",
    "name": "CSR Brown Sugar 1kg",
    "image_url": "https://cdn1.woolworths.media/content/wowproductimages/large/037679.jpg",
    "source_id": "Woolworths - 37679",
    "barcode": "9313010000801",
    "category_id": "1_39FD49C",
    "shop": "Woolworths",
    "weight": "100G",
    "prices": [
      {
        "state": "NSW",
        "price": "490",
        "price_per_unit": "49",
        "price_unit": "G"
      },
      {
        "state": "VIC",
        "price": "490",
        "price_per_unit": "49",
        "price_unit": "G"
      },
      {
        "state": "QLD",
        "price": "490",
        "price_per_unit": "49",
        "price_unit": "G"
      },
      {
        "state": "WA",
        "price": "490",
        "price_per_unit": "49",
        "price_unit": "G"
      },
      {
        "state": "SA",
        "price": "490",
        "price_per_unit": "49",
        "price_unit": "G"
      },
      {
        "state": "TAS",
        "price": "490",
        "price_per_unit": "49",
        "price_unit": "G"
      },
      {
        "state": "ACT",
        "price": "490",
        "price_per_unit": "49",
        "price_unit": "G"
      },
      {
        "state": "NT",
        "price": "490",
        "price_per_unit": "49",
        "price_unit": "G"
      }
    ]
  },
  {
    "source_url": "https://www.woolworths.com.au/shop/productdetails/33142/csr-brown-sugar",
    "name": "CSR Brown Sugar 500g",
    "image_url": "https://cdn1.woolworths.media/content/wowproductimages/large/033142.jpg",
    "source_id": "Woolworths - 33142",
    "barcode": "9313010000818",
    "category_id": "1_39FD49C",
    "shop": "Woolworths",
    "weight": "100G",
    "prices": [
      {
        "state": "NSW",
        "price": "250",
        "price_per_unit": "50",
        "price_unit": "G"
      },
      {
        "state": "VIC",
        "price": "250",
        "price_per_unit": "50",
        "price_unit": "G"
      },
      {
        "state": "QLD",
        "price": "250",
        "price_per_unit": "50",
        "price_unit": "G"
      },
      {
        "state": "WA",
        "price": "250",
        "price_per_unit": "50",
        "price_unit": "G"
      },
      {
        "state": "SA",
        "price": "250",
        "price_per_unit": "50",
        "price_unit": "G"
      },
      {
        "state": "TAS",
        "price": "250",
        "price_per_unit": "50",
        "price_unit": "G"
      },
      {
        "state": "ACT",
        "price": "250",
        "price_per_unit": "50",
        "price_unit": "G"
      },
      {
        "state": "NT",
        "price": "250",
        "price_per_unit": "50",
        "price_unit": "G"
      }
    ]
  },
  {
    "source_url": "https://www.woolworths.com.au/shop/productdetails/38022/csr-caster-sugar",
    "name": "CSR Caster Sugar 1kg",
    "image_url": "https://cdn1.woolworths.media/content/wowproductimages/large/038022.jpg",
    "source_id": "Woolworths - 38022",
    "barcode": "9313010102543",
    "category_id": "1_39FD49C",
    "shop": "Woolworths",
    "weight": "100G",
    "prices": [
      {
        "state": "NSW",
        "price": "350",
        "price_per_unit": "35",
        "price_unit": "G"
      },
      {
        "state": "VIC",
        "price": "350",
        "price_per_unit": "35",
        "price_unit": "G"
      },
      {
        "state": "WA",
        "price": "350",
        "price_per_unit": "35",
        "price_unit": "G"
      },
      {
        "state": "SA",
        "price": "350",
        "price_per_unit": "35",
        "price_unit": "G"
      },
      {
        "state": "TAS",
        "price": "350",
        "price_per_unit": "35",
        "price_unit": "G"
      },
      {
        "state": "NT",
        "price": "350",
        "price_per_unit": "35",
        "price_unit": "G"
      }
    ]
  },
  {
    "source_url": "https://www.woolworths.com.au/shop/productdetails/33144/csr-caster-sugar",
    "name": "CSR Caster Sugar 500g",
    "image_url": "https://cdn1.woolworths.media/content/wowproductimages/large/033144.jpg",
    "source_id": "Woolworths - 33144",
    "barcode": "9313010000092",
    "category_id": "1_39FD49C",
    "shop": "Woolworths",
    "weight": "100G",
    "prices": [
      {
        "state": "NSW",
        "price": "200",
        "price_per_unit": "40",
        "price_unit": "G"
      },
      {
        "state": "VIC",
        "price": "200",
        "price_per_unit": "40",
        "price_unit": "G"
      },
      {
        "state": "QLD",
        "price": "200",
        "price_per_unit": "40",
        "price_unit": "G"
      },
      {
        "state": "WA",
        "price": "200",
        "price_per_unit": "40",
        "price_unit": "G"
      },
      {
        "state": "SA",
        "price": "200",
        "price_per_unit": "40",
        "price_unit": "G"
      },
      {
        "state": "TAS",
        "price": "200",
        "price_per_unit": "40",
        "price_unit": "G"
      },
      {
        "state": "ACT",
        "price": "200",
        "price_per_unit": "40",
        "price_unit": "G"
      },
      {
        "state": "NT",
        "price": "200",
        "price_per_unit": "40",
        "price_unit": "G"
      }
    ]
  },
  {
    "source_url": "https://www.woolworths.com.au/shop/productdetails/92491/csr-golden-syrup-squeeze",
    "name": "CSR Golden Syrup Squeeze 500g",
    "image_url": "https://cdn1.woolworths.media/content/wowproductimages/large/092491.jpg",
    "source_id": "Woolworths - 92491",
    "barcode": "9313010121568",
    "category_id": "1_39FD49C",
    "shop": "Woolworths",
    "weight": "100G",
    "prices": [
      {
        "state": "NSW",
        "price": "450",
        "price_per_unit": "90",
        "price_unit": "G"
      },
      {
        "state": "VIC",
        "price": "450",
        "price_per_unit": "90",
        "price_unit": "G"
      },
      {
        "state": "QLD",
        "price": "450",
        "price_per_unit": "90",
        "price_unit": "G"
      },
      {
        "state": "WA",
        "price": "450",
        "price_per_unit": "90",
        "price_unit": "G"
      },
      {
        "state": "SA",
        "price": "450",
        "price_per_unit": "90",
        "price_unit": "G"
      },
      {
        "state": "TAS",
        "price": "450",
        "price_per_unit": "90",
        "price_unit": "G"
      },
      {
        "state": "ACT",
        "price": "450",
        "price_per_unit": "90",
        "price_unit": "G"
      },
      {
        "state": "NT",
        "price": "455",
        "price_per_unit": "91",
        "price_unit": "G"
      }
    ]
  },
  {
    "source_url": "https://www.woolworths.com.au/shop/productdetails/71487/csr-icing-sugar-pure",
    "name": "CSR Icing Sugar Pure 500g",
    "image_url": "https://cdn1.woolworths.media/content/wowproductimages/large/071487.jpg",
    "source_id": "Woolworths - 71487",
    "barcode": "9313010000771",
    "category_id": "1_39FD49C",
    "shop": "Woolworths",
    "weight": "100G",
    "prices": [
      {
        "state": "NSW",
        "price": "250",
        "price_per_unit": "50",
        "price_unit": "G"
      },
      {
        "state": "VIC",
        "price": "250",
        "price_per_unit": "50",
        "price_unit": "G"
      },
      {
        "state": "QLD",
        "price": "250",
        "price_per_unit": "50",
        "price_unit": "G"
      },
      {
        "state": "WA",
        "price": "250",
        "price_per_unit": "50",
        "price_unit": "G"
      },
      {
        "state": "SA",
        "price": "250",
        "price_per_unit": "50",
        "price_unit": "G"
      },
      {
        "state": "TAS",
        "price": "250",
        "price_per_unit": "50",
        "price_unit": "G"
      },
      {
        "state": "ACT",
        "price": "250",
        "price_per_unit": "50",
        "price_unit": "G"
      },
      {
        "state": "NT",
        "price": "250",
        "price_per_unit": "50",
        "price_unit": "G"
      }
    ]
  },
  {
    "source_url": "https://www.woolworths.com.au/shop/productdetails/96253/csr-icing-sugar-soft-mixture",
    "name": "CSR Icing Sugar Soft Mixture 1kg",
    "image_url": "https://cdn1.woolworths.media/content/wowproductimages/large/096253.jpg",
    "source_id": "Woolworths - 96253",
    "barcode": "9313010000764",
    "category_id": "1_39FD49C",
    "shop": "Woolworths",
    "weight": "100G",
    "prices": [
      {
        "state": "NSW",
        "price": "500",
        "price_per_unit": "50",
        "price_unit": "G"
      },
      {
        "state": "VIC",
        "price": "500",
        "price_per_unit": "50",
        "price_unit": "G"
      },
      {
        "state": "QLD",
        "price": "500",
        "price_per_unit": "50",
        "price_unit": "G"
      },
      {
        "state": "WA",
        "price": "500",
        "price_per_unit": "50",
        "price_unit": "G"
      },
      {
        "state": "SA",
        "price": "500",
        "price_per_unit": "50",
        "price_unit": "G"
      },
      {
        "state": "TAS",
        "price": "500",
        "price_per_unit": "50",
        "price_unit": "G"
      },
      {
        "state": "ACT",
        "price": "500",
        "price_per_unit": "50",
        "price_unit": "G"
      },
      {
        "state": "NT",
        "price": "500",
        "price_per_unit": "50",
        "price_unit": "G"
      }
    ]
  },
  {
    "source_url": "https://www.woolworths.com.au/shop/productdetails/71488/csr-icing-sugar-soft-mixture",
    "name": "CSR Icing Sugar Soft Mixture 500g",
    "image_url": "https://cdn1.woolworths.media/content/wowproductimages/large/071488.jpg",
    "source_id": "Woolworths - 71488",
    "barcode": "9313010000757",
    "category_id": "1_39FD49C",
    "shop": "Woolworths",
    "weight": "100G",
    "prices": [
      {
        "state": "NSW",
        "price": "250",
        "price_per_unit": "50",
        "price_unit": "G"
      },
      {
        "state": "VIC",
        "price": "250",
        "price_per_unit": "50",
        "price_unit": "G"
      },
      {
        "state": "QLD",
        "price": "250",
        "price_per_unit": "50",
        "price_unit": "G"
      },
      {
        "state": "WA",
        "price": "250",
        "price_per_unit": "50",
        "price_unit": "G"
      },
      {
        "state": "SA",
        "price": "250",
        "price_per_unit": "50",
        "price_unit": "G"
      },
      {
        "state": "TAS",
        "price": "250",
        "price_per_unit": "50",
        "price_unit": "G"
      },
      {
        "state": "ACT",
        "price": "250",
        "price_per_unit": "50",
        "price_unit": "G"
      },
      {
        "state": "NT",
        "price": "250",
        "price_per_unit": "50",
        "price_unit": "G"
      }
    ]
  },
  {
    "source_url": "https://www.woolworths.com.au/shop/productdetails/36630/csr-raw-sugar",
    "name": "CSR Raw Sugar 1kg",
    "image_url": "https://cdn1.woolworths.media/content/wowproductimages/large/036630.jpg",
    "source_id": "Woolworths - 36630",
    "barcode": "9313010000689",
    "category_id": "1_39FD49C",
    "shop": "Woolworths",
    "weight": "100G",
    "prices": [
      {
        "state": "NSW",
        "price": "320",
        "price_per_unit": "32",
        "price_unit": "G"
      },
      {
        "state": "VIC",
        "price": "320",
        "price_per_unit": "32",
        "price_unit": "G"
      },
      {
        "state": "QLD",
        "price": "320",
        "price_per_unit": "32",
        "price_unit": "G"
      },
      {
        "state": "WA",
        "price": "320",
        "price_per_unit": "32",
        "price_unit": "G"
      },
      {
        "state": "SA",
        "price": "320",
        "price_per_unit": "32",
        "price_unit": "G"
      },
      {
        "state": "TAS",
        "price": "320",
        "price_per_unit": "32",
        "price_unit": "G"
      },
      {
        "state": "ACT",
        "price": "320",
        "price_per_unit": "32",
        "price_unit": "G"
      },
      {
        "state": "NT",
        "price": "320",
        "price_per_unit": "32",
        "price_unit": "G"
      }
    ]
  },
  {
    "source_url": "https://www.woolworths.com.au/shop/productdetails/37391/csr-raw-sugar",
    "name": "CSR Raw Sugar 2kg",
    "image_url": "https://cdn1.woolworths.media/content/wowproductimages/large/037391.jpg",
    "source_id": "Woolworths - 37391",
    "barcode": "9313010116816",
    "category_id": "1_39FD49C",
    "shop": "Woolworths",
    "weight": "100G",
    "prices": [
      {
        "state": "NSW",
        "price": "500",
        "price_per_unit": "25",
        "price_unit": "G"
      },
      {
        "state": "VIC",
        "price": "500",
        "price_per_unit": "25",
        "price_unit": "G"
      },
      {
        "state": "QLD",
        "price": "500",
        "price_per_unit": "25",
        "price_unit": "G"
      },
      {
        "state": "WA",
        "price": "500",
        "price_per_unit": "25",
        "price_unit": "G"
      },
      {
        "state": "SA",
        "price": "500",
        "price_per_unit": "25",
        "price_unit": "G"
      },
      {
        "state": "TAS",
        "price": "500",
        "price_per_unit": "25",
        "price_unit": "G"
      },
      {
        "state": "ACT",
        "price": "500",
        "price_per_unit": "25",
        "price_unit": "G"
      },
      {
        "state": "NT",
        "price": "500",
        "price_per_unit": "25",
        "price_unit": "G"
      }
    ]
  },
  {
    "source_url": "https://www.woolworths.com.au/shop/productdetails/68468/csr-raw-sugar",
    "name": "CSR Raw Sugar 500g",
    "image_url": "https://cdn1.woolworths.media/content/wowproductimages/large/068468.jpg",
    "source_id": "Woolworths - 68468",
    "barcode": "9313010002485",
    "category_id": "1_39FD49C",
    "shop": "Woolworths",
    "weight": "100G",
    "prices": [
      {
        "state": "NSW",
        "price": "200",
        "price_per_unit": "40",
        "price_unit": "G"
      },
      {
        "state": "VIC",
        "price": "200",
        "price_per_unit": "40",
        "price_unit": "G"
      },
      {
        "state": "QLD",
        "price": "200",
        "price_per_unit": "40",
        "price_unit": "G"
      },
      {
        "state": "WA",
        "price": "200",
        "price_per_unit": "40",
        "price_unit": "G"
      },
      {
        "state": "SA",
        "price": "200",
        "price_per_unit": "40",
        "price_unit": "G"
      },
      {
        "state": "TAS",
        "price": "200",
        "price_per_unit": "40",
        "price_unit": "G"
      },
      {
        "state": "ACT",
        "price": "200",
        "price_per_unit": "40",
        "price_unit": "G"
      },
      {
        "state": "NT",
        "price": "200",
        "price_per_unit": "40",
        "price_unit": "G"
      }
    ]
  },
  {
    "source_url": "https://www.woolworths.com.au/shop/productdetails/33156/csr-white-sugar",
    "name": "CSR White Sugar 1kg",
    "image_url": "https://cdn1.woolworths.media/content/wowproductimages/large/033156.jpg",
    "source_id": "Woolworths - 33156",
    "barcode": "9313010101607",
    "category_id": "1_39FD49C",
    "shop": "Woolworths",
    "weight": "100G",
    "prices": [
      {
        "state": "NSW",
        "price": "260",
        "price_per_unit": "26",
        "price_unit": "G"
      },
      {
        "state": "VIC",
        "price": "260",
        "price_per_unit": "26",
        "price_unit": "G"
      },
      {
        "state": "QLD",
        "price": "260",
        "price_per_unit": "26",
        "price_unit": "G"
      },
      {
        "state": "WA",
        "price": "260",
        "price_per_unit": "26",
        "price_unit": "G"
      },
      {
        "state": "SA",
        "price": "260",
        "price_per_unit": "26",
        "price_unit": "G"
      },
      {
        "state": "TAS",
        "price": "260",
        "price_per_unit": "26",
        "price_unit": "G"
      },
      {
        "state": "ACT",
        "price": "260",
        "price_per_unit": "26",
        "price_unit": "G"
      },
      {
        "state": "NT",
        "price": "260",
        "price_per_unit": "26",
        "price_unit": "G"
      }
    ]
  },
  {
    "source_url": "https://www.woolworths.com.au/shop/productdetails/720342/essentials-brown-sugar",
    "name": "Essentials Brown Sugar 1kg",
    "image_url": "https://cdn1.woolworths.media/content/wowproductimages/large/720342.jpg",
    "source_id": "Woolworths - 720342",
    "barcode": "9300633289386",
    "category_id": "1_39FD49C",
    "shop": "Woolworths",
    "weight": "100G",
    "prices": [
      {
        "state": "NSW",
        "price": "330",
        "price_per_unit": "33",
        "price_unit": "G"
      },
      {
        "state": "VIC",
        "price": "330",
        "price_per_unit": "33",
        "price_unit": "G"
      },
      {
        "state": "QLD",
        "price": "330",
        "price_per_unit": "33",
        "price_unit": "G"
      },
      {
        "state": "WA",
        "price": "330",
        "price_per_unit": "33",
        "price_unit": "G"
      },
      {
        "state": "SA",
        "price": "330",
        "price_per_unit": "33",
        "price_unit": "G"
      },
      {
        "state": "TAS",
        "price": "330",
        "price_per_unit": "33",
        "price_unit": "G"
      },
      {
        "state": "ACT",
        "price": "330",
        "price_per_unit": "33",
        "price_unit": "G"
      },
      {
        "state": "NT",
        "price": "330",
        "price_per_unit": "33",
        "price_unit": "G"
      }
    ]
  },
  {
    "source_url": "https://www.woolworths.com.au/shop/productdetails/720343/essentials-caster-sugar",
    "name": "Essentials Caster Sugar 1kg",
    "image_url": "https://cdn1.woolworths.media/content/wowproductimages/large/720343.jpg",
    "source_id": "Woolworths - 720343",
    "barcode": "9300633289485",
    "category_id": "1_39FD49C",
    "shop": "Woolworths",
    "weight": "100G",
    "prices": [
      {
        "state": "NSW",
        "price": "220",
        "price_per_unit": "22",
        "price_unit": "G"
      },
      {
        "state": "VIC",
        "price": "220",
        "price_per_unit": "22",
        "price_unit": "G"
      },
      {
        "state": "QLD",
        "price": "220",
        "price_per_unit": "22",
        "price_unit": "G"
      },
      {
        "state": "WA",
        "price": "220",
        "price_per_unit": "22",
        "price_unit": "G"
      },
      {
        "state": "SA",
        "price": "220",
        "price_per_unit": "22",
        "price_unit": "G"
      },
      {
        "state": "TAS",
        "price": "220",
        "price_per_unit": "22",
        "price_unit": "G"
      },
      {
        "state": "ACT",
        "price": "220",
        "price_per_unit": "22",
        "price_unit": "G"
      },
      {
        "state": "NT",
        "price": "220",
        "price_per_unit": "22",
        "price_unit": "G"
      }
    ]
  },
  {
    "source_url": "https://www.woolworths.com.au/shop/productdetails/115632/essentials-icing-sugar-mixture",
    "name": "Essentials Icing Sugar Mixture 1kg",
    "image_url": "https://cdn1.woolworths.media/content/wowproductimages/large/115632.jpg",
    "source_id": "Woolworths - 115632",
    "barcode": "9300633372149",
    "category_id": "1_39FD49C",
    "shop": "Woolworths",
    "weight": "100G",
    "prices": [
      {
        "state": "NSW",
        "price": "395",
        "price_per_unit": "40",
        "price_unit": "G"
      },
      {
        "state": "VIC",
        "price": "395",
        "price_per_unit": "40",
        "price_unit": "G"
      },
      {
        "state": "QLD",
        "price": "395",
        "price_per_unit": "40",
        "price_unit": "G"
      },
      {
        "state": "WA",
        "price": "395",
        "price_per_unit": "40",
        "price_unit": "G"
      },
      {
        "state": "SA",
        "price": "395",
        "price_per_unit": "40",
        "price_unit": "G"
      },
      {
        "state": "TAS",
        "price": "395",
        "price_per_unit": "40",
        "price_unit": "G"
      },
      {
        "state": "ACT",
        "price": "395",
        "price_per_unit": "40",
        "price_unit": "G"
      },
      {
        "state": "NT",
        "price": "395",
        "price_per_unit": "40",
        "price_unit": "G"
      }
    ]
  },
  {
    "source_url": "https://www.woolworths.com.au/shop/productdetails/18169/essentials-raw-sugar",
    "name": "Essentials Raw Sugar 1kg",
    "image_url": "https://cdn1.woolworths.media/content/wowproductimages/large/018169.jpg",
    "source_id": "Woolworths - 18169",
    "barcode": "9300633181697",
    "category_id": "1_39FD49C",
    "shop": "Woolworths",
    "weight": "100G",
    "prices": [
      {
        "state": "NSW",
        "price": "180",
        "price_per_unit": "18",
        "price_unit": "G"
      },
      {
        "state": "VIC",
        "price": "180",
        "price_per_unit": "18",
        "price_unit": "G"
      },
      {
        "state": "QLD",
        "price": "180",
        "price_per_unit": "18",
        "price_unit": "G"
      },
      {
        "state": "WA",
        "price": "180",
        "price_per_unit": "18",
        "price_unit": "G"
      },
      {
        "state": "SA",
        "price": "180",
        "price_per_unit": "18",
        "price_unit": "G"
      },
      {
        "state": "TAS",
        "price": "180",
        "price_per_unit": "18",
        "price_unit": "G"
      },
      {
        "state": "ACT",
        "price": "180",
        "price_per_unit": "18",
        "price_unit": "G"
      },
      {
        "state": "NT",
        "price": "180",
        "price_per_unit": "18",
        "price_unit": "G"
      }
    ]
  },
  {
    "source_url": "https://www.woolworths.com.au/shop/productdetails/58537/essentials-white-sugar",
    "name": "Essentials White Sugar 1kg",
    "image_url": "https://cdn1.woolworths.media/content/wowproductimages/large/058537.jpg",
    "source_id": "Woolworths - 58537",
    "barcode": "9300633127114",
    "category_id": "1_39FD49C",
    "shop": "Woolworths",
    "weight": "100G",
    "prices": [
      {
        "state": "NSW",
        "price": "180",
        "price_per_unit": "18",
        "price_unit": "G"
      },
      {
        "state": "VIC",
        "price": "180",
        "price_per_unit": "18",
        "price_unit": "G"
      },
      {
        "state": "QLD",
        "price": "180",
        "price_per_unit": "18",
        "price_unit": "G"
      },
      {
        "state": "WA",
        "price": "180",
        "price_per_unit": "18",
        "price_unit": "G"
      },
      {
        "state": "SA",
        "price": "180",
        "price_per_unit": "18",
        "price_unit": "G"
      },
      {
        "state": "TAS",
        "price": "180",
        "price_per_unit": "18",
        "price_unit": "G"
      },
      {
        "state": "ACT",
        "price": "180",
        "price_per_unit": "18",
        "price_unit": "G"
      },
      {
        "state": "NT",
        "price": "180",
        "price_per_unit": "18",
        "price_unit": "G"
      }
    ]
  },
  {
    "source_url": "https://www.woolworths.com.au/shop/productdetails/33155/csr-brown-sugar-coffee-crystals",
    "name": "CSR Brown Sugar Coffee Crystals 500g",
    "image_url": "https://cdn1.woolworths.media/content/wowproductimages/large/033155.jpg",
    "source_id": "Woolworths - 33155",
    "barcode": "9313010114638",
    "category_id": "1_39FD49C",
    "shop": "Woolworths",
    "weight": "100G",
    "prices": [
      {
        "state": "VIC",
        "price": "345",
        "price_per_unit": "69",
        "price_unit": "G"
      },
      {
        "state": "QLD",
        "price": "345",
        "price_per_unit": "69",
        "price_unit": "G"
      },
      {
        "state": "WA",
        "price": "345",
        "price_per_unit": "69",
        "price_unit": "G"
      },
      {
        "state": "SA",
        "price": "345",
        "price_per_unit": "69",
        "price_unit": "G"
      },
      {
        "state": "TAS",
        "price": "345",
        "price_per_unit": "69",
        "price_unit": "G"
      },
      {
        "state": "ACT",
        "price": "345",
        "price_per_unit": "69",
        "price_unit": "G"
      },
      {
        "state": "NT",
        "price": "345",
        "price_per_unit": "69",
        "price_unit": "G"
      }
    ]
  },
  {
    "source_url": "https://www.woolworths.com.au/shop/productdetails/37736/csr-brown-sugar-dark",
    "name": "CSR Brown Sugar Dark 1kg",
    "image_url": "https://cdn1.woolworths.media/content/wowproductimages/large/037736.jpg",
    "source_id": "Woolworths - 37736",
    "barcode": "9313010103663",
    "category_id": "1_39FD49C",
    "shop": "Woolworths",
    "weight": "100G",
    "prices": [
      {
        "state": "VIC",
        "price": "460",
        "price_per_unit": "46",
        "price_unit": "G"
      },
      {
        "state": "QLD",
        "price": "460",
        "price_per_unit": "46",
        "price_unit": "G"
      },
      {
        "state": "WA",
        "price": "460",
        "price_per_unit": "46",
        "price_unit": "G"
      },
      {
        "state": "SA",
        "price": "460",
        "price_per_unit": "46",
        "price_unit": "G"
      },
      {
        "state": "TAS",
        "price": "460",
        "price_per_unit": "46",
        "price_unit": "G"
      },
      {
        "state": "ACT",
        "price": "460",
        "price_per_unit": "46",
        "price_unit": "G"
      },
      {
        "state": "NT",
        "price": "460",
        "price_per_unit": "46",
        "price_unit": "G"
      }
    ]
  },
  {
    "source_url": "https://www.woolworths.com.au/shop/productdetails/364085/csr-caster-sugar-raw",
    "name": "CSR Caster Sugar Raw 750g",
    "image_url": "https://cdn1.woolworths.media/content/wowproductimages/large/364085.jpg",
    "source_id": "Woolworths - 364085",
    "barcode": "9313010001198",
    "category_id": "1_39FD49C",
    "shop": "Woolworths",
    "weight": "100G",
    "prices": [
      {
        "state": "VIC",
        "price": "350",
        "price_per_unit": "47",
        "price_unit": "G"
      },
      {
        "state": "QLD",
        "price": "350",
        "price_per_unit": "47",
        "price_unit": "G"
      },
      {
        "state": "WA",
        "price": "350",
        "price_per_unit": "47",
        "price_unit": "G"
      },
      {
        "state": "SA",
        "price": "350",
        "price_per_unit": "47",
        "price_unit": "G"
      },
      {
        "state": "TAS",
        "price": "350",
        "price_per_unit": "47",
        "price_unit": "G"
      },
      {
        "state": "ACT",
        "price": "350",
        "price_per_unit": "47",
        "price_unit": "G"
      },
      {
        "state": "NT",
        "price": "350",
        "price_per_unit": "47",
        "price_unit": "G"
      }
    ]
  },
  {
    "source_url": "https://www.woolworths.com.au/shop/productdetails/659256/csr-dark-muscovado-sugar",
    "name": "CSR Dark Muscovado Sugar 250g",
    "image_url": "https://cdn1.woolworths.media/content/wowproductimages/large/659256.jpg",
    "source_id": "Woolworths - 659256",
    "barcode": "9313010001143",
    "category_id": "1_39FD49C",
    "shop": "Woolworths",
    "weight": "100G",
    "prices": [
      {
        "state": "VIC",
        "price": "400",
        "price_per_unit": "160",
        "price_unit": "G"
      },
      {
        "state": "QLD",
        "price": "400",
        "price_per_unit": "160",
        "price_unit": "G"
      },
      {
        "state": "WA",
        "price": "400",
        "price_per_unit": "160",
        "price_unit": "G"
      },
      {
        "state": "SA",
        "price": "400",
        "price_per_unit": "160",
        "price_unit": "G"
      },
      {
        "state": "TAS",
        "price": "400",
        "price_per_unit": "160",
        "price_unit": "G"
      },
      {
        "state": "ACT",
        "price": "400",
        "price_per_unit": "160",
        "price_unit": "G"
      },
      {
        "state": "NT",
        "price": "400",
        "price_per_unit": "160",
        "price_unit": "G"
      }
    ]
  },
  {
    "source_url": "https://www.woolworths.com.au/shop/productdetails/86973/csr-demerara-sugar",
    "name": "CSR Demerara Sugar 375g",
    "image_url": "https://cdn1.woolworths.media/content/wowproductimages/large/086973.jpg",
    "source_id": "Woolworths - 86973",
    "barcode": "9313010116397",
    "category_id": "1_39FD49C",
    "shop": "Woolworths",
    "weight": "100G",
    "prices": [
      {
        "state": "VIC",
        "price": "300",
        "price_per_unit": "80",
        "price_unit": "G"
      },
      {
        "state": "QLD",
        "price": "300",
        "price_per_unit": "80",
        "price_unit": "G"
      },
      {
        "state": "WA",
        "price": "300",
        "price_per_unit": "80",
        "price_unit": "G"
      },
      {
        "state": "SA",
        "price": "300",
        "price_per_unit": "80",
        "price_unit": "G"
      },
      {
        "state": "TAS",
        "price": "300",
        "price_per_unit": "80",
        "price_unit": "G"
      },
      {
        "state": "ACT",
        "price": "300",
        "price_per_unit": "80",
        "price_unit": "G"
      },
      {
        "state": "NT",
        "price": "300",
        "price_per_unit": "80",
        "price_unit": "G"
      }
    ]
  },
  {
    "source_url": "https://www.woolworths.com.au/shop/productdetails/98328/csr-golden-syrup",
    "name": "CSR Golden Syrup 850g",
    "image_url": "https://cdn1.woolworths.media/content/wowproductimages/large/098328.jpg",
    "source_id": "Woolworths - 98328",
    "barcode": "9313010121520",
    "category_id": "1_39FD49C",
    "shop": "Woolworths",
    "weight": "100G",
    "prices": [
      {
        "state": "VIC",
        "price": "600",
        "price_per_unit": "71",
        "price_unit": "G"
      },
      {
        "state": "QLD",
        "price": "600",
        "price_per_unit": "71",
        "price_unit": "G"
      },
      {
        "state": "WA",
        "price": "600",
        "price_per_unit": "71",
        "price_unit": "G"
      },
      {
        "state": "SA",
        "price": "600",
        "price_per_unit": "71",
        "price_unit": "G"
      },
      {
        "state": "TAS",
        "price": "600",
        "price_per_unit": "71",
        "price_unit": "G"
      },
      {
        "state": "ACT",
        "price": "600",
        "price_per_unit": "71",
        "price_unit": "G"
      },
      {
        "state": "NT",
        "price": "600",
        "price_per_unit": "71",
        "price_unit": "G"
      }
    ]
  },
  {
    "source_url": "https://www.woolworths.com.au/shop/productdetails/93700/csr-original-treacle",
    "name": "CSR Original Treacle 850g",
    "image_url": "https://cdn1.woolworths.media/content/wowproductimages/large/093700.jpg",
    "source_id": "Woolworths - 93700",
    "barcode": "9313010119930",
    "category_id": "1_39FD49C",
    "shop": "Woolworths",
    "weight": "100G",
    "prices": [
      {
        "state": "VIC",
        "price": "600",
        "price_per_unit": "71",
        "price_unit": "G"
      },
      {
        "state": "QLD",
        "price": "600",
        "price_per_unit": "71",
        "price_unit": "G"
      },
      {
        "state": "WA",
        "price": "600",
        "price_per_unit": "71",
        "price_unit": "G"
      },
      {
        "state": "SA",
        "price": "600",
        "price_per_unit": "71",
        "price_unit": "G"
      },
      {
        "state": "TAS",
        "price": "600",
        "price_per_unit": "71",
        "price_unit": "G"
      },
      {
        "state": "ACT",
        "price": "600",
        "price_per_unit": "71",
        "price_unit": "G"
      },
      {
        "state": "NT",
        "price": "600",
        "price_per_unit": "71",
        "price_unit": "G"
      }
    ]
  },
  {
    "source_url": "https://www.woolworths.com.au/shop/productdetails/498331/csr-raw-sugar-sticks",
    "name": "CSR Raw Sugar Sticks 50 Pack 150g",
    "image_url": "https://cdn1.woolworths.media/content/wowproductimages/large/498331.jpg",
    "source_id": "Woolworths - 498331",
    "barcode": "9313010001075",
    "category_id": "1_39FD49C",
    "shop": "Woolworths",
    "weight": "100G",
    "prices": [
      {
        "state": "VIC",
        "price": "310",
        "price_per_unit": "207",
        "price_unit": "G"
      },
      {
        "state": "QLD",
        "price": "310",
        "price_per_unit": "207",
        "price_unit": "G"
      },
      {
        "state": "WA",
        "price": "310",
        "price_per_unit": "207",
        "price_unit": "G"
      },
      {
        "state": "SA",
        "price": "310",
        "price_per_unit": "207",
        "price_unit": "G"
      },
      {
        "state": "TAS",
        "price": "310",
        "price_per_unit": "207",
        "price_unit": "G"
      },
      {
        "state": "ACT",
        "price": "310",
        "price_per_unit": "207",
        "price_unit": "G"
      },
      {
        "state": "NT",
        "price": "310",
        "price_per_unit": "207",
        "price_unit": "G"
      }
    ]
  },
  {
    "source_url": "https://www.woolworths.com.au/shop/productdetails/720458/csr-specialty-sugar-jam-setting",
    "name": "CSR Specialty Sugar Jam Setting 500g",
    "image_url": "https://cdn1.woolworths.media/content/wowproductimages/large/720458.jpg",
    "source_id": "Woolworths - 720458",
    "barcode": "9313010000498",
    "category_id": "1_39FD49C",
    "shop": "Woolworths",
    "weight": "100G",
    "prices": [
      {
        "state": "VIC",
        "price": "300",
        "price_per_unit": "60",
        "price_unit": "G"
      },
      {
        "state": "QLD",
        "price": "300",
        "price_per_unit": "60",
        "price_unit": "G"
      },
      {
        "state": "WA",
        "price": "300",
        "price_per_unit": "60",
        "price_unit": "G"
      },
      {
        "state": "SA",
        "price": "300",
        "price_per_unit": "60",
        "price_unit": "G"
      },
      {
        "state": "TAS",
        "price": "300",
        "price_per_unit": "60",
        "price_unit": "G"
      },
      {
        "state": "ACT",
        "price": "300",
        "price_per_unit": "60",
        "price_unit": "G"
      },
      {
        "state": "NT",
        "price": "300",
        "price_per_unit": "60",
        "price_unit": "G"
      }
    ]
  },
  {
    "source_url": "https://www.woolworths.com.au/shop/productdetails/659255/csr-unrefined-coconut-sugar",
    "name": "CSR Unrefined Coconut Sugar 250g",
    "image_url": "https://cdn1.woolworths.media/content/wowproductimages/large/659255.jpg",
    "source_id": "Woolworths - 659255",
    "barcode": "9313010001051",
    "category_id": "1_39FD49C",
    "shop": "Woolworths",
    "weight": "100G",
    "prices": [
      {
        "state": "VIC",
        "price": "400",
        "price_per_unit": "160",
        "price_unit": "G"
      },
      {
        "state": "QLD",
        "price": "400",
        "price_per_unit": "160",
        "price_unit": "G"
      },
      {
        "state": "WA",
        "price": "400",
        "price_per_unit": "160",
        "price_unit": "G"
      },
      {
        "state": "SA",
        "price": "400",
        "price_per_unit": "160",
        "price_unit": "G"
      },
      {
        "state": "TAS",
        "price": "400",
        "price_per_unit": "160",
        "price_unit": "G"
      },
      {
        "state": "ACT",
        "price": "400",
        "price_per_unit": "160",
        "price_unit": "G"
      },
      {
        "state": "NT",
        "price": "420",
        "price_per_unit": "168",
        "price_unit": "G"
      }
    ]
  },
  {
    "source_url": "https://www.woolworths.com.au/shop/productdetails/33157/csr-white-sugar",
    "name": "CSR White Sugar 2kg",
    "image_url": "https://cdn1.woolworths.media/content/wowproductimages/large/033157.jpg",
    "source_id": "Woolworths - 33157",
    "barcode": "9313010101621",
    "category_id": "1_39FD49C",
    "shop": "Woolworths",
    "weight": "100G",
    "prices": [
      {
        "state": "VIC",
        "price": "400",
        "price_per_unit": "20",
        "price_unit": "G"
      },
      {
        "state": "QLD",
        "price": "400",
        "price_per_unit": "20",
        "price_unit": "G"
      },
      {
        "state": "WA",
        "price": "400",
        "price_per_unit": "20",
        "price_unit": "G"
      },
      {
        "state": "SA",
        "price": "400",
        "price_per_unit": "20",
        "price_unit": "G"
      },
      {
        "state": "TAS",
        "price": "400",
        "price_per_unit": "20",
        "price_unit": "G"
      },
      {
        "state": "ACT",
        "price": "400",
        "price_per_unit": "20",
        "price_unit": "G"
      },
      {
        "state": "NT",
        "price": "400",
        "price_per_unit": "20",
        "price_unit": "G"
      }
    ]
  },
  {
    "source_url": "https://www.woolworths.com.au/shop/productdetails/335936/csr-white-sugar",
    "name": "CSR White Sugar 500g",
    "image_url": "https://cdn1.woolworths.media/content/wowproductimages/large/335936.jpg",
    "source_id": "Woolworths - 335936",
    "barcode": "9313010125276",
    "category_id": "1_39FD49C",
    "shop": "Woolworths",
    "weight": "100G",
    "prices": [
      {
        "state": "VIC",
        "price": "195",
        "price_per_unit": "39",
        "price_unit": "G"
      },
      {
        "state": "QLD",
        "price": "195",
        "price_per_unit": "39",
        "price_unit": "G"
      },
      {
        "state": "WA",
        "price": "195",
        "price_per_unit": "39",
        "price_unit": "G"
      },
      {
        "state": "SA",
        "price": "195",
        "price_per_unit": "39",
        "price_unit": "G"
      },
      {
        "state": "TAS",
        "price": "195",
        "price_per_unit": "39",
        "price_unit": "G"
      },
      {
        "state": "ACT",
        "price": "195",
        "price_per_unit": "39",
        "price_unit": "G"
      },
      {
        "state": "NT",
        "price": "195",
        "price_per_unit": "39",
        "price_unit": "G"
      }
    ]
  },
  {
    "source_url": "https://www.woolworths.com.au/shop/productdetails/661459/csr-white-sugar-cubes",
    "name": "CSR White Sugar Cubes 500g",
    "image_url": "https://cdn1.woolworths.media/content/wowproductimages/large/661459.jpg",
    "source_id": "Woolworths - 661459",
    "barcode": "9313010002478",
    "category_id": "1_39FD49C",
    "shop": "Woolworths",
    "weight": "100G",
    "prices": [
      {
        "state": "VIC",
        "price": "490",
        "price_per_unit": "98",
        "price_unit": "G"
      },
      {
        "state": "QLD",
        "price": "490",
        "price_per_unit": "98",
        "price_unit": "G"
      },
      {
        "state": "WA",
        "price": "490",
        "price_per_unit": "98",
        "price_unit": "G"
      },
      {
        "state": "SA",
        "price": "490",
        "price_per_unit": "98",
        "price_unit": "G"
      },
      {
        "state": "TAS",
        "price": "490",
        "price_per_unit": "98",
        "price_unit": "G"
      },
      {
        "state": "ACT",
        "price": "490",
        "price_per_unit": "98",
        "price_unit": "G"
      },
      {
        "state": "NT",
        "price": "490",
        "price_per_unit": "98",
        "price_unit": "G"
      }
    ]
  },
  {
    "source_url": "https://www.woolworths.com.au/shop/productdetails/335935/csr-white-sugar-sticks",
    "name": "CSR White Sugar Sticks 50 Pack",
    "image_url": "https://cdn1.woolworths.media/content/wowproductimages/large/335935.jpg",
    "source_id": "Woolworths - 335935",
    "barcode": "9313010000177",
    "category_id": "1_39FD49C",
    "shop": "Woolworths",
    "weight": "100G",
    "prices": [
      {
        "state": "VIC",
        "price": "300",
        "price_per_unit": "200",
        "price_unit": "G"
      },
      {
        "state": "QLD",
        "price": "300",
        "price_per_unit": "200",
        "price_unit": "G"
      },
      {
        "state": "WA",
        "price": "300",
        "price_per_unit": "200",
        "price_unit": "G"
      },
      {
        "state": "SA",
        "price": "300",
        "price_per_unit": "200",
        "price_unit": "G"
      },
      {
        "state": "TAS",
        "price": "300",
        "price_per_unit": "200",
        "price_unit": "G"
      },
      {
        "state": "ACT",
        "price": "300",
        "price_per_unit": "200",
        "price_unit": "G"
      },
      {
        "state": "NT",
        "price": "300",
        "price_per_unit": "200",
        "price_unit": "G"
      }
    ]
  },
  {
    "source_url": "https://www.woolworths.com.au/shop/productdetails/912265/equal-liquid-sweetener",
    "name": "Equal Liquid Sweetener 208mL",
    "image_url": "https://cdn1.woolworths.media/content/wowproductimages/large/912265.jpg",
    "source_id": "Woolworths - 912265",
    "barcode": "7630486403885",
    "category_id": "1_39FD49C",
    "shop": "Woolworths",
    "weight": "100ML",
    "prices": [
      {
        "state": "VIC",
        "price": "600",
        "price_per_unit": "288",
        "price_unit": "ML"
      },
      {
        "state": "QLD",
        "price": "600",
        "price_per_unit": "288",
        "price_unit": "ML"
      },
      {
        "state": "WA",
        "price": "600",
        "price_per_unit": "288",
        "price_unit": "ML"
      },
      {
        "state": "SA",
        "price": "600",
        "price_per_unit": "288",
        "price_unit": "ML"
      },
      {
        "state": "TAS",
        "price": "600",
        "price_per_unit": "288",
        "price_unit": "ML"
      },
      {
        "state": "ACT",
        "price": "600",
        "price_per_unit": "288",
        "price_unit": "ML"
      },
      {
        "state": "NT",
        "price": "600",
        "price_per_unit": "288",
        "price_unit": "ML"
      }
    ]
  },
  {
    "source_url": "https://www.woolworths.com.au/shop/productdetails/911558/equal-natural-sweetener-raw",
    "name": "Equal Natural Sweetener Raw 200g",
    "image_url": "https://cdn1.woolworths.media/content/wowproductimages/large/911558.jpg",
    "source_id": "Woolworths - 911558",
    "barcode": "7630486404110",
    "category_id": "1_39FD49C",
    "shop": "Woolworths",
    "weight": "100G",
    "prices": [
      {
        "state": "VIC",
        "price": "600",
        "price_per_unit": "300",
        "price_unit": "G"
      },
      {
        "state": "QLD",
        "price": "600",
        "price_per_unit": "300",
        "price_unit": "G"
      },
      {
        "state": "WA",
        "price": "600",
        "price_per_unit": "300",
        "price_unit": "G"
      },
      {
        "state": "SA",
        "price": "600",
        "price_per_unit": "300",
        "price_unit": "G"
      },
      {
        "state": "TAS",
        "price": "600",
        "price_per_unit": "300",
        "price_unit": "G"
      },
      {
        "state": "ACT",
        "price": "600",
        "price_per_unit": "300",
        "price_unit": "G"
      },
      {
        "state": "NT",
        "price": "600",
        "price_per_unit": "300",
        "price_unit": "G"
      }
    ]
  },
  {
    "source_url": "https://www.woolworths.com.au/shop/productdetails/912225/equal-natural-sweetener-white",
    "name": "Equal Natural Sweetener White 200g",
    "image_url": "https://cdn1.woolworths.media/content/wowproductimages/large/912225.jpg",
    "source_id": "Woolworths - 912225",
    "barcode": "7630486404103",
    "category_id": "1_39FD49C",
    "shop": "Woolworths",
    "weight": "100G",
    "prices": [
      {
        "state": "VIC",
        "price": "500",
        "price_per_unit": "250",
        "price_unit": "G"
      },
      {
        "state": "QLD",
        "price": "500",
        "price_per_unit": "250",
        "price_unit": "G"
      },
      {
        "state": "WA",
        "price": "500",
        "price_per_unit": "250",
        "price_unit": "G"
      },
      {
        "state": "SA",
        "price": "500",
        "price_per_unit": "250",
        "price_unit": "G"
      },
      {
        "state": "TAS",
        "price": "500",
        "price_per_unit": "250",
        "price_unit": "G"
      },
      {
        "state": "ACT",
        "price": "500",
        "price_per_unit": "250",
        "price_unit": "G"
      },
      {
        "state": "NT",
        "price": "500",
        "price_per_unit": "250",
        "price_unit": "G"
      }
    ]
  },
  {
    "source_url": "https://www.woolworths.com.au/shop/productdetails/202982/equal-spoonful-spoon-for-spoon-sugar-replacement",
    "name": "Equal Spoonful Spoon For Spoon Sugar Replacement 113g",
    "image_url": "https://cdn1.woolworths.media/content/wowproductimages/large/202982.jpg",
    "source_id": "Woolworths - 202982",
    "barcode": "7630486401317",
    "category_id": "1_39FD49C",
    "shop": "Woolworths",
    "weight": "100G",
    "prices": [
      {
        "state": "VIC",
        "price": "600",
        "price_per_unit": "531",
        "price_unit": "G"
      },
      {
        "state": "QLD",
        "price": "600",
        "price_per_unit": "531",
        "price_unit": "G"
      },
      {
        "state": "WA",
        "price": "600",
        "price_per_unit": "531",
        "price_unit": "G"
      },
      {
        "state": "SA",
        "price": "600",
        "price_per_unit": "531",
        "price_unit": "G"
      },
      {
        "state": "TAS",
        "price": "600",
        "price_per_unit": "531",
        "price_unit": "G"
      },
      {
        "state": "ACT",
        "price": "600",
        "price_per_unit": "531",
        "price_unit": "G"
      },
      {
        "state": "NT",
        "price": "630",
        "price_per_unit": "558",
        "price_unit": "G"
      }
    ]
  },
  {
    "source_url": "https://www.woolworths.com.au/shop/productdetails/36387/equal-sweetener-sachets",
    "name": "Equal Sweetener Sachets 100 Pack",
    "image_url": "https://cdn1.woolworths.media/content/wowproductimages/large/036387.jpg",
    "source_id": "Woolworths - 36387",
    "barcode": "9310491000047",
    "category_id": "1_39FD49C",
    "shop": "Woolworths",
    "weight": "100EA",
    "prices": [
      {
        "state": "VIC",
        "price": "660",
        "price_per_unit": "660",
        "price_unit": "EA"
      },
      {
        "state": "QLD",
        "price": "660",
        "price_per_unit": "660",
        "price_unit": "EA"
      },
      {
        "state": "WA",
        "price": "660",
        "price_per_unit": "660",
        "price_unit": "EA"
      },
      {
        "state": "SA",
        "price": "660",
        "price_per_unit": "660",
        "price_unit": "EA"
      },
      {
        "state": "TAS",
        "price": "660",
        "price_per_unit": "660",
        "price_unit": "EA"
      },
      {
        "state": "ACT",
        "price": "660",
        "price_per_unit": "660",
        "price_unit": "EA"
      },
      {
        "state": "NT",
        "price": "660",
        "price_per_unit": "660",
        "price_unit": "EA"
      }
    ]
  },
  {
    "source_url": "https://www.woolworths.com.au/shop/productdetails/94563/equal-sweetener-sachets",
    "name": "Equal Sweetener Sachets 50 Pack",
    "image_url": "https://cdn1.woolworths.media/content/wowproductimages/large/094563.jpg",
    "source_id": "Woolworths - 94563",
    "barcode": "9310491000016",
    "category_id": "1_39FD49C",
    "shop": "Woolworths",
    "weight": "100EA",
    "prices": [
      {
        "state": "VIC",
        "price": "420",
        "price_per_unit": "840",
        "price_unit": "EA"
      },
      {
        "state": "QLD",
        "price": "420",
        "price_per_unit": "840",
        "price_unit": "EA"
      },
      {
        "state": "WA",
        "price": "420",
        "price_per_unit": "840",
        "price_unit": "EA"
      },
      {
        "state": "SA",
        "price": "420",
        "price_per_unit": "840",
        "price_unit": "EA"
      },
      {
        "state": "TAS",
        "price": "420",
        "price_per_unit": "840",
        "price_unit": "EA"
      },
      {
        "state": "ACT",
        "price": "420",
        "price_per_unit": "840",
        "price_unit": "EA"
      },
      {
        "state": "NT",
        "price": "420",
        "price_per_unit": "840",
        "price_unit": "EA"
      }
    ]
  },
  {
    "source_url": "https://www.woolworths.com.au/shop/productdetails/94843/equal-sweetener-tablets",
    "name": "Equal Sweetener Tablets 100 Pack",
    "image_url": "https://cdn1.woolworths.media/content/wowproductimages/large/094843.jpg",
    "source_id": "Woolworths - 94843",
    "barcode": "9310491000009",
    "category_id": "1_39FD49C",
    "shop": "Woolworths",
    "weight": "100EA",
    "prices": [
      {
        "state": "VIC",
        "price": "420",
        "price_per_unit": "420",
        "price_unit": "EA"
      },
      {
        "state": "QLD",
        "price": "420",
        "price_per_unit": "420",
        "price_unit": "EA"
      },
      {
        "state": "WA",
        "price": "420",
        "price_per_unit": "420",
        "price_unit": "EA"
      },
      {
        "state": "SA",
        "price": "420",
        "price_per_unit": "420",
        "price_unit": "EA"
      },
      {
        "state": "TAS",
        "price": "420",
        "price_per_unit": "420",
        "price_unit": "EA"
      },
      {
        "state": "ACT",
        "price": "420",
        "price_per_unit": "420",
        "price_unit": "EA"
      },
      {
        "state": "NT",
        "price": "420",
        "price_per_unit": "420",
        "price_unit": "EA"
      }
    ]
  },
  {
    "source_url": "https://www.woolworths.com.au/shop/productdetails/24488/equal-sweetener-tablets",
    "name": "Equal Sweetener Tablets 300 Pack",
    "image_url": "https://cdn1.woolworths.media/content/wowproductimages/large/024488.jpg",
    "source_id": "Woolworths - 24488",
    "barcode": "9310491000030",
    "category_id": "1_39FD49C",
    "shop": "Woolworths",
    "weight": "100EA",
    "prices": [
      {
        "state": "VIC",
        "price": "880",
        "price_per_unit": "293",
        "price_unit": "EA"
      },
      {
        "state": "QLD",
        "price": "880",
        "price_per_unit": "293",
        "price_unit": "EA"
      },
      {
        "state": "WA",
        "price": "880",
        "price_per_unit": "293",
        "price_unit": "EA"
      },
      {
        "state": "SA",
        "price": "880",
        "price_per_unit": "293",
        "price_unit": "EA"
      },
      {
        "state": "TAS",
        "price": "880",
        "price_per_unit": "293",
        "price_unit": "EA"
      },
      {
        "state": "ACT",
        "price": "880",
        "price_per_unit": "293",
        "price_unit": "EA"
      },
      {
        "state": "NT",
        "price": "880",
        "price_per_unit": "293",
        "price_unit": "EA"
      }
    ]
  },
  {
    "source_url": "https://www.woolworths.com.au/shop/productdetails/807039/equal-sweetener-tablets",
    "name": "Equal Sweetener Tablets 600 Tablets",
    "image_url": "https://cdn1.woolworths.media/content/wowproductimages/large/807039.jpg",
    "source_id": "Woolworths - 807039",
    "barcode": "7640110708446",
    "category_id": "1_39FD49C",
    "shop": "Woolworths",
    "weight": "100EA",
    "prices": [
      {
        "state": "VIC",
        "price": "1300",
        "price_per_unit": "217",
        "price_unit": "EA"
      },
      {
        "state": "QLD",
        "price": "1300",
        "price_per_unit": "217",
        "price_unit": "EA"
      },
      {
        "state": "WA",
        "price": "1300",
        "price_per_unit": "217",
        "price_unit": "EA"
      },
      {
        "state": "SA",
        "price": "1300",
        "price_per_unit": "217",
        "price_unit": "EA"
      },
      {
        "state": "TAS",
        "price": "1300",
        "price_per_unit": "217",
        "price_unit": "EA"
      },
      {
        "state": "ACT",
        "price": "1300",
        "price_per_unit": "217",
        "price_unit": "EA"
      },
      {
        "state": "NT",
        "price": "1300",
        "price_per_unit": "217",
        "price_unit": "EA"
      }
    ]
  },
  {
    "source_url": "https://www.woolworths.com.au/shop/productdetails/18174/essentials-raw-sugar",
    "name": "Essentials Raw Sugar 2kg",
    "image_url": "https://cdn1.woolworths.media/content/wowproductimages/large/018174.jpg",
    "source_id": "Woolworths - 18174",
    "barcode": "9300633181741",
    "category_id": "1_39FD49C",
    "shop": "Woolworths",
    "weight": "100G",
    "prices": [
      {
        "state": "VIC",
        "price": "320",
        "price_per_unit": "16",
        "price_unit": "G"
      },
      {
        "state": "QLD",
        "price": "320",
        "price_per_unit": "16",
        "price_unit": "G"
      },
      {
        "state": "WA",
        "price": "320",
        "price_per_unit": "16",
        "price_unit": "G"
      },
      {
        "state": "SA",
        "price": "320",
        "price_per_unit": "16",
        "price_unit": "G"
      },
      {
        "state": "TAS",
        "price": "320",
        "price_per_unit": "16",
        "price_unit": "G"
      },
      {
        "state": "ACT",
        "price": "320",
        "price_per_unit": "16",
        "price_unit": "G"
      },
      {
        "state": "NT",
        "price": "320",
        "price_per_unit": "16",
        "price_unit": "G"
      }
    ]
  },
  {
    "source_url": "https://www.woolworths.com.au/shop/productdetails/4897/essentials-raw-sugar",
    "name": "Essentials Raw Sugar 3kg",
    "image_url": "https://cdn1.woolworths.media/content/wowproductimages/large/004897.jpg",
    "source_id": "Woolworths - 4897",
    "barcode": "9300633048976",
    "category_id": "1_39FD49C",
    "shop": "Woolworths",
    "weight": "100G",
    "prices": [
      {
        "state": "VIC",
        "price": "480",
        "price_per_unit": "16",
        "price_unit": "G"
      },
      {
        "state": "QLD",
        "price": "480",
        "price_per_unit": "16",
        "price_unit": "G"
      },
      {
        "state": "ACT",
        "price": "480",
        "price_per_unit": "16",
        "price_unit": "G"
      },
      {
        "state": "NT",
        "price": "480",
        "price_per_unit": "16",
        "price_unit": "G"
      }
    ]
  },
  {
    "source_url": "https://www.woolworths.com.au/shop/productdetails/5743/essentials-white-sugar",
    "name": "Essentials White Sugar 2kg",
    "image_url": "https://cdn1.woolworths.media/content/wowproductimages/large/005743.jpg",
    "source_id": "Woolworths - 5743",
    "barcode": "9300633918682",
    "category_id": "1_39FD49C",
    "shop": "Woolworths",
    "weight": "100G",
    "prices": [
      {
        "state": "VIC",
        "price": "285",
        "price_per_unit": "14",
        "price_unit": "G"
      },
      {
        "state": "QLD",
        "price": "285",
        "price_per_unit": "14",
        "price_unit": "G"
      },
      {
        "state": "WA",
        "price": "285",
        "price_per_unit": "14",
        "price_unit": "G"
      },
      {
        "state": "SA",
        "price": "285",
        "price_per_unit": "14",
        "price_unit": "G"
      },
      {
        "state": "TAS",
        "price": "285",
        "price_per_unit": "14",
        "price_unit": "G"
      },
      {
        "state": "ACT",
        "price": "285",
        "price_per_unit": "14",
        "price_unit": "G"
      },
      {
        "state": "NT",
        "price": "285",
        "price_per_unit": "14",
        "price_unit": "G"
      }
    ]
  },
  {
    "source_url": "https://www.woolworths.com.au/shop/productdetails/91869/essentials-white-sugar",
    "name": "Essentials White Sugar 3kg",
    "image_url": "https://cdn1.woolworths.media/content/wowproductimages/large/091869.jpg",
    "source_id": "Woolworths - 91869",
    "barcode": "9300633918699",
    "category_id": "1_39FD49C",
    "shop": "Woolworths",
    "weight": "100G",
    "prices": [
      {
        "state": "VIC",
        "price": "425",
        "price_per_unit": "14",
        "price_unit": "G"
      },
      {
        "state": "ACT",
        "price": "425",
        "price_per_unit": "14",
        "price_unit": "G"
      },
      {
        "state": "NT",
        "price": "425",
        "price_per_unit": "14",
        "price_unit": "G"
      }
    ]
  },
  {
    "source_url": "https://www.woolworths.com.au/shop/productdetails/291075/gerard-family-foods-organic-agave-sweetener",
    "name": "Gerard Family Foods Organic Agave Sweetener 500g",
    "image_url": "https://cdn1.woolworths.media/content/wowproductimages/large/291075.jpg",
    "source_id": "Woolworths - 291075",
    "barcode": "9311106999985",
    "category_id": "1_39FD49C",
    "shop": "Woolworths",
    "weight": "100G",
    "prices": [
      {
        "state": "VIC",
        "price": "622",
        "price_per_unit": "124",
        "price_unit": "G"
      },
      {
        "state": "QLD",
        "price": "622",
        "price_per_unit": "124",
        "price_unit": "G"
      },
      {
        "state": "WA",
        "price": "622",
        "price_per_unit": "124",
        "price_unit": "G"
      },
      {
        "state": "SA",
        "price": "622",
        "price_per_unit": "124",
        "price_unit": "G"
      },
      {
        "state": "TAS",
        "price": "622",
        "price_per_unit": "124",
        "price_unit": "G"
      },
      {
        "state": "ACT",
        "price": "622",
        "price_per_unit": "124",
        "price_unit": "G"
      },
      {
        "state": "NT",
        "price": "622",
        "price_per_unit": "124",
        "price_unit": "G"
      }
    ]
  },
  {
    "source_url": "https://www.woolworths.com.au/shop/productdetails/182028/hermesetas-mini-sweetener-tablets",
    "name": "Hermesetas Mini Sweetener Tablets 800 Pack",
    "image_url": "https://cdn1.woolworths.media/content/wowproductimages/large/182028.jpg",
    "source_id": "Woolworths - 182028",
    "barcode": "7610211031002",
    "category_id": "1_39FD49C",
    "shop": "Woolworths",
    "weight": "100EA",
    "prices": [
      {
        "state": "VIC",
        "price": "780",
        "price_per_unit": "98",
        "price_unit": "EA"
      },
      {
        "state": "QLD",
        "price": "780",
        "price_per_unit": "98",
        "price_unit": "EA"
      },
      {
        "state": "WA",
        "price": "780",
        "price_per_unit": "98",
        "price_unit": "EA"
      },
      {
        "state": "SA",
        "price": "780",
        "price_per_unit": "98",
        "price_unit": "EA"
      },
      {
        "state": "TAS",
        "price": "780",
        "price_per_unit": "98",
        "price_unit": "EA"
      },
      {
        "state": "ACT",
        "price": "780",
        "price_per_unit": "98",
        "price_unit": "EA"
      },
      {
        "state": "NT",
        "price": "780",
        "price_per_unit": "98",
        "price_unit": "EA"
      }
    ]
  },
  {
    "source_url": "https://www.woolworths.com.au/shop/productdetails/232208/hermesetas-sweetener-tablets",
    "name": "Hermesetas Sweetener Tablets 300 Pack",
    "image_url": "https://cdn1.woolworths.media/content/wowproductimages/large/232208.jpg",
    "source_id": "Woolworths - 232208",
    "barcode": "7610211030203",
    "category_id": "1_39FD49C",
    "shop": "Woolworths",
    "weight": "100EA",
    "prices": [
      {
        "state": "VIC",
        "price": "340",
        "price_per_unit": "113",
        "price_unit": "EA"
      },
      {
        "state": "QLD",
        "price": "340",
        "price_per_unit": "113",
        "price_unit": "EA"
      },
      {
        "state": "WA",
        "price": "340",
        "price_per_unit": "113",
        "price_unit": "EA"
      },
      {
        "state": "SA",
        "price": "340",
        "price_per_unit": "113",
        "price_unit": "EA"
      },
      {
        "state": "TAS",
        "price": "340",
        "price_per_unit": "113",
        "price_unit": "EA"
      },
      {
        "state": "ACT",
        "price": "340",
        "price_per_unit": "113",
        "price_unit": "EA"
      },
      {
        "state": "NT",
        "price": "340",
        "price_per_unit": "113",
        "price_unit": "EA"
      }
    ]
  },
  {
    "source_url": "https://www.woolworths.com.au/shop/productdetails/282543/lakanto-golden-monkfruit-sweetener",
    "name": "Lakanto Golden Monkfruit Sweetener 500g",
    "image_url": "https://cdn1.woolworths.media/content/wowproductimages/large/282543.jpg",
    "source_id": "Woolworths - 282543",
    "barcode": "9349664002281",
    "category_id": "1_39FD49C",
    "shop": "Woolworths",
    "weight": "100G",
    "prices": [
      {
        "state": "VIC",
        "price": "1600",
        "price_per_unit": "320",
        "price_unit": "G"
      },
      {
        "state": "QLD",
        "price": "1600",
        "price_per_unit": "320",
        "price_unit": "G"
      },
      {
        "state": "WA",
        "price": "1600",
        "price_per_unit": "320",
        "price_unit": "G"
      },
      {
        "state": "SA",
        "price": "1600",
        "price_per_unit": "320",
        "price_unit": "G"
      },
      {
        "state": "TAS",
        "price": "1600",
        "price_per_unit": "320",
        "price_unit": "G"
      },
      {
        "state": "ACT",
        "price": "1600",
        "price_per_unit": "320",
        "price_unit": "G"
      },
      {
        "state": "NT",
        "price": "1600",
        "price_per_unit": "320",
        "price_unit": "G"
      }
    ]
  },
  {
    "source_url": "https://www.woolworths.com.au/shop/productdetails/143186/lakanto-monkfruit-classic-sweetener-replaces-white-sugar",
    "name": "Lakanto Monkfruit Classic Sweetener Replaces White Sugar 500g",
    "image_url": "https://cdn1.woolworths.media/content/wowproductimages/large/143186.jpg",
    "source_id": "Woolworths - 143186",
    "barcode": "9349664002229",
    "category_id": "1_39FD49C",
    "shop": "Woolworths",
    "weight": "100G",
    "prices": [
      {
        "state": "VIC",
        "price": "1600",
        "price_per_unit": "320",
        "price_unit": "G"
      },
      {
        "state": "QLD",
        "price": "1600",
        "price_per_unit": "320",
        "price_unit": "G"
      },
      {
        "state": "WA",
        "price": "1600",
        "price_per_unit": "320",
        "price_unit": "G"
      },
      {
        "state": "SA",
        "price": "1600",
        "price_per_unit": "320",
        "price_unit": "G"
      },
      {
        "state": "TAS",
        "price": "1600",
        "price_per_unit": "320",
        "price_unit": "G"
      },
      {
        "state": "ACT",
        "price": "1600",
        "price_per_unit": "320",
        "price_unit": "G"
      },
      {
        "state": "NT",
        "price": "1600",
        "price_per_unit": "320",
        "price_unit": "G"
      }
    ]
  },
  {
    "source_url": "https://www.woolworths.com.au/shop/productdetails/280760/lakanto-monkfruit-sweetener-brown",
    "name": "Lakanto Monkfruit Sweetener Brown 450g",
    "image_url": "https://cdn1.woolworths.media/content/wowproductimages/large/280760.jpg",
    "source_id": "Woolworths - 280760",
    "barcode": "9349664004094",
    "category_id": "1_39FD49C",
    "shop": "Woolworths",
    "weight": "100G",
    "prices": [
      {
        "state": "VIC",
        "price": "1600",
        "price_per_unit": "356",
        "price_unit": "G"
      },
      {
        "state": "QLD",
        "price": "1600",
        "price_per_unit": "356",
        "price_unit": "G"
      },
      {
        "state": "WA",
        "price": "1600",
        "price_per_unit": "356",
        "price_unit": "G"
      },
      {
        "state": "SA",
        "price": "1600",
        "price_per_unit": "356",
        "price_unit": "G"
      },
      {
        "state": "TAS",
        "price": "1600",
        "price_per_unit": "356",
        "price_unit": "G"
      },
      {
        "state": "ACT",
        "price": "1600",
        "price_per_unit": "356",
        "price_unit": "G"
      },
      {
        "state": "NT",
        "price": "1600",
        "price_per_unit": "356",
        "price_unit": "G"
      }
    ]
  },
  {
    "source_url": "https://www.woolworths.com.au/shop/productdetails/215466/macro-organic-raw-sugar-organic",
    "name": "Macro Organic Raw Sugar Organic 1kg",
    "image_url": "https://cdn1.woolworths.media/content/wowproductimages/large/215466.jpg",
    "source_id": "Woolworths - 215466",
    "barcode": "9339687308071",
    "category_id": "1_39FD49C",
    "shop": "Woolworths",
    "weight": "100G",
    "prices": [
      {
        "state": "VIC",
        "price": "270",
        "price_per_unit": "27",
        "price_unit": "G"
      },
      {
        "state": "QLD",
        "price": "270",
        "price_per_unit": "27",
        "price_unit": "G"
      },
      {
        "state": "WA",
        "price": "270",
        "price_per_unit": "27",
        "price_unit": "G"
      },
      {
        "state": "SA",
        "price": "270",
        "price_per_unit": "27",
        "price_unit": "G"
      },
      {
        "state": "TAS",
        "price": "270",
        "price_per_unit": "27",
        "price_unit": "G"
      },
      {
        "state": "ACT",
        "price": "270",
        "price_per_unit": "27",
        "price_unit": "G"
      },
      {
        "state": "NT",
        "price": "270",
        "price_per_unit": "27",
        "price_unit": "G"
      }
    ]
  },
  {
    "source_url": "https://www.woolworths.com.au/shop/productdetails/122336/mountain-valley-australian-molasses-squeeze",
    "name": "Mountain Valley Australian Molasses Squeeze 400g",
    "image_url": "https://cdn1.woolworths.media/content/wowproductimages/large/122336.jpg",
    "source_id": "Woolworths - 122336",
    "barcode": "9300677010946",
    "category_id": "1_39FD49C",
    "shop": "Woolworths",
    "weight": "100G",
    "prices": [
      {
        "state": "VIC",
        "price": "350",
        "price_per_unit": "78",
        "price_unit": "G"
      },
      {
        "state": "QLD",
        "price": "350",
        "price_per_unit": "78",
        "price_unit": "G"
      },
      {
        "state": "WA",
        "price": "350",
        "price_per_unit": "78",
        "price_unit": "G"
      },
      {
        "state": "SA",
        "price": "350",
        "price_per_unit": "78",
        "price_unit": "G"
      },
      {
        "state": "TAS",
        "price": "350",
        "price_per_unit": "78",
        "price_unit": "G"
      },
      {
        "state": "ACT",
        "price": "350",
        "price_per_unit": "78",
        "price_unit": "G"
      },
      {
        "state": "NT",
        "price": "370",
        "price_per_unit": "82",
        "price_unit": "G"
      }
    ]
  },
  {
    "source_url": "https://www.woolworths.com.au/shop/productdetails/534207/natvia-100-natural-sweetener",
    "name": "Natvia 100% Natural Sweetener 350g",
    "image_url": "https://cdn1.woolworths.media/content/wowproductimages/large/534207.jpg",
    "source_id": "Woolworths - 534207",
    "barcode": "9342985000615",
    "category_id": "1_39FD49C",
    "shop": "Woolworths",
    "weight": "100G",
    "prices": [
      {
        "state": "VIC",
        "price": "775",
        "price_per_unit": "221",
        "price_unit": "G"
      },
      {
        "state": "QLD",
        "price": "775",
        "price_per_unit": "221",
        "price_unit": "G"
      },
      {
        "state": "WA",
        "price": "775",
        "price_per_unit": "221",
        "price_unit": "G"
      },
      {
        "state": "SA",
        "price": "775",
        "price_per_unit": "221",
        "price_unit": "G"
      },
      {
        "state": "TAS",
        "price": "775",
        "price_per_unit": "221",
        "price_unit": "G"
      },
      {
        "state": "ACT",
        "price": "775",
        "price_per_unit": "221",
        "price_unit": "G"
      },
      {
        "state": "NT",
        "price": "815",
        "price_per_unit": "233",
        "price_unit": "G"
      }
    ]
  },
  {
    "source_url": "https://www.woolworths.com.au/shop/productdetails/104327/natvia-gold-sweetener",
    "name": "Natvia Gold Sweetener 250g",
    "image_url": "https://cdn1.woolworths.media/content/wowproductimages/large/104327.jpg",
    "source_id": "Woolworths - 104327",
    "barcode": "9342985000844",
    "category_id": "1_39FD49C",
    "shop": "Woolworths",
    "weight": "100G",
    "prices": [
      {
        "state": "VIC",
        "price": "850",
        "price_per_unit": "340",
        "price_unit": "G"
      },
      {
        "state": "QLD",
        "price": "850",
        "price_per_unit": "340",
        "price_unit": "G"
      },
      {
        "state": "WA",
        "price": "850",
        "price_per_unit": "340",
        "price_unit": "G"
      },
      {
        "state": "SA",
        "price": "850",
        "price_per_unit": "340",
        "price_unit": "G"
      },
      {
        "state": "TAS",
        "price": "850",
        "price_per_unit": "340",
        "price_unit": "G"
      },
      {
        "state": "ACT",
        "price": "850",
        "price_per_unit": "340",
        "price_unit": "G"
      },
      {
        "state": "NT",
        "price": "895",
        "price_per_unit": "358",
        "price_unit": "G"
      }
    ]
  },
  {
    "source_url": "https://www.woolworths.com.au/shop/productdetails/741011/natvia-sweetener-sticks",
    "name": "Natvia Sweetener Sticks 40 Pack",
    "image_url": "https://cdn1.woolworths.media/content/wowproductimages/large/741011.jpg",
    "source_id": "Woolworths - 741011",
    "barcode": "9342985000424",
    "category_id": "1_39FD49C",
    "shop": "Woolworths",
    "weight": "100EA",
    "prices": [
      {
        "state": "VIC",
        "price": "450",
        "price_per_unit": "1125",
        "price_unit": "EA"
      },
      {
        "state": "QLD",
        "price": "450",
        "price_per_unit": "1125",
        "price_unit": "EA"
      },
      {
        "state": "WA",
        "price": "450",
        "price_per_unit": "1125",
        "price_unit": "EA"
      },
      {
        "state": "SA",
        "price": "450",
        "price_per_unit": "1125",
        "price_unit": "EA"
      },
      {
        "state": "ACT",
        "price": "450",
        "price_per_unit": "1125",
        "price_unit": "EA"
      },
      {
        "state": "NT",
        "price": "475",
        "price_per_unit": "1188",
        "price_unit": "EA"
      }
    ]
  },
  {
    "source_url": "https://www.woolworths.com.au/shop/productdetails/707225/natvia-sweetener-tablets-100-natural",
    "name": "Natvia Sweetener Tablets 100% Natural 200 Pack",
    "image_url": "https://cdn1.woolworths.media/content/wowproductimages/large/707225.jpg",
    "source_id": "Woolworths - 707225",
    "barcode": "9342985000172",
    "category_id": "1_39FD49C",
    "shop": "Woolworths",
    "weight": "100EA",
    "prices": [
      {
        "state": "VIC",
        "price": "650",
        "price_per_unit": "325",
        "price_unit": "EA"
      },
      {
        "state": "QLD",
        "price": "650",
        "price_per_unit": "325",
        "price_unit": "EA"
      },
      {
        "state": "WA",
        "price": "650",
        "price_per_unit": "325",
        "price_unit": "EA"
      },
      {
        "state": "SA",
        "price": "650",
        "price_per_unit": "325",
        "price_unit": "EA"
      },
      {
        "state": "TAS",
        "price": "650",
        "price_per_unit": "325",
        "price_unit": "EA"
      },
      {
        "state": "ACT",
        "price": "650",
        "price_per_unit": "325",
        "price_unit": "EA"
      },
      {
        "state": "NT",
        "price": "650",
        "price_per_unit": "325",
        "price_unit": "EA"
      }
    ]
  },
  {
    "source_url": "https://www.woolworths.com.au/shop/productdetails/56698/pureharvest-rice-malt-syrup",
    "name": "Pureharvest Rice Malt Syrup 500g",
    "image_url": "https://cdn1.woolworths.media/content/wowproductimages/large/056698.jpg",
    "source_id": "Woolworths - 56698",
    "barcode": "9312231338168",
    "category_id": "1_39FD49C",
    "shop": "Woolworths",
    "weight": "100G",
    "prices": [
      {
        "state": "VIC",
        "price": "380",
        "price_per_unit": "76",
        "price_unit": "G"
      },
      {
        "state": "QLD",
        "price": "380",
        "price_per_unit": "76",
        "price_unit": "G"
      },
      {
        "state": "WA",
        "price": "380",
        "price_per_unit": "76",
        "price_unit": "G"
      },
      {
        "state": "SA",
        "price": "380",
        "price_per_unit": "76",
        "price_unit": "G"
      },
      {
        "state": "TAS",
        "price": "380",
        "price_per_unit": "76",
        "price_unit": "G"
      },
      {
        "state": "ACT",
        "price": "380",
        "price_per_unit": "76",
        "price_unit": "G"
      },
      {
        "state": "NT",
        "price": "400",
        "price_per_unit": "80",
        "price_unit": "G"
      }
    ]
  },
  {
    "source_url": "https://www.woolworths.com.au/shop/productdetails/278856/raw-earth-sweetener-co-white-stevia",
    "name": "Raw Earth Sweetener Co White Stevia 300g",
    "image_url": "https://cdn1.woolworths.media/content/wowproductimages/large/278856.jpg",
    "source_id": "Woolworths - 278856",
    "barcode": "9342985001919",
    "category_id": "1_39FD49C",
    "shop": "Woolworths",
    "weight": "100G",
    "prices": [
      {
        "state": "VIC",
        "price": "500",
        "price_per_unit": "167",
        "price_unit": "G"
      },
      {
        "state": "QLD",
        "price": "500",
        "price_per_unit": "167",
        "price_unit": "G"
      },
      {
        "state": "WA",
        "price": "500",
        "price_per_unit": "167",
        "price_unit": "G"
      },
      {
        "state": "SA",
        "price": "500",
        "price_per_unit": "167",
        "price_unit": "G"
      },
      {
        "state": "TAS",
        "price": "500",
        "price_per_unit": "167",
        "price_unit": "G"
      },
      {
        "state": "ACT",
        "price": "500",
        "price_per_unit": "167",
        "price_unit": "G"
      },
      {
        "state": "NT",
        "price": "500",
        "price_per_unit": "167",
        "price_unit": "G"
      }
    ]
  },
  {
    "source_url": "https://www.woolworths.com.au/shop/productdetails/346058/splenda-sweetener-sachets",
    "name": "Splenda Sweetener Sachets 100g",
    "image_url": "https://cdn1.woolworths.media/content/wowproductimages/large/346058.jpg",
    "source_id": "Woolworths - 346058",
    "barcode": "722776001424",
    "category_id": "1_39FD49C",
    "shop": "Woolworths",
    "weight": "100EA",
    "prices": [
      {
        "state": "VIC",
        "price": "485",
        "price_per_unit": "485",
        "price_unit": "EA"
      },
      {
        "state": "QLD",
        "price": "485",
        "price_per_unit": "485",
        "price_unit": "EA"
      },
      {
        "state": "WA",
        "price": "485",
        "price_per_unit": "485",
        "price_unit": "EA"
      },
      {
        "state": "SA",
        "price": "485",
        "price_per_unit": "485",
        "price_unit": "EA"
      },
      {
        "state": "ACT",
        "price": "485",
        "price_per_unit": "485",
        "price_unit": "EA"
      },
      {
        "state": "NT",
        "price": "485",
        "price_per_unit": "485",
        "price_unit": "EA"
      }
    ]
  },
  {
    "source_url": "https://www.woolworths.com.au/shop/productdetails/329037/stevia-sweet-sweet-granulated-jar",
    "name": "Stevia Sweet Sweet Granulated Jar 75G",
    "image_url": "https://cdn1.woolworths.media/content/wowproductimages/large/329037.jpg",
    "source_id": "Woolworths - 329037",
    "barcode": "7610211149202",
    "category_id": "1_39FD49C",
    "shop": "Woolworths",
    "weight": "100G",
    "prices": [
      {
        "state": "VIC",
        "price": "880",
        "price_per_unit": "1173",
        "price_unit": "G"
      },
      {
        "state": "QLD",
        "price": "880",
        "price_per_unit": "1173",
        "price_unit": "G"
      },
      {
        "state": "WA",
        "price": "880",
        "price_per_unit": "1173",
        "price_unit": "G"
      },
      {
        "state": "SA",
        "price": "880",
        "price_per_unit": "1173",
        "price_unit": "G"
      },
      {
        "state": "TAS",
        "price": "880",
        "price_per_unit": "1173",
        "price_unit": "G"
      },
      {
        "state": "ACT",
        "price": "880",
        "price_per_unit": "1173",
        "price_unit": "G"
      },
      {
        "state": "NT",
        "price": "880",
        "price_per_unit": "1173",
        "price_unit": "G"
      }
    ]
  },
  {
    "source_url": "https://www.woolworths.com.au/shop/productdetails/329036/stevia-sweet-sweet-granulated-sachets",
    "name": "Stevia Sweet Sweet Granulated Sachets 50 Pack",
    "image_url": "https://cdn1.woolworths.media/content/wowproductimages/large/329036.jpg",
    "source_id": "Woolworths - 329036",
    "barcode": "7610211149004",
    "category_id": "1_39FD49C",
    "shop": "Woolworths",
    "weight": "100EA",
    "prices": [
      {
        "state": "VIC",
        "price": "580",
        "price_per_unit": "1160",
        "price_unit": "EA"
      },
      {
        "state": "QLD",
        "price": "580",
        "price_per_unit": "1160",
        "price_unit": "EA"
      },
      {
        "state": "WA",
        "price": "580",
        "price_per_unit": "1160",
        "price_unit": "EA"
      },
      {
        "state": "SA",
        "price": "580",
        "price_per_unit": "1160",
        "price_unit": "EA"
      },
      {
        "state": "TAS",
        "price": "580",
        "price_per_unit": "1160",
        "price_unit": "EA"
      },
      {
        "state": "ACT",
        "price": "580",
        "price_per_unit": "1160",
        "price_unit": "EA"
      },
      {
        "state": "NT",
        "price": "580",
        "price_per_unit": "1160",
        "price_unit": "EA"
      }
    ]
  },
  {
    "source_url": "https://www.woolworths.com.au/shop/productdetails/650297/stevia-sweet-sweet-tablets",
    "name": "Stevia Sweet Sweet Tablets 220 Pack",
    "image_url": "https://cdn1.woolworths.media/content/wowproductimages/large/650297.jpg",
    "source_id": "Woolworths - 650297",
    "barcode": "7610211149509",
    "category_id": "1_39FD49C",
    "shop": "Woolworths",
    "weight": "100EA",
    "prices": [
      {
        "state": "VIC",
        "price": "860",
        "price_per_unit": "391",
        "price_unit": "EA"
      },
      {
        "state": "QLD",
        "price": "860",
        "price_per_unit": "391",
        "price_unit": "EA"
      },
      {
        "state": "WA",
        "price": "860",
        "price_per_unit": "391",
        "price_unit": "EA"
      },
      {
        "state": "SA",
        "price": "860",
        "price_per_unit": "391",
        "price_unit": "EA"
      },
      {
        "state": "TAS",
        "price": "860",
        "price_per_unit": "391",
        "price_unit": "EA"
      },
      {
        "state": "ACT",
        "price": "860",
        "price_per_unit": "391",
        "price_unit": "EA"
      },
      {
        "state": "NT",
        "price": "860",
        "price_per_unit": "391",
        "price_unit": "EA"
      }
    ]
  },
  {
    "source_url": "https://www.woolworths.com.au/shop/productdetails/612562/sugarine-sweetener-tablets",
    "name": "Sugarine Sweetener Tablets 600 Pack",
    "image_url": "https://cdn1.woolworths.media/content/wowproductimages/large/612562.jpg",
    "source_id": "Woolworths - 612562",
    "barcode": "9300711398160",
    "category_id": "1_39FD49C",
    "shop": "Woolworths",
    "weight": "100EA",
    "prices": [
      {
        "state": "VIC",
        "price": "570",
        "price_per_unit": "95",
        "price_unit": "EA"
      },
      {
        "state": "QLD",
        "price": "570",
        "price_per_unit": "95",
        "price_unit": "EA"
      },
      {
        "state": "WA",
        "price": "570",
        "price_per_unit": "95",
        "price_unit": "EA"
      },
      {
        "state": "SA",
        "price": "570",
        "price_per_unit": "95",
        "price_unit": "EA"
      },
      {
        "state": "TAS",
        "price": "570",
        "price_per_unit": "95",
        "price_unit": "EA"
      },
      {
        "state": "ACT",
        "price": "570",
        "price_per_unit": "95",
        "price_unit": "EA"
      },
      {
        "state": "NT",
        "price": "570",
        "price_per_unit": "95",
        "price_unit": "EA"
      }
    ]
  },
  {
    "source_url": "https://www.woolworths.com.au/shop/productdetails/665785/sugarless-low-calorie-sweetener-sachets",
    "name": "Sugarless Low Calorie Sweetener Sachets 132 Pack",
    "image_url": "https://cdn1.woolworths.media/content/wowproductimages/large/665785.jpg",
    "source_id": "Woolworths - 665785",
    "barcode": "9310665003003",
    "category_id": "1_39FD49C",
    "shop": "Woolworths",
    "weight": "100EA",
    "prices": [
      {
        "state": "VIC",
        "price": "600",
        "price_per_unit": "455",
        "price_unit": "EA"
      },
      {
        "state": "QLD",
        "price": "600",
        "price_per_unit": "455",
        "price_unit": "EA"
      },
      {
        "state": "WA",
        "price": "600",
        "price_per_unit": "455",
        "price_unit": "EA"
      },
      {
        "state": "SA",
        "price": "600",
        "price_per_unit": "455",
        "price_unit": "EA"
      },
      {
        "state": "TAS",
        "price": "600",
        "price_per_unit": "455",
        "price_unit": "EA"
      },
      {
        "state": "ACT",
        "price": "600",
        "price_per_unit": "455",
        "price_unit": "EA"
      },
      {
        "state": "NT",
        "price": "600",
        "price_per_unit": "455",
        "price_unit": "EA"
      }
    ]
  },
  {
    "source_url": "https://www.woolworths.com.au/shop/productdetails/665840/sugarless-stevia-organic",
    "name": "Sugarless Stevia Organic 350g",
    "image_url": "https://cdn1.woolworths.media/content/wowproductimages/large/665840.jpg",
    "source_id": "Woolworths - 665840",
    "barcode": "9310665008862",
    "category_id": "1_39FD49C",
    "shop": "Woolworths",
    "weight": "100G",
    "prices": [
      {
        "state": "VIC",
        "price": "850",
        "price_per_unit": "243",
        "price_unit": "G"
      },
      {
        "state": "QLD",
        "price": "850",
        "price_per_unit": "243",
        "price_unit": "G"
      },
      {
        "state": "WA",
        "price": "850",
        "price_per_unit": "243",
        "price_unit": "G"
      },
      {
        "state": "SA",
        "price": "850",
        "price_per_unit": "243",
        "price_unit": "G"
      },
      {
        "state": "TAS",
        "price": "850",
        "price_per_unit": "243",
        "price_unit": "G"
      },
      {
        "state": "ACT",
        "price": "850",
        "price_per_unit": "243",
        "price_unit": "G"
      },
      {
        "state": "NT",
        "price": "890",
        "price_per_unit": "254",
        "price_unit": "G"
      }
    ]
  },
  {
    "source_url": "https://www.woolworths.com.au/shop/productdetails/141478/whole-earth-brown-sugar-replacement",
    "name": "Whole Earth Brown Sugar Replacement 200g",
    "image_url": "https://cdn1.woolworths.media/content/wowproductimages/large/141478.jpg",
    "source_id": "Woolworths - 141478",
    "barcode": "7630486400860",
    "category_id": "1_39FD49C",
    "shop": "Woolworths",
    "weight": "100G",
    "prices": [
      {
        "state": "VIC",
        "price": "890",
        "price_per_unit": "445",
        "price_unit": "G"
      },
      {
        "state": "WA",
        "price": "890",
        "price_per_unit": "445",
        "price_unit": "G"
      },
      {
        "state": "SA",
        "price": "890",
        "price_per_unit": "445",
        "price_unit": "G"
      },
      {
        "state": "TAS",
        "price": "890",
        "price_per_unit": "445",
        "price_unit": "G"
      },
      {
        "state": "ACT",
        "price": "890",
        "price_per_unit": "445",
        "price_unit": "G"
      },
      {
        "state": "NT",
        "price": "935",
        "price_per_unit": "468",
        "price_unit": "G"
      }
    ]
  },
  {
    "source_url": "https://www.woolworths.com.au/shop/productdetails/108123/whole-earth-monk-fruit-sweetener-granules",
    "name": "Whole Earth Monk Fruit Sweetener Granules 200g",
    "image_url": "https://cdn1.woolworths.media/content/wowproductimages/large/108123.jpg",
    "source_id": "Woolworths - 108123",
    "barcode": "7640110709962",
    "category_id": "1_39FD49C",
    "shop": "Woolworths",
    "weight": "100G",
    "prices": [
      {
        "state": "VIC",
        "price": "850",
        "price_per_unit": "425",
        "price_unit": "G"
      },
      {
        "state": "QLD",
        "price": "850",
        "price_per_unit": "425",
        "price_unit": "G"
      },
      {
        "state": "WA",
        "price": "850",
        "price_per_unit": "425",
        "price_unit": "G"
      },
      {
        "state": "SA",
        "price": "850",
        "price_per_unit": "425",
        "price_unit": "G"
      },
      {
        "state": "TAS",
        "price": "850",
        "price_per_unit": "425",
        "price_unit": "G"
      },
      {
        "state": "ACT",
        "price": "850",
        "price_per_unit": "425",
        "price_unit": "G"
      },
      {
        "state": "NT",
        "price": "895",
        "price_per_unit": "448",
        "price_unit": "G"
      }
    ]
  },
  {
    "source_url": "https://www.woolworths.com.au/shop/productdetails/108124/whole-earth-monk-fruit-sweetener-sticks",
    "name": "Whole Earth Monk Fruit Sweetener Sticks 40 Pack",
    "image_url": "https://cdn1.woolworths.media/content/wowproductimages/large/108124.jpg",
    "source_id": "Woolworths - 108124",
    "barcode": "7640110709955",
    "category_id": "1_39FD49C",
    "shop": "Woolworths",
    "weight": "1EA",
    "prices": [
      {
        "state": "VIC",
        "price": "490",
        "price_per_unit": "12",
        "price_unit": "EA"
      },
      {
        "state": "QLD",
        "price": "490",
        "price_per_unit": "12",
        "price_unit": "EA"
      },
      {
        "state": "WA",
        "price": "490",
        "price_per_unit": "12",
        "price_unit": "EA"
      },
      {
        "state": "SA",
        "price": "490",
        "price_per_unit": "12",
        "price_unit": "EA"
      },
      {
        "state": "TAS",
        "price": "490",
        "price_per_unit": "12",
        "price_unit": "EA"
      },
      {
        "state": "ACT",
        "price": "490",
        "price_per_unit": "12",
        "price_unit": "EA"
      },
      {
        "state": "NT",
        "price": "515",
        "price_per_unit": "13",
        "price_unit": "EA"
      }
    ]
  },
  {
    "source_url": "https://www.woolworths.com.au/shop/productdetails/141705/whole-earth-raw-sugar-replacement",
    "name": "Whole Earth Raw Sugar Replacement 200g",
    "image_url": "https://cdn1.woolworths.media/content/wowproductimages/large/141705.jpg",
    "source_id": "Woolworths - 141705",
    "barcode": "7630486400792",
    "category_id": "1_39FD49C",
    "shop": "Woolworths",
    "weight": "100G",
    "prices": [
      {
        "state": "VIC",
        "price": "890",
        "price_per_unit": "445",
        "price_unit": "G"
      },
      {
        "state": "QLD",
        "price": "890",
        "price_per_unit": "445",
        "price_unit": "G"
      },
      {
        "state": "WA",
        "price": "890",
        "price_per_unit": "445",
        "price_unit": "G"
      },
      {
        "state": "SA",
        "price": "890",
        "price_per_unit": "445",
        "price_unit": "G"
      },
      {
        "state": "TAS",
        "price": "890",
        "price_per_unit": "445",
        "price_unit": "G"
      },
      {
        "state": "ACT",
        "price": "890",
        "price_per_unit": "445",
        "price_unit": "G"
      },
      {
        "state": "NT",
        "price": "935",
        "price_per_unit": "468",
        "price_unit": "G"
      }
    ]
  },
  {
    "source_url": "https://www.woolworths.com.au/shop/productdetails/251041/whole-earth-stevia-sugar-replacement",
    "name": "Whole Earth Stevia Sugar Replacement 600g",
    "image_url": "https://cdn1.woolworths.media/content/wowproductimages/large/251041.jpg",
    "source_id": "Woolworths - 251041",
    "barcode": "7630486402635",
    "category_id": "1_39FD49C",
    "shop": "Woolworths",
    "weight": "100G",
    "prices": [
      {
        "state": "VIC",
        "price": "1080",
        "price_per_unit": "180",
        "price_unit": "G"
      },
      {
        "state": "QLD",
        "price": "1080",
        "price_per_unit": "180",
        "price_unit": "G"
      },
      {
        "state": "WA",
        "price": "1080",
        "price_per_unit": "180",
        "price_unit": "G"
      },
      {
        "state": "SA",
        "price": "1080",
        "price_per_unit": "180",
        "price_unit": "G"
      },
      {
        "state": "TAS",
        "price": "1080",
        "price_per_unit": "180",
        "price_unit": "G"
      },
      {
        "state": "ACT",
        "price": "1080",
        "price_per_unit": "180",
        "price_unit": "G"
      },
      {
        "state": "NT",
        "price": "1080",
        "price_per_unit": "180",
        "price_unit": "G"
      }
    ]
  },
  {
    "source_url": "https://www.woolworths.com.au/shop/productdetails/163996/whole-earth-stevia-sugar-replacement-super-valuepack",
    "name": "Whole Earth Stevia Sugar Replacement Super Valuepack 350g",
    "image_url": "https://cdn1.woolworths.media/content/wowproductimages/large/163996.jpg",
    "source_id": "Woolworths - 163996",
    "barcode": "7630486400884",
    "category_id": "1_39FD49C",
    "shop": "Woolworths",
    "weight": "100G",
    "prices": [
      {
        "state": "VIC",
        "price": "690",
        "price_per_unit": "197",
        "price_unit": "G"
      },
      {
        "state": "QLD",
        "price": "690",
        "price_per_unit": "197",
        "price_unit": "G"
      },
      {
        "state": "WA",
        "price": "690",
        "price_per_unit": "197",
        "price_unit": "G"
      },
      {
        "state": "SA",
        "price": "690",
        "price_per_unit": "197",
        "price_unit": "G"
      },
      {
        "state": "TAS",
        "price": "690",
        "price_per_unit": "197",
        "price_unit": "G"
      },
      {
        "state": "ACT",
        "price": "690",
        "price_per_unit": "197",
        "price_unit": "G"
      },
      {
        "state": "NT",
        "price": "725",
        "price_per_unit": "207",
        "price_unit": "G"
      }
    ]
  },
  {
    "source_url": "https://www.woolworths.com.au/shop/productdetails/94732/woolworths-golden-syrup",
    "name": "Woolworths Golden Syrup 400g",
    "image_url": "https://cdn1.woolworths.media/content/wowproductimages/large/094732.jpg",
    "source_id": "Woolworths - 94732",
    "barcode": "9339687172009",
    "category_id": "1_39FD49C",
    "shop": "Woolworths",
    "weight": "100G",
    "prices": [
      {
        "state": "VIC",
        "price": "220",
        "price_per_unit": "55",
        "price_unit": "G"
      },
      {
        "state": "QLD",
        "price": "220",
        "price_per_unit": "55",
        "price_unit": "G"
      },
      {
        "state": "WA",
        "price": "220",
        "price_per_unit": "55",
        "price_unit": "G"
      },
      {
        "state": "SA",
        "price": "220",
        "price_per_unit": "55",
        "price_unit": "G"
      },
      {
        "state": "TAS",
        "price": "220",
        "price_per_unit": "55",
        "price_unit": "G"
      },
      {
        "state": "ACT",
        "price": "220",
        "price_per_unit": "55",
        "price_unit": "G"
      },
      {
        "state": "NT",
        "price": "220",
        "price_per_unit": "55",
        "price_unit": "G"
      }
    ]
  },
  {
    "source_url": "https://www.woolworths.com.au/shop/productdetails/365936/woolworths-sweetener-tablets",
    "name": "Woolworths Sweetener Tablets 300 Pack",
    "image_url": "https://cdn1.woolworths.media/content/wowproductimages/large/365936.jpg",
    "source_id": "Woolworths - 365936",
    "barcode": "9300633215880",
    "category_id": "1_39FD49C",
    "shop": "Woolworths",
    "weight": "100EA",
    "prices": [
      {
        "state": "VIC",
        "price": "300",
        "price_per_unit": "100",
        "price_unit": "EA"
      },
      {
        "state": "QLD",
        "price": "300",
        "price_per_unit": "100",
        "price_unit": "EA"
      },
      {
        "state": "WA",
        "price": "300",
        "price_per_unit": "100",
        "price_unit": "EA"
      },
      {
        "state": "SA",
        "price": "300",
        "price_per_unit": "100",
        "price_unit": "EA"
      },
      {
        "state": "TAS",
        "price": "300",
        "price_per_unit": "100",
        "price_unit": "EA"
      },
      {
        "state": "ACT",
        "price": "300",
        "price_per_unit": "100",
        "price_unit": "EA"
      },
      {
        "state": "NT",
        "price": "300",
        "price_per_unit": "100",
        "price_unit": "EA"
      }
    ]
  },
  {
    "source_url": "https://www.woolworths.com.au/shop/productdetails/193794/sunshine-sugar-low-gi-sugar",
    "name": "Sunshine Sugar Low GI Sugar 1kg",
    "image_url": "https://cdn1.woolworths.media/content/wowproductimages/large/193794.jpg",
    "source_id": "Woolworths - 193794",
    "barcode": "9316220146017",
    "category_id": "1_39FD49C",
    "shop": "Woolworths",
    "weight": "100G",
    "prices": [
      {
        "state": "WA",
        "price": "300",
        "price_per_unit": "30",
        "price_unit": "G"
      },
      {
        "state": "SA",
        "price": "300",
        "price_per_unit": "30",
        "price_unit": "G"
      },
      {
        "state": "TAS",
        "price": "300",
        "price_per_unit": "30",
        "price_unit": "G"
      },
      {
        "state": "ACT",
        "price": "300",
        "price_per_unit": "30",
        "price_unit": "G"
      },
      {
        "state": "NT",
        "price": "300",
        "price_per_unit": "30",
        "price_unit": "G"
      }
    ]
  }
]