[
  {
    "source_url": "https://www.woolworths.com.au/shop/productdetails/298114/biore-combo-deep-cleansing-pore-strips",
    "name": "Biore Combo Deep Cleansing Pore Strips 14 Pack",
    "image_url": "https://cdn1.woolworths.media/content/wowproductimages/large/298114.jpg",
    "source_id": "Woolworths - 298114",
    "barcode": "9335782000094",
    "category_id": "22394",
    "shop": "Woolworths",
    "weight": "1EA",
    "prices": [
      {
        "state": "NSW",
        "price": "1100",
        "price_per_unit": "79",
        "price_unit": "EA"
      },
      {
        "state": "VIC",
        "price": "1100",
        "price_per_unit": "79",
        "price_unit": "EA"
      },
      {
        "state": "QLD",
        "price": "1100",
        "price_per_unit": "79",
        "price_unit": "EA"
      },
      {
        "state": "WA",
        "price": "1100",
        "price_per_unit": "79",
        "price_unit": "EA"
      },
      {
        "state": "SA",
        "price": "1100",
        "price_per_unit": "79",
        "price_unit": "EA"
      },
      {
        "state": "TAS",
        "price": "1100",
        "price_per_unit": "79",
        "price_unit": "EA"
      },
      {
        "state": "ACT",
        "price": "1100",
        "price_per_unit": "79",
        "price_unit": "EA"
      },
      {
        "state": "NT",
        "price": "1100",
        "price_per_unit": "79",
        "price_unit": "EA"
      }
    ]
  },
  {
    "source_url": "https://www.woolworths.com.au/shop/productdetails/482729/biore-deep-cleansing-charcoal-pore-strip",
    "name": "Biore Deep Cleansing Charcoal Pore Strip 6 Pack",
    "image_url": "https://cdn1.woolworths.media/content/wowproductimages/large/482729.jpg",
    "source_id": "Woolworths - 482729",
    "barcode": "9335782004290",
    "category_id": "22394",
    "shop": "Woolworths",
    "weight": "1EA",
    "prices": [
      {
        "state": "NSW",
        "price": "750",
        "price_per_unit": "125",
        "price_unit": "EA"
      },
      {
        "state": "VIC",
        "price": "750",
        "price_per_unit": "125",
        "price_unit": "EA"
      },
      {
        "state": "QLD",
        "price": "750",
        "price_per_unit": "125",
        "price_unit": "EA"
      },
      {
        "state": "WA",
        "price": "750",
        "price_per_unit": "125",
        "price_unit": "EA"
      },
      {
        "state": "SA",
        "price": "750",
        "price_per_unit": "125",
        "price_unit": "EA"
      },
      {
        "state": "TAS",
        "price": "750",
        "price_per_unit": "125",
        "price_unit": "EA"
      },
      {
        "state": "ACT",
        "price": "750",
        "price_per_unit": "125",
        "price_unit": "EA"
      },
      {
        "state": "NT",
        "price": "790",
        "price_per_unit": "132",
        "price_unit": "EA"
      }
    ]
  },
  {
    "source_url": "https://www.woolworths.com.au/shop/productdetails/1478/biore-deep-cleansing-pore-strips",
    "name": "Biore Deep Cleansing Pore Strips 6 Pack",
    "image_url": "https://cdn1.woolworths.media/content/wowproductimages/large/001478.jpg",
    "source_id": "Woolworths - 1478",
    "barcode": "9335782000018",
    "category_id": "22394",
    "shop": "Woolworths",
    "weight": "1EA",
    "prices": [
      {
        "state": "NSW",
        "price": "720",
        "price_per_unit": "120",
        "price_unit": "EA"
      },
      {
        "state": "VIC",
        "price": "720",
        "price_per_unit": "120",
        "price_unit": "EA"
      },
      {
        "state": "WA",
        "price": "740",
        "price_per_unit": "123",
        "price_unit": "EA"
      },
      {
        "state": "SA",
        "price": "720",
        "price_per_unit": "120",
        "price_unit": "EA"
      },
      {
        "state": "TAS",
        "price": "720",
        "price_per_unit": "120",
        "price_unit": "EA"
      },
      {
        "state": "ACT",
        "price": "720",
        "price_per_unit": "120",
        "price_unit": "EA"
      }
    ]
  },
  {
    "source_url": "https://www.woolworths.com.au/shop/productdetails/436924/clearasil-5-in-1-pimple-fighter-exfoliating-scrub",
    "name": "Clearasil 5 In 1 Pimple Fighter Exfoliating Scrub 150ml",
    "image_url": "https://cdn1.woolworths.media/content/wowproductimages/large/436924.jpg",
    "source_id": "Woolworths - 436924",
    "barcode": "5011417562598",
    "category_id": "22394",
    "shop": "Woolworths",
    "weight": "100ML",
    "prices": [
      {
        "state": "NSW",
        "price": "1480",
        "price_per_unit": "987",
        "price_unit": "ML"
      },
      {
        "state": "VIC",
        "price": "1480",
        "price_per_unit": "987",
        "price_unit": "ML"
      },
      {
        "state": "QLD",
        "price": "1480",
        "price_per_unit": "987",
        "price_unit": "ML"
      },
      {
        "state": "WA",
        "price": "1480",
        "price_per_unit": "987",
        "price_unit": "ML"
      },
      {
        "state": "SA",
        "price": "1480",
        "price_per_unit": "987",
        "price_unit": "ML"
      },
      {
        "state": "TAS",
        "price": "1480",
        "price_per_unit": "987",
        "price_unit": "ML"
      },
      {
        "state": "ACT",
        "price": "1480",
        "price_per_unit": "987",
        "price_unit": "ML"
      },
      {
        "state": "NT",
        "price": "1480",
        "price_per_unit": "987",
        "price_unit": "ML"
      }
    ]
  },
  {
    "source_url": "https://www.woolworths.com.au/shop/productdetails/231929/clearasil-rapid-action-face-cleanser-gel-wash-for-clearer-skin",
    "name": "Clearasil Rapid Action Face Cleanser Gel Wash For Clearer Skin 200ml",
    "image_url": "https://cdn1.woolworths.media/content/wowproductimages/large/231929.jpg",
    "source_id": "Woolworths - 231929",
    "barcode": "9300711283138",
    "category_id": "22394",
    "shop": "Woolworths",
    "weight": "100ML",
    "prices": [
      {
        "state": "NSW",
        "price": "700",
        "price_per_unit": "350",
        "price_unit": "ML"
      },
      {
        "state": "VIC",
        "price": "700",
        "price_per_unit": "350",
        "price_unit": "ML"
      },
      {
        "state": "QLD",
        "price": "700",
        "price_per_unit": "350",
        "price_unit": "ML"
      },
      {
        "state": "WA",
        "price": "700",
        "price_per_unit": "350",
        "price_unit": "ML"
      },
      {
        "state": "SA",
        "price": "700",
        "price_per_unit": "350",
        "price_unit": "ML"
      },
      {
        "state": "TAS",
        "price": "700",
        "price_per_unit": "350",
        "price_unit": "ML"
      },
      {
        "state": "ACT",
        "price": "700",
        "price_per_unit": "350",
        "price_unit": "ML"
      },
      {
        "state": "NT",
        "price": "700",
        "price_per_unit": "350",
        "price_unit": "ML"
      }
    ]
  },
  {
    "source_url": "https://www.woolworths.com.au/shop/productdetails/1073918465/dope-skin-co-acai-berry-clay-mask-w-hemp-70ml",
    "name": "Dope Skin Co Acai Berry & Clay Mask w/ Hemp 70ml",
    "image_url": "https://cdn1.woolworths.media/content/wowproductimages/large/1073918465.jpg",
    "source_id": "Woolworths - 1073918465",
    "barcode": null,
    "category_id": "22394",
    "shop": "Woolworths",
    "weight": "100ML",
    "prices": [
      {
        "state": "NSW",
        "price": "3495",
        "price_per_unit": "4993",
        "price_unit": "ML"
      },
      {
        "state": "VIC",
        "price": "3495",
        "price_per_unit": "4993",
        "price_unit": "ML"
      },
      {
        "state": "QLD",
        "price": "3495",
        "price_per_unit": "4993",
        "price_unit": "ML"
      },
      {
        "state": "WA",
        "price": "3495",
        "price_per_unit": "4993",
        "price_unit": "ML"
      },
      {
        "state": "SA",
        "price": "3495",
        "price_per_unit": "4993",
        "price_unit": "ML"
      },
      {
        "state": "TAS",
        "price": "3495",
        "price_per_unit": "4993",
        "price_unit": "ML"
      },
      {
        "state": "ACT",
        "price": "3495",
        "price_per_unit": "4993",
        "price_unit": "ML"
      },
      {
        "state": "NT",
        "price": "3495",
        "price_per_unit": "4993",
        "price_unit": "ML"
      }
    ]
  },
  {
    "source_url": "https://www.woolworths.com.au/shop/productdetails/1073918454/dope-skin-co-aha-bha-resurfacing-serum-w-hemp-and-niacinamide-30ml",
    "name": "Dope Skin Co AHA/BHA Resurfacing Serum w/ Hemp and Niacinamide 30ml",
    "image_url": "https://cdn1.woolworths.media/content/wowproductimages/large/1073918454.jpg",
    "source_id": "Woolworths - 1073918454",
    "barcode": null,
    "category_id": "22394",
    "shop": "Woolworths",
    "weight": "100ML",
    "prices": [
      {
        "state": "NSW",
        "price": "3995",
        "price_per_unit": "13317",
        "price_unit": "ML"
      },
      {
        "state": "VIC",
        "price": "3995",
        "price_per_unit": "13317",
        "price_unit": "ML"
      },
      {
        "state": "QLD",
        "price": "3995",
        "price_per_unit": "13317",
        "price_unit": "ML"
      },
      {
        "state": "WA",
        "price": "3995",
        "price_per_unit": "13317",
        "price_unit": "ML"
      },
      {
        "state": "SA",
        "price": "3995",
        "price_per_unit": "13317",
        "price_unit": "ML"
      },
      {
        "state": "TAS",
        "price": "3995",
        "price_per_unit": "13317",
        "price_unit": "ML"
      },
      {
        "state": "ACT",
        "price": "3995",
        "price_per_unit": "13317",
        "price_unit": "ML"
      },
      {
        "state": "NT",
        "price": "3995",
        "price_per_unit": "13317",
        "price_unit": "ML"
      }
    ]
  },
  {
    "source_url": "https://www.woolworths.com.au/shop/productdetails/1073918456/dope-skin-co-calming-collagen-serum-w-hemp-and-hyaluronic-acid-30ml",
    "name": "Dope Skin Co Calming Collagen Serum w/ Hemp and Hyaluronic Acid 30ml",
    "image_url": "https://cdn1.woolworths.media/content/wowproductimages/large/1073918456.jpg",
    "source_id": "Woolworths - 1073918456",
    "barcode": null,
    "category_id": "22394",
    "shop": "Woolworths",
    "weight": "100ML",
    "prices": [
      {
        "state": "NSW",
        "price": "3995",
        "price_per_unit": "13317",
        "price_unit": "ML"
      },
      {
        "state": "VIC",
        "price": "3995",
        "price_per_unit": "13317",
        "price_unit": "ML"
      },
      {
        "state": "QLD",
        "price": "3995",
        "price_per_unit": "13317",
        "price_unit": "ML"
      },
      {
        "state": "WA",
        "price": "3995",
        "price_per_unit": "13317",
        "price_unit": "ML"
      },
      {
        "state": "SA",
        "price": "3995",
        "price_per_unit": "13317",
        "price_unit": "ML"
      },
      {
        "state": "TAS",
        "price": "3995",
        "price_per_unit": "13317",
        "price_unit": "ML"
      },
      {
        "state": "ACT",
        "price": "3995",
        "price_per_unit": "13317",
        "price_unit": "ML"
      },
      {
        "state": "NT",
        "price": "3995",
        "price_per_unit": "13317",
        "price_unit": "ML"
      }
    ]
  },
  {
    "source_url": "https://www.woolworths.com.au/shop/productdetails/1073918458/dope-skin-co-glow-serum-w-hemp-and-niacinamide-30ml",
    "name": "Dope Skin Co Glow Serum w/ Hemp and Niacinamide 30ml",
    "image_url": "https://cdn1.woolworths.media/content/wowproductimages/large/1073918458.jpg",
    "source_id": "Woolworths - 1073918458",
    "barcode": null,
    "category_id": "22394",
    "shop": "Woolworths",
    "weight": "100ML",
    "prices": [
      {
        "state": "NSW",
        "price": "3995",
        "price_per_unit": "13317",
        "price_unit": "ML"
      },
      {
        "state": "VIC",
        "price": "3995",
        "price_per_unit": "13317",
        "price_unit": "ML"
      },
      {
        "state": "QLD",
        "price": "3995",
        "price_per_unit": "13317",
        "price_unit": "ML"
      },
      {
        "state": "WA",
        "price": "3995",
        "price_per_unit": "13317",
        "price_unit": "ML"
      },
      {
        "state": "SA",
        "price": "3995",
        "price_per_unit": "13317",
        "price_unit": "ML"
      },
      {
        "state": "TAS",
        "price": "3995",
        "price_per_unit": "13317",
        "price_unit": "ML"
      },
      {
        "state": "ACT",
        "price": "3995",
        "price_per_unit": "13317",
        "price_unit": "ML"
      },
      {
        "state": "NT",
        "price": "3995",
        "price_per_unit": "13317",
        "price_unit": "ML"
      }
    ]
  },
  {
    "source_url": "https://www.woolworths.com.au/shop/productdetails/36055/essano-collagen-boost-eye-creme",
    "name": "Essano Collagen Boost Eye Creme 10g",
    "image_url": "https://cdn1.woolworths.media/content/wowproductimages/large/036055.jpg",
    "source_id": "Woolworths - 36055",
    "barcode": "9421008705154",
    "category_id": "22394",
    "shop": "Woolworths",
    "weight": "100G",
    "prices": [
      {
        "state": "NSW",
        "price": "2700",
        "price_per_unit": "27000",
        "price_unit": "G"
      },
      {
        "state": "VIC",
        "price": "2700",
        "price_per_unit": "27000",
        "price_unit": "G"
      },
      {
        "state": "QLD",
        "price": "2700",
        "price_per_unit": "27000",
        "price_unit": "G"
      },
      {
        "state": "WA",
        "price": "2700",
        "price_per_unit": "27000",
        "price_unit": "G"
      },
      {
        "state": "SA",
        "price": "2700",
        "price_per_unit": "27000",
        "price_unit": "G"
      },
      {
        "state": "TAS",
        "price": "2700",
        "price_per_unit": "27000",
        "price_unit": "G"
      },
      {
        "state": "ACT",
        "price": "2700",
        "price_per_unit": "27000",
        "price_unit": "G"
      },
      {
        "state": "NT",
        "price": "2700",
        "price_per_unit": "27000",
        "price_unit": "G"
      }
    ]
  },
  {
    "source_url": "https://www.woolworths.com.au/shop/productdetails/232977/frula-vitamin-c-brightening-face-exfoliator-scrub",
    "name": "Frula Vitamin C Brightening Face Exfoliator Scrub 100mL",
    "image_url": "https://cdn1.woolworths.media/content/wowproductimages/large/232977.jpg",
    "source_id": "Woolworths - 232977",
    "barcode": "9421906990249",
    "category_id": "22394",
    "shop": "Woolworths",
    "weight": "100ML",
    "prices": [
      {
        "state": "NSW",
        "price": "1400",
        "price_per_unit": "1400",
        "price_unit": "ML"
      },
      {
        "state": "WA",
        "price": "1400",
        "price_per_unit": "1400",
        "price_unit": "ML"
      },
      {
        "state": "ACT",
        "price": "1400",
        "price_per_unit": "1400",
        "price_unit": "ML"
      }
    ]
  },
  {
    "source_url": "https://www.woolworths.com.au/shop/productdetails/312446/garnier-pure-active-3-in-1-clay-wash-scrub-mask",
    "name": "Garnier Pure Active 3-In-1 Clay Wash, Scrub & Mask 150mL",
    "image_url": "https://cdn1.woolworths.media/content/wowproductimages/large/312446.jpg",
    "source_id": "Woolworths - 312446",
    "barcode": "3600540710734",
    "category_id": "22394",
    "shop": "Woolworths",
    "weight": "100ML",
    "prices": [
      {
        "state": "NSW",
        "price": "1350",
        "price_per_unit": "900",
        "price_unit": "ML"
      },
      {
        "state": "VIC",
        "price": "1350",
        "price_per_unit": "900",
        "price_unit": "ML"
      },
      {
        "state": "QLD",
        "price": "1350",
        "price_per_unit": "900",
        "price_unit": "ML"
      },
      {
        "state": "WA",
        "price": "1350",
        "price_per_unit": "900",
        "price_unit": "ML"
      },
      {
        "state": "SA",
        "price": "1350",
        "price_per_unit": "900",
        "price_unit": "ML"
      },
      {
        "state": "TAS",
        "price": "1350",
        "price_per_unit": "900",
        "price_unit": "ML"
      },
      {
        "state": "ACT",
        "price": "1350",
        "price_per_unit": "900",
        "price_unit": "ML"
      },
      {
        "state": "NT",
        "price": "1410",
        "price_per_unit": "940",
        "price_unit": "ML"
      }
    ]
  },
  {
    "source_url": "https://www.woolworths.com.au/shop/productdetails/700247/garnier-skin-active-hydra-bomb-eye-sheet-mask-orange",
    "name": "Garnier Skin Active Hydra Bomb Eye Sheet Mask Orange each",
    "image_url": "https://cdn1.woolworths.media/content/wowproductimages/large/700247.jpg",
    "source_id": "Woolworths - 700247",
    "barcode": "6970175255823",
    "category_id": "22394",
    "shop": "Woolworths",
    "weight": "100G",
    "prices": [
      {
        "state": "NSW",
        "price": "500",
        "price_per_unit": "8333",
        "price_unit": "G"
      },
      {
        "state": "VIC",
        "price": "500",
        "price_per_unit": "8333",
        "price_unit": "G"
      },
      {
        "state": "WA",
        "price": "500",
        "price_per_unit": "8333",
        "price_unit": "G"
      },
      {
        "state": "SA",
        "price": "500",
        "price_per_unit": "8333",
        "price_unit": "G"
      },
      {
        "state": "TAS",
        "price": "500",
        "price_per_unit": "8333",
        "price_unit": "G"
      },
      {
        "state": "ACT",
        "price": "500",
        "price_per_unit": "8333",
        "price_unit": "G"
      },
      {
        "state": "NT",
        "price": "520",
        "price_per_unit": "8667",
        "price_unit": "G"
      }
    ]
  },
  {
    "source_url": "https://www.woolworths.com.au/shop/productdetails/56453/garnier-skin-active-hydra-bomb-sheet-face-mask-chamomile",
    "name": "Garnier Skin Active Hydra Bomb Sheet Face Mask Chamomile each",
    "image_url": "https://cdn1.woolworths.media/content/wowproductimages/large/056453.jpg",
    "source_id": "Woolworths - 56453",
    "barcode": "6923700977493",
    "category_id": "22394",
    "shop": "Woolworths",
    "weight": "100G",
    "prices": [
      {
        "state": "NSW",
        "price": "700",
        "price_per_unit": "2188",
        "price_unit": "G"
      },
      {
        "state": "VIC",
        "price": "700",
        "price_per_unit": "2188",
        "price_unit": "G"
      },
      {
        "state": "QLD",
        "price": "700",
        "price_per_unit": "2188",
        "price_unit": "G"
      },
      {
        "state": "WA",
        "price": "700",
        "price_per_unit": "2188",
        "price_unit": "G"
      },
      {
        "state": "SA",
        "price": "700",
        "price_per_unit": "2188",
        "price_unit": "G"
      },
      {
        "state": "TAS",
        "price": "700",
        "price_per_unit": "2188",
        "price_unit": "G"
      },
      {
        "state": "ACT",
        "price": "700",
        "price_per_unit": "2188",
        "price_unit": "G"
      },
      {
        "state": "NT",
        "price": "730",
        "price_per_unit": "2281",
        "price_unit": "G"
      }
    ]
  },
  {
    "source_url": "https://www.woolworths.com.au/shop/productdetails/56448/garnier-skin-active-hydra-bomb-sheet-face-mask-green-tea",
    "name": "Garnier Skin Active Hydra Bomb Sheet Face Mask Green Tea each",
    "image_url": "https://cdn1.woolworths.media/content/wowproductimages/large/056448.jpg",
    "source_id": "Woolworths - 56448",
    "barcode": "6923700977516",
    "category_id": "22394",
    "shop": "Woolworths",
    "weight": "100G",
    "prices": [
      {
        "state": "NSW",
        "price": "700",
        "price_per_unit": "2188",
        "price_unit": "G"
      },
      {
        "state": "VIC",
        "price": "700",
        "price_per_unit": "2188",
        "price_unit": "G"
      },
      {
        "state": "WA",
        "price": "700",
        "price_per_unit": "2188",
        "price_unit": "G"
      },
      {
        "state": "SA",
        "price": "700",
        "price_per_unit": "2188",
        "price_unit": "G"
      },
      {
        "state": "TAS",
        "price": "700",
        "price_per_unit": "2188",
        "price_unit": "G"
      },
      {
        "state": "ACT",
        "price": "700",
        "price_per_unit": "2188",
        "price_unit": "G"
      }
    ]
  },
  {
    "source_url": "https://www.woolworths.com.au/shop/productdetails/71403/garnier-skin-active-hydra-bomb-sheet-face-mask-lavender",
    "name": "Garnier Skin Active Hydra Bomb Sheet Face Mask Lavender each",
    "image_url": "https://cdn1.woolworths.media/content/wowproductimages/large/071403.jpg",
    "source_id": "Woolworths - 71403",
    "barcode": "6923700977530",
    "category_id": "22394",
    "shop": "Woolworths",
    "weight": "1EA",
    "prices": [
      {
        "state": "NSW",
        "price": "700",
        "price_per_unit": "700",
        "price_unit": "EA"
      },
      {
        "state": "VIC",
        "price": "700",
        "price_per_unit": "700",
        "price_unit": "EA"
      },
      {
        "state": "WA",
        "price": "700",
        "price_per_unit": "700",
        "price_unit": "EA"
      },
      {
        "state": "SA",
        "price": "700",
        "price_per_unit": "700",
        "price_unit": "EA"
      },
      {
        "state": "TAS",
        "price": "700",
        "price_per_unit": "700",
        "price_unit": "EA"
      },
      {
        "state": "ACT",
        "price": "700",
        "price_per_unit": "700",
        "price_unit": "EA"
      }
    ]
  },
  {
    "source_url": "https://www.woolworths.com.au/shop/productdetails/56452/garnier-skin-active-hydra-bomb-sheet-face-mask-pomegranate",
    "name": "Garnier Skin Active Hydra Bomb Sheet Face Mask Pomegranate each",
    "image_url": "https://cdn1.woolworths.media/content/wowproductimages/large/056452.jpg",
    "source_id": "Woolworths - 56452",
    "barcode": "6923700977554",
    "category_id": "22394",
    "shop": "Woolworths",
    "weight": "100G",
    "prices": [
      {
        "state": "NSW",
        "price": "700",
        "price_per_unit": "2188",
        "price_unit": "G"
      },
      {
        "state": "VIC",
        "price": "700",
        "price_per_unit": "2188",
        "price_unit": "G"
      },
      {
        "state": "QLD",
        "price": "700",
        "price_per_unit": "2188",
        "price_unit": "G"
      },
      {
        "state": "WA",
        "price": "700",
        "price_per_unit": "2188",
        "price_unit": "G"
      },
      {
        "state": "SA",
        "price": "700",
        "price_per_unit": "2188",
        "price_unit": "G"
      },
      {
        "state": "TAS",
        "price": "700",
        "price_per_unit": "2188",
        "price_unit": "G"
      },
      {
        "state": "ACT",
        "price": "700",
        "price_per_unit": "2188",
        "price_unit": "G"
      },
      {
        "state": "NT",
        "price": "730",
        "price_per_unit": "2281",
        "price_unit": "G"
      }
    ]
  },
  {
    "source_url": "https://www.woolworths.com.au/shop/productdetails/159458/garnier-skin-active-pure-active-daily-pore-scrub-wash",
    "name": "Garnier Skin Active Pure Active Daily Pore Scrub Wash 150mL",
    "image_url": "https://cdn1.woolworths.media/content/wowproductimages/large/159458.jpg",
    "source_id": "Woolworths - 159458",
    "barcode": "9312825662754",
    "category_id": "22394",
    "shop": "Woolworths",
    "weight": "100ML",
    "prices": [
      {
        "state": "NSW",
        "price": "1350",
        "price_per_unit": "900",
        "price_unit": "ML"
      },
      {
        "state": "VIC",
        "price": "1350",
        "price_per_unit": "900",
        "price_unit": "ML"
      },
      {
        "state": "QLD",
        "price": "1350",
        "price_per_unit": "900",
        "price_unit": "ML"
      },
      {
        "state": "WA",
        "price": "1350",
        "price_per_unit": "900",
        "price_unit": "ML"
      },
      {
        "state": "SA",
        "price": "1350",
        "price_per_unit": "900",
        "price_unit": "ML"
      },
      {
        "state": "TAS",
        "price": "1350",
        "price_per_unit": "900",
        "price_unit": "ML"
      },
      {
        "state": "ACT",
        "price": "1350",
        "price_per_unit": "900",
        "price_unit": "ML"
      },
      {
        "state": "NT",
        "price": "1410",
        "price_per_unit": "940",
        "price_unit": "ML"
      }
    ]
  },
  {
    "source_url": "https://www.woolworths.com.au/shop/productdetails/256984/garnier-skin-active-vitamin-c-eye-cream",
    "name": "Garnier Skin Active Vitamin C Eye Cream 15mL",
    "image_url": "https://cdn1.woolworths.media/content/wowproductimages/large/256984.jpg",
    "source_id": "Woolworths - 256984",
    "barcode": "3600542514101",
    "category_id": "22394",
    "shop": "Woolworths",
    "weight": "100ML",
    "prices": [
      {
        "state": "NSW",
        "price": "3000",
        "price_per_unit": "20000",
        "price_unit": "ML"
      },
      {
        "state": "VIC",
        "price": "3000",
        "price_per_unit": "20000",
        "price_unit": "ML"
      },
      {
        "state": "QLD",
        "price": "3000",
        "price_per_unit": "20000",
        "price_unit": "ML"
      },
      {
        "state": "WA",
        "price": "3000",
        "price_per_unit": "20000",
        "price_unit": "ML"
      },
      {
        "state": "SA",
        "price": "3000",
        "price_per_unit": "20000",
        "price_unit": "ML"
      },
      {
        "state": "TAS",
        "price": "3000",
        "price_per_unit": "20000",
        "price_unit": "ML"
      },
      {
        "state": "ACT",
        "price": "3000",
        "price_per_unit": "20000",
        "price_unit": "ML"
      },
      {
        "state": "NT",
        "price": "3000",
        "price_per_unit": "20000",
        "price_unit": "ML"
      }
    ]
  },
  {
    "source_url": "https://www.woolworths.com.au/shop/productdetails/71404/garnier-skinactive-hydra-bomb-tissue-face-mask-sakura",
    "name": "Garnier Skinactive Hydra Bomb Tissue Face Mask Sakura Each",
    "image_url": "https://cdn1.woolworths.media/content/wowproductimages/large/071404.jpg",
    "source_id": "Woolworths - 71404",
    "barcode": "6923700977578",
    "category_id": "22394",
    "shop": "Woolworths",
    "weight": "1EA",
    "prices": [
      {
        "state": "NSW",
        "price": "700",
        "price_per_unit": "700",
        "price_unit": "EA"
      },
      {
        "state": "WA",
        "price": "700",
        "price_per_unit": "700",
        "price_unit": "EA"
      },
      {
        "state": "SA",
        "price": "700",
        "price_per_unit": "700",
        "price_unit": "EA"
      },
      {
        "state": "ACT",
        "price": "700",
        "price_per_unit": "700",
        "price_unit": "EA"
      }
    ]
  },
  {
    "source_url": "https://www.woolworths.com.au/shop/productdetails/946107/hero-mighty-patch-invisible-hydrocolloid-patches",
    "name": "Hero Mighty Patch Invisible+ Hydrocolloid Patches 24 pack",
    "image_url": "https://cdn1.woolworths.media/content/wowproductimages/large/946107.jpg",
    "source_id": "Woolworths - 946107",
    "barcode": "9310320004437",
    "category_id": "22394",
    "shop": "Woolworths",
    "weight": "1EA",
    "prices": [
      {
        "state": "NSW",
        "price": "1450",
        "price_per_unit": "60",
        "price_unit": "EA"
      },
      {
        "state": "VIC",
        "price": "1450",
        "price_per_unit": "60",
        "price_unit": "EA"
      },
      {
        "state": "QLD",
        "price": "1450",
        "price_per_unit": "60",
        "price_unit": "EA"
      },
      {
        "state": "WA",
        "price": "1450",
        "price_per_unit": "60",
        "price_unit": "EA"
      },
      {
        "state": "SA",
        "price": "1450",
        "price_per_unit": "60",
        "price_unit": "EA"
      },
      {
        "state": "TAS",
        "price": "1450",
        "price_per_unit": "60",
        "price_unit": "EA"
      },
      {
        "state": "ACT",
        "price": "1450",
        "price_per_unit": "60",
        "price_unit": "EA"
      },
      {
        "state": "NT",
        "price": "1450",
        "price_per_unit": "60",
        "price_unit": "EA"
      }
    ]
  },
  {
    "source_url": "https://www.woolworths.com.au/shop/productdetails/385334/hero-mighty-patch-the-original",
    "name": "Hero Mighty Patch The Original 24 Pack",
    "image_url": "https://cdn1.woolworths.media/content/wowproductimages/large/385334.jpg",
    "source_id": "Woolworths - 385334",
    "barcode": "9310320004420",
    "category_id": "22394",
    "shop": "Woolworths",
    "weight": "1EA",
    "prices": [
      {
        "state": "NSW",
        "price": "1300",
        "price_per_unit": "54",
        "price_unit": "EA"
      },
      {
        "state": "VIC",
        "price": "1300",
        "price_per_unit": "54",
        "price_unit": "EA"
      },
      {
        "state": "QLD",
        "price": "1300",
        "price_per_unit": "54",
        "price_unit": "EA"
      },
      {
        "state": "WA",
        "price": "1300",
        "price_per_unit": "54",
        "price_unit": "EA"
      },
      {
        "state": "SA",
        "price": "1300",
        "price_per_unit": "54",
        "price_unit": "EA"
      },
      {
        "state": "TAS",
        "price": "1300",
        "price_per_unit": "54",
        "price_unit": "EA"
      },
      {
        "state": "ACT",
        "price": "1300",
        "price_per_unit": "54",
        "price_unit": "EA"
      },
      {
        "state": "NT",
        "price": "1300",
        "price_per_unit": "54",
        "price_unit": "EA"
      }
    ]
  },
  {
    "source_url": "https://www.woolworths.com.au/shop/productdetails/196587/l-oreal-paris-revitalift-filler-fragrance-free-eye-serum",
    "name": "L'Oreal Paris Revitalift Filler Fragrance Free Eye Serum 20ml",
    "image_url": "https://cdn1.woolworths.media/content/wowproductimages/large/196587.jpg",
    "source_id": "Woolworths - 196587",
    "barcode": "3600524025595",
    "category_id": "22394",
    "shop": "Woolworths",
    "weight": "100ML",
    "prices": [
      {
        "state": "NSW",
        "price": "5500",
        "price_per_unit": "27500",
        "price_unit": "ML"
      },
      {
        "state": "VIC",
        "price": "5500",
        "price_per_unit": "27500",
        "price_unit": "ML"
      },
      {
        "state": "QLD",
        "price": "5500",
        "price_per_unit": "27500",
        "price_unit": "ML"
      },
      {
        "state": "WA",
        "price": "5500",
        "price_per_unit": "27500",
        "price_unit": "ML"
      },
      {
        "state": "SA",
        "price": "5500",
        "price_per_unit": "27500",
        "price_unit": "ML"
      },
      {
        "state": "TAS",
        "price": "5500",
        "price_per_unit": "27500",
        "price_unit": "ML"
      },
      {
        "state": "ACT",
        "price": "5500",
        "price_per_unit": "27500",
        "price_unit": "ML"
      },
      {
        "state": "NT",
        "price": "5500",
        "price_per_unit": "27500",
        "price_unit": "ML"
      }
    ]
  },
  {
    "source_url": "https://www.woolworths.com.au/shop/productdetails/917932/mcobeauty-age-resist-active-gold-foil-face-sheet-mask",
    "name": "MCoBeauty Age Resist Active Gold Foil Face Sheet Mask each",
    "image_url": "https://cdn1.woolworths.media/content/wowproductimages/large/917932.jpg",
    "source_id": "Woolworths - 917932",
    "barcode": "9331880033903",
    "category_id": "22394",
    "shop": "Woolworths",
    "weight": "1EA",
    "prices": [
      {
        "state": "NSW",
        "price": "900",
        "price_per_unit": "900",
        "price_unit": "EA"
      },
      {
        "state": "VIC",
        "price": "900",
        "price_per_unit": "900",
        "price_unit": "EA"
      },
      {
        "state": "WA",
        "price": "900",
        "price_per_unit": "900",
        "price_unit": "EA"
      },
      {
        "state": "SA",
        "price": "900",
        "price_per_unit": "900",
        "price_unit": "EA"
      },
      {
        "state": "TAS",
        "price": "900",
        "price_per_unit": "900",
        "price_unit": "EA"
      },
      {
        "state": "ACT",
        "price": "900",
        "price_per_unit": "900",
        "price_unit": "EA"
      }
    ]
  },
  {
    "source_url": "https://www.woolworths.com.au/shop/productdetails/334835/mcobeauty-age-resist-active-gold-hydrogel-eye-patches",
    "name": "MCoBeauty Age Resist Active Gold Hydrogel Eye Patches 5 Pack",
    "image_url": "https://cdn1.woolworths.media/content/wowproductimages/large/334835.jpg",
    "source_id": "Woolworths - 334835",
    "barcode": "9331880023973",
    "category_id": "22394",
    "shop": "Woolworths",
    "weight": "1EA",
    "prices": [
      {
        "state": "NSW",
        "price": "2000",
        "price_per_unit": "2000",
        "price_unit": "EA"
      },
      {
        "state": "VIC",
        "price": "2000",
        "price_per_unit": "2000",
        "price_unit": "EA"
      },
      {
        "state": "QLD",
        "price": "2000",
        "price_per_unit": "2000",
        "price_unit": "EA"
      },
      {
        "state": "WA",
        "price": "2000",
        "price_per_unit": "2000",
        "price_unit": "EA"
      },
      {
        "state": "SA",
        "price": "2000",
        "price_per_unit": "2000",
        "price_unit": "EA"
      },
      {
        "state": "TAS",
        "price": "2000",
        "price_per_unit": "2000",
        "price_unit": "EA"
      },
      {
        "state": "ACT",
        "price": "2000",
        "price_per_unit": "2000",
        "price_unit": "EA"
      },
      {
        "state": "NT",
        "price": "2000",
        "price_per_unit": "2000",
        "price_unit": "EA"
      }
    ]
  },
  {
    "source_url": "https://www.woolworths.com.au/shop/productdetails/917851/mcobeauty-clear-blemish-spot-gel",
    "name": "MCoBeauty Clear Blemish Spot Gel 15ml",
    "image_url": "https://cdn1.woolworths.media/content/wowproductimages/large/917851.jpg",
    "source_id": "Woolworths - 917851",
    "barcode": "9331880033897",
    "category_id": "22394",
    "shop": "Woolworths",
    "weight": "1EA",
    "prices": [
      {
        "state": "NSW",
        "price": "2000",
        "price_per_unit": "2000",
        "price_unit": "EA"
      },
      {
        "state": "VIC",
        "price": "2000",
        "price_per_unit": "2000",
        "price_unit": "EA"
      },
      {
        "state": "QLD",
        "price": "2000",
        "price_per_unit": "2000",
        "price_unit": "EA"
      },
      {
        "state": "WA",
        "price": "2000",
        "price_per_unit": "2000",
        "price_unit": "EA"
      },
      {
        "state": "SA",
        "price": "2000",
        "price_per_unit": "2000",
        "price_unit": "EA"
      },
      {
        "state": "TAS",
        "price": "2000",
        "price_per_unit": "2000",
        "price_unit": "EA"
      },
      {
        "state": "ACT",
        "price": "2000",
        "price_per_unit": "2000",
        "price_unit": "EA"
      },
      {
        "state": "NT",
        "price": "2000",
        "price_per_unit": "2000",
        "price_unit": "EA"
      }
    ]
  },
  {
    "source_url": "https://www.woolworths.com.au/shop/productdetails/619344/mcobeauty-clear-retinol-party-pimple-patches-night",
    "name": "MCoBeauty Clear Retinol Party Pimple Patches Night 36 pack",
    "image_url": "https://cdn1.woolworths.media/content/wowproductimages/large/619344.jpg",
    "source_id": "Woolworths - 619344",
    "barcode": "9331880024024",
    "category_id": "22394",
    "shop": "Woolworths",
    "weight": "1EA",
    "prices": [
      {
        "state": "NSW",
        "price": "1000",
        "price_per_unit": "1000",
        "price_unit": "EA"
      },
      {
        "state": "VIC",
        "price": "1000",
        "price_per_unit": "1000",
        "price_unit": "EA"
      },
      {
        "state": "QLD",
        "price": "1000",
        "price_per_unit": "1000",
        "price_unit": "EA"
      },
      {
        "state": "WA",
        "price": "1000",
        "price_per_unit": "1000",
        "price_unit": "EA"
      },
      {
        "state": "SA",
        "price": "1000",
        "price_per_unit": "1000",
        "price_unit": "EA"
      },
      {
        "state": "TAS",
        "price": "1000",
        "price_per_unit": "1000",
        "price_unit": "EA"
      },
      {
        "state": "ACT",
        "price": "1000",
        "price_per_unit": "1000",
        "price_unit": "EA"
      },
      {
        "state": "NT",
        "price": "1000",
        "price_per_unit": "1000",
        "price_unit": "EA"
      }
    ]
  },
  {
    "source_url": "https://www.woolworths.com.au/shop/productdetails/334816/mcobeauty-glow-brightening-vitamin-c-eye-cream",
    "name": "MCoBeauty Glow Brightening Vitamin-c Eye Cream 15ml",
    "image_url": "https://cdn1.woolworths.media/content/wowproductimages/large/334816.jpg",
    "source_id": "Woolworths - 334816",
    "barcode": "9331880023928",
    "category_id": "22394",
    "shop": "Woolworths",
    "weight": "100ML",
    "prices": [
      {
        "state": "NSW",
        "price": "3200",
        "price_per_unit": "21333",
        "price_unit": "ML"
      },
      {
        "state": "VIC",
        "price": "3200",
        "price_per_unit": "21333",
        "price_unit": "ML"
      },
      {
        "state": "QLD",
        "price": "3200",
        "price_per_unit": "21333",
        "price_unit": "ML"
      },
      {
        "state": "WA",
        "price": "3200",
        "price_per_unit": "21333",
        "price_unit": "ML"
      },
      {
        "state": "SA",
        "price": "3200",
        "price_per_unit": "21333",
        "price_unit": "ML"
      },
      {
        "state": "TAS",
        "price": "3200",
        "price_per_unit": "21333",
        "price_unit": "ML"
      },
      {
        "state": "ACT",
        "price": "3200",
        "price_per_unit": "21333",
        "price_unit": "ML"
      },
      {
        "state": "NT",
        "price": "3200",
        "price_per_unit": "21333",
        "price_unit": "ML"
      }
    ]
  },
  {
    "source_url": "https://www.woolworths.com.au/shop/productdetails/334838/mcobeauty-hydrate-moisture-boost-overnight-mask",
    "name": "MCoBeauty Hydrate Moisture Boost Overnight Mask 100ml",
    "image_url": "https://cdn1.woolworths.media/content/wowproductimages/large/334838.jpg",
    "source_id": "Woolworths - 334838",
    "barcode": "9331880024000",
    "category_id": "22394",
    "shop": "Woolworths",
    "weight": "100ML",
    "prices": [
      {
        "state": "NSW",
        "price": "3200",
        "price_per_unit": "3200",
        "price_unit": "ML"
      },
      {
        "state": "WA",
        "price": "3200",
        "price_per_unit": "3200",
        "price_unit": "ML"
      },
      {
        "state": "SA",
        "price": "3200",
        "price_per_unit": "3200",
        "price_unit": "ML"
      },
      {
        "state": "ACT",
        "price": "3200",
        "price_per_unit": "3200",
        "price_unit": "ML"
      }
    ]
  },
  {
    "source_url": "https://www.woolworths.com.au/shop/productdetails/274916/mcobeauty-miracle-pimple-patch",
    "name": "MCoBeauty Miracle Pimple Patch 36 pack",
    "image_url": "https://cdn1.woolworths.media/content/wowproductimages/large/274916.jpg",
    "source_id": "Woolworths - 274916",
    "barcode": "9331880022426",
    "category_id": "22394",
    "shop": "Woolworths",
    "weight": "1EA",
    "prices": [
      {
        "state": "NSW",
        "price": "900",
        "price_per_unit": "900",
        "price_unit": "EA"
      },
      {
        "state": "VIC",
        "price": "900",
        "price_per_unit": "900",
        "price_unit": "EA"
      },
      {
        "state": "QLD",
        "price": "900",
        "price_per_unit": "900",
        "price_unit": "EA"
      },
      {
        "state": "WA",
        "price": "900",
        "price_per_unit": "900",
        "price_unit": "EA"
      },
      {
        "state": "SA",
        "price": "900",
        "price_per_unit": "900",
        "price_unit": "EA"
      },
      {
        "state": "TAS",
        "price": "900",
        "price_per_unit": "900",
        "price_unit": "EA"
      },
      {
        "state": "ACT",
        "price": "900",
        "price_per_unit": "900",
        "price_unit": "EA"
      },
      {
        "state": "NT",
        "price": "900",
        "price_per_unit": "900",
        "price_unit": "EA"
      }
    ]
  },
  {
    "source_url": "https://www.woolworths.com.au/shop/productdetails/623334/mcobeauty-miracle-xtreme-pimple-patches-day-night",
    "name": "MCoBeauty Miracle Xtreme Pimple Patches Day & Night 36 pack",
    "image_url": "https://cdn1.woolworths.media/content/wowproductimages/large/623334.jpg",
    "source_id": "Woolworths - 623334",
    "barcode": "9331880022440",
    "category_id": "22394",
    "shop": "Woolworths",
    "weight": "1EA",
    "prices": [
      {
        "state": "NSW",
        "price": "1000",
        "price_per_unit": "1000",
        "price_unit": "EA"
      },
      {
        "state": "VIC",
        "price": "1000",
        "price_per_unit": "1000",
        "price_unit": "EA"
      },
      {
        "state": "QLD",
        "price": "1000",
        "price_per_unit": "1000",
        "price_unit": "EA"
      },
      {
        "state": "WA",
        "price": "1000",
        "price_per_unit": "1000",
        "price_unit": "EA"
      },
      {
        "state": "SA",
        "price": "1000",
        "price_per_unit": "1000",
        "price_unit": "EA"
      },
      {
        "state": "TAS",
        "price": "1000",
        "price_per_unit": "1000",
        "price_unit": "EA"
      },
      {
        "state": "ACT",
        "price": "1000",
        "price_per_unit": "1000",
        "price_unit": "EA"
      },
      {
        "state": "NT",
        "price": "1000",
        "price_per_unit": "1000",
        "price_unit": "EA"
      }
    ]
  },
  {
    "source_url": "https://www.woolworths.com.au/shop/productdetails/258417/neutrogena-oil-free-acne-face-scrub-face-scrub",
    "name": "Neutrogena Oil Free Acne Face Scrub 125mL",
    "image_url": "https://cdn1.woolworths.media/content/wowproductimages/large/258417.jpg",
    "source_id": "Woolworths - 258417",
    "barcode": "62600300973",
    "category_id": "22394",
    "shop": "Woolworths",
    "weight": "100ML",
    "prices": [
      {
        "state": "NSW",
        "price": "1080",
        "price_per_unit": "864",
        "price_unit": "ML"
      },
      {
        "state": "VIC",
        "price": "1080",
        "price_per_unit": "864",
        "price_unit": "ML"
      },
      {
        "state": "QLD",
        "price": "1080",
        "price_per_unit": "864",
        "price_unit": "ML"
      },
      {
        "state": "WA",
        "price": "1080",
        "price_per_unit": "864",
        "price_unit": "ML"
      },
      {
        "state": "SA",
        "price": "1080",
        "price_per_unit": "864",
        "price_unit": "ML"
      },
      {
        "state": "TAS",
        "price": "1080",
        "price_per_unit": "864",
        "price_unit": "ML"
      },
      {
        "state": "ACT",
        "price": "1080",
        "price_per_unit": "864",
        "price_unit": "ML"
      },
      {
        "state": "NT",
        "price": "1080",
        "price_per_unit": "864",
        "price_unit": "ML"
      }
    ]
  },
  {
    "source_url": "https://www.woolworths.com.au/shop/productdetails/168379/neutrogena-oil-free-acne-wash-face-cleanser",
    "name": "Neutrogena Oil Free Acne Wash Face Cleanser 175mL",
    "image_url": "https://cdn1.woolworths.media/content/wowproductimages/large/168379.jpg",
    "source_id": "Woolworths - 168379",
    "barcode": "9300607379792",
    "category_id": "22394",
    "shop": "Woolworths",
    "weight": "100ML",
    "prices": [
      {
        "state": "NSW",
        "price": "1080",
        "price_per_unit": "617",
        "price_unit": "ML"
      },
      {
        "state": "VIC",
        "price": "1080",
        "price_per_unit": "617",
        "price_unit": "ML"
      },
      {
        "state": "QLD",
        "price": "1080",
        "price_per_unit": "617",
        "price_unit": "ML"
      },
      {
        "state": "WA",
        "price": "1080",
        "price_per_unit": "617",
        "price_unit": "ML"
      },
      {
        "state": "SA",
        "price": "1080",
        "price_per_unit": "617",
        "price_unit": "ML"
      },
      {
        "state": "TAS",
        "price": "1080",
        "price_per_unit": "617",
        "price_unit": "ML"
      },
      {
        "state": "ACT",
        "price": "1080",
        "price_per_unit": "617",
        "price_unit": "ML"
      },
      {
        "state": "NT",
        "price": "1080",
        "price_per_unit": "617",
        "price_unit": "ML"
      }
    ]
  },
  {
    "source_url": "https://www.woolworths.com.au/shop/productdetails/355054/neutrogena-oil-free-acne-wash-pink-grapefruit-face-cleanser",
    "name": "Neutrogena Oil Free Acne Wash Pink Grapefruit Face Cleanser 175mL",
    "image_url": "https://cdn1.woolworths.media/content/wowproductimages/large/355054.jpg",
    "source_id": "Woolworths - 355054",
    "barcode": "9300607560220",
    "category_id": "22394",
    "shop": "Woolworths",
    "weight": "100ML",
    "prices": [
      {
        "state": "NSW",
        "price": "1080",
        "price_per_unit": "617",
        "price_unit": "ML"
      },
      {
        "state": "WA",
        "price": "1080",
        "price_per_unit": "617",
        "price_unit": "ML"
      },
      {
        "state": "SA",
        "price": "1080",
        "price_per_unit": "617",
        "price_unit": "ML"
      },
      {
        "state": "ACT",
        "price": "1080",
        "price_per_unit": "617",
        "price_unit": "ML"
      }
    ]
  },
  {
    "source_url": "https://www.woolworths.com.au/shop/productdetails/819946/nivea-q10-anti-wrinkle-eye-cream-with-q10-creatine",
    "name": "Nivea Q10 Anti Wrinkle Eye Cream With q10 & Creatine 15ml",
    "image_url": "https://cdn1.woolworths.media/content/wowproductimages/large/819946.jpg",
    "source_id": "Woolworths - 819946",
    "barcode": "4005900566775",
    "category_id": "22394",
    "shop": "Woolworths",
    "weight": "10ML",
    "prices": [
      {
        "state": "NSW",
        "price": "2800",
        "price_per_unit": "1867",
        "price_unit": "ML"
      },
      {
        "state": "VIC",
        "price": "2800",
        "price_per_unit": "1867",
        "price_unit": "ML"
      },
      {
        "state": "QLD",
        "price": "2800",
        "price_per_unit": "1867",
        "price_unit": "ML"
      },
      {
        "state": "WA",
        "price": "2800",
        "price_per_unit": "1867",
        "price_unit": "ML"
      },
      {
        "state": "SA",
        "price": "2800",
        "price_per_unit": "1867",
        "price_unit": "ML"
      },
      {
        "state": "TAS",
        "price": "2800",
        "price_per_unit": "1867",
        "price_unit": "ML"
      },
      {
        "state": "ACT",
        "price": "2800",
        "price_per_unit": "1867",
        "price_unit": "ML"
      },
      {
        "state": "NT",
        "price": "2800",
        "price_per_unit": "1867",
        "price_unit": "ML"
      }
    ]
  },
  {
    "source_url": "https://www.woolworths.com.au/shop/productdetails/164924/olay-eyes-collagen-peptide24-eye-cream",
    "name": "Olay Eyes Collagen Peptide24 Eye Cream 15g",
    "image_url": "https://cdn1.woolworths.media/content/wowproductimages/large/164924.jpg",
    "source_id": "Woolworths - 164924",
    "barcode": "4987176041371",
    "category_id": "22394",
    "shop": "Woolworths",
    "weight": "10ML",
    "prices": [
      {
        "state": "NSW",
        "price": "3000",
        "price_per_unit": "2000",
        "price_unit": "ML"
      },
      {
        "state": "VIC",
        "price": "3000",
        "price_per_unit": "2000",
        "price_unit": "ML"
      },
      {
        "state": "QLD",
        "price": "3000",
        "price_per_unit": "2000",
        "price_unit": "ML"
      },
      {
        "state": "WA",
        "price": "3000",
        "price_per_unit": "2000",
        "price_unit": "ML"
      },
      {
        "state": "SA",
        "price": "3000",
        "price_per_unit": "2000",
        "price_unit": "ML"
      },
      {
        "state": "TAS",
        "price": "3000",
        "price_per_unit": "2000",
        "price_unit": "ML"
      },
      {
        "state": "ACT",
        "price": "3000",
        "price_per_unit": "2000",
        "price_unit": "ML"
      },
      {
        "state": "NT",
        "price": "3000",
        "price_per_unit": "2000",
        "price_unit": "ML"
      }
    ]
  },
  {
    "source_url": "https://www.woolworths.com.au/shop/productdetails/568512/olay-eyes-ultimate-eye-cream",
    "name": "Olay Eyes Ultimate Eye Cream 15ml",
    "image_url": "https://cdn1.woolworths.media/content/wowproductimages/large/568512.jpg",
    "source_id": "Woolworths - 568512",
    "barcode": "4902430719520",
    "category_id": "22394",
    "shop": "Woolworths",
    "weight": "100ML",
    "prices": [
      {
        "state": "NSW",
        "price": "3000",
        "price_per_unit": "20000",
        "price_unit": "ML"
      },
      {
        "state": "WA",
        "price": "3000",
        "price_per_unit": "20000",
        "price_unit": "ML"
      },
      {
        "state": "SA",
        "price": "3000",
        "price_per_unit": "20000",
        "price_unit": "ML"
      },
      {
        "state": "ACT",
        "price": "3000",
        "price_per_unit": "20000",
        "price_unit": "ML"
      }
    ]
  },
  {
    "source_url": "https://www.woolworths.com.au/shop/productdetails/547342/olay-pro-retinol-eye-treatment",
    "name": "Olay Pro-Retinol Eye Treatment 15mL",
    "image_url": "https://cdn1.woolworths.media/content/wowproductimages/large/547342.jpg",
    "source_id": "Woolworths - 547342",
    "barcode": "4987176209740",
    "category_id": "22394",
    "shop": "Woolworths",
    "weight": "100ML",
    "prices": [
      {
        "state": "NSW",
        "price": "3000",
        "price_per_unit": "20000",
        "price_unit": "ML"
      },
      {
        "state": "WA",
        "price": "3000",
        "price_per_unit": "20000",
        "price_unit": "ML"
      },
      {
        "state": "SA",
        "price": "3000",
        "price_per_unit": "20000",
        "price_unit": "ML"
      },
      {
        "state": "ACT",
        "price": "3000",
        "price_per_unit": "20000",
        "price_unit": "ML"
      }
    ]
  },
  {
    "source_url": "https://www.woolworths.com.au/shop/productdetails/112923/olay-regenerist-retinol24-eye-cream",
    "name": "Olay Regenerist Retinol24 Eye Cream 15ml",
    "image_url": "https://cdn1.woolworths.media/content/wowproductimages/large/112923.jpg",
    "source_id": "Woolworths - 112923",
    "barcode": "4902430917681",
    "category_id": "22394",
    "shop": "Woolworths",
    "weight": "100ML",
    "prices": [
      {
        "state": "NSW",
        "price": "3000",
        "price_per_unit": "20000",
        "price_unit": "ML"
      },
      {
        "state": "VIC",
        "price": "3000",
        "price_per_unit": "20000",
        "price_unit": "ML"
      },
      {
        "state": "QLD",
        "price": "3000",
        "price_per_unit": "20000",
        "price_unit": "ML"
      },
      {
        "state": "WA",
        "price": "3000",
        "price_per_unit": "20000",
        "price_unit": "ML"
      },
      {
        "state": "SA",
        "price": "3000",
        "price_per_unit": "20000",
        "price_unit": "ML"
      },
      {
        "state": "TAS",
        "price": "3000",
        "price_per_unit": "20000",
        "price_unit": "ML"
      },
      {
        "state": "ACT",
        "price": "3000",
        "price_per_unit": "20000",
        "price_unit": "ML"
      },
      {
        "state": "NT",
        "price": "3000",
        "price_per_unit": "20000",
        "price_unit": "ML"
      }
    ]
  },
  {
    "source_url": "https://www.woolworths.com.au/shop/productdetails/1073924856/sasy-n-savy-anti-aging-vitamin-serum-50ml",
    "name": "Sasy n Savy Anti-Aging Vitamin Serum 50mL",
    "image_url": "https://cdn1.woolworths.media/content/wowproductimages/large/1073924856.jpg",
    "source_id": "Woolworths - 1073924856",
    "barcode": null,
    "category_id": "22394",
    "shop": "Woolworths",
    "weight": "100ML",
    "prices": [
      {
        "state": "NSW",
        "price": "9000",
        "price_per_unit": "18000",
        "price_unit": "ML"
      },
      {
        "state": "VIC",
        "price": "9000",
        "price_per_unit": "18000",
        "price_unit": "ML"
      },
      {
        "state": "QLD",
        "price": "9000",
        "price_per_unit": "18000",
        "price_unit": "ML"
      },
      {
        "state": "WA",
        "price": "9000",
        "price_per_unit": "18000",
        "price_unit": "ML"
      },
      {
        "state": "SA",
        "price": "9000",
        "price_per_unit": "18000",
        "price_unit": "ML"
      },
      {
        "state": "TAS",
        "price": "9000",
        "price_per_unit": "18000",
        "price_unit": "ML"
      },
      {
        "state": "ACT",
        "price": "9000",
        "price_per_unit": "18000",
        "price_unit": "ML"
      },
      {
        "state": "NT",
        "price": "9000",
        "price_per_unit": "18000",
        "price_unit": "ML"
      }
    ]
  },
  {
    "source_url": "https://www.woolworths.com.au/shop/productdetails/1073924937/sasy-n-savy-care-for-you-skin-dry-sensitive-facial-skin-pack",
    "name": "Sasy n Savy Care for you Skin - Dry/Sensitive Facial Skin Pack",
    "image_url": "https://cdn1.woolworths.media/content/wowproductimages/large/1073924937.jpg",
    "source_id": "Woolworths - 1073924937",
    "barcode": null,
    "category_id": "22394",
    "shop": "Woolworths",
    "weight": "1EA",
    "prices": [
      {
        "state": "NSW",
        "price": "11000",
        "price_per_unit": "11000",
        "price_unit": "EA"
      },
      {
        "state": "VIC",
        "price": "11000",
        "price_per_unit": "11000",
        "price_unit": "EA"
      },
      {
        "state": "QLD",
        "price": "11000",
        "price_per_unit": "11000",
        "price_unit": "EA"
      },
      {
        "state": "WA",
        "price": "11000",
        "price_per_unit": "11000",
        "price_unit": "EA"
      },
      {
        "state": "SA",
        "price": "11000",
        "price_per_unit": "11000",
        "price_unit": "EA"
      },
      {
        "state": "TAS",
        "price": "11000",
        "price_per_unit": "11000",
        "price_unit": "EA"
      },
      {
        "state": "ACT",
        "price": "11000",
        "price_per_unit": "11000",
        "price_unit": "EA"
      },
      {
        "state": "NT",
        "price": "11000",
        "price_per_unit": "11000",
        "price_unit": "EA"
      }
    ]
  },
  {
    "source_url": "https://www.woolworths.com.au/shop/productdetails/1073924938/sasy-n-savy-combination-oily-facial-skin-pack",
    "name": "Sasy n Savy Combination / Oily Facial Skin Pack",
    "image_url": "https://cdn1.woolworths.media/content/wowproductimages/large/1073924938.jpg",
    "source_id": "Woolworths - 1073924938",
    "barcode": null,
    "category_id": "22394",
    "shop": "Woolworths",
    "weight": "1EA",
    "prices": [
      {
        "state": "NSW",
        "price": "10500",
        "price_per_unit": "10500",
        "price_unit": "EA"
      },
      {
        "state": "VIC",
        "price": "10500",
        "price_per_unit": "10500",
        "price_unit": "EA"
      },
      {
        "state": "QLD",
        "price": "10500",
        "price_per_unit": "10500",
        "price_unit": "EA"
      },
      {
        "state": "WA",
        "price": "10500",
        "price_per_unit": "10500",
        "price_unit": "EA"
      },
      {
        "state": "SA",
        "price": "10500",
        "price_per_unit": "10500",
        "price_unit": "EA"
      },
      {
        "state": "TAS",
        "price": "10500",
        "price_per_unit": "10500",
        "price_unit": "EA"
      },
      {
        "state": "ACT",
        "price": "10500",
        "price_per_unit": "10500",
        "price_unit": "EA"
      },
      {
        "state": "NT",
        "price": "10500",
        "price_per_unit": "10500",
        "price_unit": "EA"
      }
    ]
  },
  {
    "source_url": "https://www.woolworths.com.au/shop/productdetails/1073924971/sasy-n-savy-mineral-enriched-firming-eye-cream-15ml",
    "name": "Sasy n Savy Mineral Enriched Firming Eye Cream 15mL",
    "image_url": "https://cdn1.woolworths.media/content/wowproductimages/large/1073924971.jpg",
    "source_id": "Woolworths - 1073924971",
    "barcode": null,
    "category_id": "22394",
    "shop": "Woolworths",
    "weight": "100ML",
    "prices": [
      {
        "state": "NSW",
        "price": "6500",
        "price_per_unit": "43333",
        "price_unit": "ML"
      },
      {
        "state": "VIC",
        "price": "6500",
        "price_per_unit": "43333",
        "price_unit": "ML"
      },
      {
        "state": "QLD",
        "price": "6500",
        "price_per_unit": "43333",
        "price_unit": "ML"
      },
      {
        "state": "WA",
        "price": "6500",
        "price_per_unit": "43333",
        "price_unit": "ML"
      },
      {
        "state": "SA",
        "price": "6500",
        "price_per_unit": "43333",
        "price_unit": "ML"
      },
      {
        "state": "TAS",
        "price": "6500",
        "price_per_unit": "43333",
        "price_unit": "ML"
      },
      {
        "state": "ACT",
        "price": "6500",
        "price_per_unit": "43333",
        "price_unit": "ML"
      },
      {
        "state": "NT",
        "price": "6500",
        "price_per_unit": "43333",
        "price_unit": "ML"
      }
    ]
  },
  {
    "source_url": "https://www.woolworths.com.au/shop/productdetails/1073924855/sasy-n-savy-vitamin-enriched-facial-recovery-masque-100ml",
    "name": "Sasy n Savy Vitamin Enriched Facial Recovery Masque 100mL",
    "image_url": "https://cdn1.woolworths.media/content/wowproductimages/large/1073924855.jpg",
    "source_id": "Woolworths - 1073924855",
    "barcode": null,
    "category_id": "22394",
    "shop": "Woolworths",
    "weight": "100ML",
    "prices": [
      {
        "state": "NSW",
        "price": "5500",
        "price_per_unit": "5500",
        "price_unit": "ML"
      },
      {
        "state": "VIC",
        "price": "5500",
        "price_per_unit": "5500",
        "price_unit": "ML"
      },
      {
        "state": "QLD",
        "price": "5500",
        "price_per_unit": "5500",
        "price_unit": "ML"
      },
      {
        "state": "WA",
        "price": "5500",
        "price_per_unit": "5500",
        "price_unit": "ML"
      },
      {
        "state": "SA",
        "price": "5500",
        "price_per_unit": "5500",
        "price_unit": "ML"
      },
      {
        "state": "TAS",
        "price": "5500",
        "price_per_unit": "5500",
        "price_unit": "ML"
      },
      {
        "state": "ACT",
        "price": "5500",
        "price_per_unit": "5500",
        "price_unit": "ML"
      },
      {
        "state": "NT",
        "price": "5500",
        "price_per_unit": "5500",
        "price_unit": "ML"
      }
    ]
  },
  {
    "source_url": "https://www.woolworths.com.au/shop/productdetails/1073924857/sasy-n-savy-vitamin-enriched-rejuvenation-serum-50ml",
    "name": "Sasy n Savy Vitamin Enriched Rejuvenation Serum 50mL",
    "image_url": "https://cdn1.woolworths.media/content/wowproductimages/large/1073924857.jpg",
    "source_id": "Woolworths - 1073924857",
    "barcode": null,
    "category_id": "22394",
    "shop": "Woolworths",
    "weight": "100ML",
    "prices": [
      {
        "state": "NSW",
        "price": "9000",
        "price_per_unit": "18000",
        "price_unit": "ML"
      },
      {
        "state": "VIC",
        "price": "9000",
        "price_per_unit": "18000",
        "price_unit": "ML"
      },
      {
        "state": "QLD",
        "price": "9000",
        "price_per_unit": "18000",
        "price_unit": "ML"
      },
      {
        "state": "WA",
        "price": "9000",
        "price_per_unit": "18000",
        "price_unit": "ML"
      },
      {
        "state": "SA",
        "price": "9000",
        "price_per_unit": "18000",
        "price_unit": "ML"
      },
      {
        "state": "TAS",
        "price": "9000",
        "price_per_unit": "18000",
        "price_unit": "ML"
      },
      {
        "state": "ACT",
        "price": "9000",
        "price_per_unit": "18000",
        "price_unit": "ML"
      },
      {
        "state": "NT",
        "price": "9000",
        "price_per_unit": "18000",
        "price_unit": "ML"
      }
    ]
  },
  {
    "source_url": "https://www.woolworths.com.au/shop/productdetails/1073924858/sasy-n-savy-whiten-n-brighten-intensive-serum-50ml",
    "name": "Sasy n Savy Whiten n Brighten Intensive Serum 50mL",
    "image_url": "https://cdn1.woolworths.media/content/wowproductimages/large/1073924858.jpg",
    "source_id": "Woolworths - 1073924858",
    "barcode": null,
    "category_id": "22394",
    "shop": "Woolworths",
    "weight": "100ML",
    "prices": [
      {
        "state": "NSW",
        "price": "9200",
        "price_per_unit": "18400",
        "price_unit": "ML"
      },
      {
        "state": "VIC",
        "price": "9200",
        "price_per_unit": "18400",
        "price_unit": "ML"
      },
      {
        "state": "QLD",
        "price": "9200",
        "price_per_unit": "18400",
        "price_unit": "ML"
      },
      {
        "state": "WA",
        "price": "9200",
        "price_per_unit": "18400",
        "price_unit": "ML"
      },
      {
        "state": "SA",
        "price": "9200",
        "price_per_unit": "18400",
        "price_unit": "ML"
      },
      {
        "state": "TAS",
        "price": "9200",
        "price_per_unit": "18400",
        "price_unit": "ML"
      },
      {
        "state": "ACT",
        "price": "9200",
        "price_per_unit": "18400",
        "price_unit": "ML"
      },
      {
        "state": "NT",
        "price": "9200",
        "price_per_unit": "18400",
        "price_unit": "ML"
      }
    ]
  },
  {
    "source_url": "https://www.woolworths.com.au/shop/productdetails/907766/skin-control-hydrating-lip-mask",
    "name": "Skin Control Hydrating Lip Mask 6 Pack",
    "image_url": "https://cdn1.woolworths.media/content/wowproductimages/large/907766.jpg",
    "source_id": "Woolworths - 907766",
    "barcode": "9312426007312",
    "category_id": "22394",
    "shop": "Woolworths",
    "weight": "1EA",
    "prices": [
      {
        "state": "NSW",
        "price": "900",
        "price_per_unit": "150",
        "price_unit": "EA"
      },
      {
        "state": "VIC",
        "price": "900",
        "price_per_unit": "150",
        "price_unit": "EA"
      },
      {
        "state": "WA",
        "price": "900",
        "price_per_unit": "150",
        "price_unit": "EA"
      },
      {
        "state": "SA",
        "price": "900",
        "price_per_unit": "150",
        "price_unit": "EA"
      },
      {
        "state": "TAS",
        "price": "900",
        "price_per_unit": "150",
        "price_unit": "EA"
      },
      {
        "state": "ACT",
        "price": "900",
        "price_per_unit": "150",
        "price_unit": "EA"
      },
      {
        "state": "NT",
        "price": "900",
        "price_per_unit": "150",
        "price_unit": "EA"
      }
    ]
  },
  {
    "source_url": "https://www.woolworths.com.au/shop/productdetails/823177/skin-control-pimple-patch-am-pm-mixed",
    "name": "Skin Control Pimple Patch Am & Pm Mixed 36 Pack",
    "image_url": "https://cdn1.woolworths.media/content/wowproductimages/large/823177.jpg",
    "source_id": "Woolworths - 823177",
    "barcode": "9312426006841",
    "category_id": "22394",
    "shop": "Woolworths",
    "weight": "1EA",
    "prices": [
      {
        "state": "NSW",
        "price": "900",
        "price_per_unit": "25",
        "price_unit": "EA"
      },
      {
        "state": "VIC",
        "price": "900",
        "price_per_unit": "25",
        "price_unit": "EA"
      },
      {
        "state": "QLD",
        "price": "900",
        "price_per_unit": "25",
        "price_unit": "EA"
      },
      {
        "state": "WA",
        "price": "900",
        "price_per_unit": "25",
        "price_unit": "EA"
      },
      {
        "state": "SA",
        "price": "900",
        "price_per_unit": "25",
        "price_unit": "EA"
      },
      {
        "state": "TAS",
        "price": "900",
        "price_per_unit": "25",
        "price_unit": "EA"
      },
      {
        "state": "ACT",
        "price": "900",
        "price_per_unit": "25",
        "price_unit": "EA"
      },
      {
        "state": "NT",
        "price": "900",
        "price_per_unit": "25",
        "price_unit": "EA"
      }
    ]
  },
  {
    "source_url": "https://www.woolworths.com.au/shop/productdetails/432473/skin-control-pimple-patch-party-pack",
    "name": "Skin Control Pimple Patch Party Pack 36 Pack",
    "image_url": "https://cdn1.woolworths.media/content/wowproductimages/large/432473.jpg",
    "source_id": "Woolworths - 432473",
    "barcode": "9312426007145",
    "category_id": "22394",
    "shop": "Woolworths",
    "weight": "1EA",
    "prices": [
      {
        "state": "NSW",
        "price": "900",
        "price_per_unit": "25",
        "price_unit": "EA"
      },
      {
        "state": "VIC",
        "price": "900",
        "price_per_unit": "25",
        "price_unit": "EA"
      },
      {
        "state": "QLD",
        "price": "900",
        "price_per_unit": "25",
        "price_unit": "EA"
      },
      {
        "state": "WA",
        "price": "900",
        "price_per_unit": "25",
        "price_unit": "EA"
      },
      {
        "state": "SA",
        "price": "900",
        "price_per_unit": "25",
        "price_unit": "EA"
      },
      {
        "state": "TAS",
        "price": "900",
        "price_per_unit": "25",
        "price_unit": "EA"
      },
      {
        "state": "ACT",
        "price": "900",
        "price_per_unit": "25",
        "price_unit": "EA"
      },
      {
        "state": "NT",
        "price": "900",
        "price_per_unit": "25",
        "price_unit": "EA"
      }
    ]
  },
  {
    "source_url": "https://www.woolworths.com.au/shop/productdetails/266660/skin-control-pore-patch-for-the-nose",
    "name": "Skin Control Pore Patch For The Nose 6 Pack",
    "image_url": "https://cdn1.woolworths.media/content/wowproductimages/large/266660.jpg",
    "source_id": "Woolworths - 266660",
    "barcode": "9312426007053",
    "category_id": "22394",
    "shop": "Woolworths",
    "weight": "1EA",
    "prices": [
      {
        "state": "NSW",
        "price": "1300",
        "price_per_unit": "217",
        "price_unit": "EA"
      },
      {
        "state": "WA",
        "price": "1300",
        "price_per_unit": "217",
        "price_unit": "EA"
      },
      {
        "state": "SA",
        "price": "1300",
        "price_per_unit": "217",
        "price_unit": "EA"
      },
      {
        "state": "ACT",
        "price": "1300",
        "price_per_unit": "217",
        "price_unit": "EA"
      }
    ]
  },
  {
    "source_url": "https://www.woolworths.com.au/shop/productdetails/102945/skin-control-xl-pimple-patch",
    "name": "Skin Control Xl Pimple Patch 12 Pack",
    "image_url": "https://cdn1.woolworths.media/content/wowproductimages/large/102945.jpg",
    "source_id": "Woolworths - 102945",
    "barcode": "9312426006902",
    "category_id": "22394",
    "shop": "Woolworths",
    "weight": "1EA",
    "prices": [
      {
        "state": "NSW",
        "price": "900",
        "price_per_unit": "900",
        "price_unit": "EA"
      },
      {
        "state": "VIC",
        "price": "900",
        "price_per_unit": "900",
        "price_unit": "EA"
      },
      {
        "state": "QLD",
        "price": "900",
        "price_per_unit": "900",
        "price_unit": "EA"
      },
      {
        "state": "WA",
        "price": "900",
        "price_per_unit": "900",
        "price_unit": "EA"
      },
      {
        "state": "SA",
        "price": "900",
        "price_per_unit": "900",
        "price_unit": "EA"
      },
      {
        "state": "TAS",
        "price": "900",
        "price_per_unit": "900",
        "price_unit": "EA"
      },
      {
        "state": "ACT",
        "price": "900",
        "price_per_unit": "900",
        "price_unit": "EA"
      },
      {
        "state": "NT",
        "price": "900",
        "price_per_unit": "900",
        "price_unit": "EA"
      }
    ]
  },
  {
    "source_url": "https://www.woolworths.com.au/shop/productdetails/409977/skin-republic-collagen-hydro-under-eye-patch",
    "name": "Skin Republic Collagen Hydro Under Eye Patch Each",
    "image_url": "https://cdn1.woolworths.media/content/wowproductimages/large/409977.jpg",
    "source_id": "Woolworths - 409977",
    "barcode": "8809295013755",
    "category_id": "22394",
    "shop": "Woolworths",
    "weight": "1EA",
    "prices": [
      {
        "state": "NSW",
        "price": "1100",
        "price_per_unit": "1100",
        "price_unit": "EA"
      },
      {
        "state": "VIC",
        "price": "1100",
        "price_per_unit": "1100",
        "price_unit": "EA"
      },
      {
        "state": "QLD",
        "price": "1100",
        "price_per_unit": "1100",
        "price_unit": "EA"
      },
      {
        "state": "WA",
        "price": "1100",
        "price_per_unit": "1100",
        "price_unit": "EA"
      },
      {
        "state": "SA",
        "price": "1100",
        "price_per_unit": "1100",
        "price_unit": "EA"
      },
      {
        "state": "TAS",
        "price": "1100",
        "price_per_unit": "1100",
        "price_unit": "EA"
      },
      {
        "state": "ACT",
        "price": "1100",
        "price_per_unit": "1100",
        "price_unit": "EA"
      },
      {
        "state": "NT",
        "price": "1100",
        "price_per_unit": "1100",
        "price_unit": "EA"
      }
    ]
  },
  {
    "source_url": "https://www.woolworths.com.au/shop/productdetails/404165/skin-republic-collagen-infusion-face-mask",
    "name": "Skin Republic Collagen Infusion Face Mask Each",
    "image_url": "https://cdn1.woolworths.media/content/wowproductimages/large/404165.jpg",
    "source_id": "Woolworths - 404165",
    "barcode": "8809313490964",
    "category_id": "22394",
    "shop": "Woolworths",
    "weight": "1EA",
    "prices": [
      {
        "state": "NSW",
        "price": "900",
        "price_per_unit": "900",
        "price_unit": "EA"
      },
      {
        "state": "VIC",
        "price": "900",
        "price_per_unit": "900",
        "price_unit": "EA"
      },
      {
        "state": "WA",
        "price": "900",
        "price_per_unit": "900",
        "price_unit": "EA"
      },
      {
        "state": "SA",
        "price": "900",
        "price_per_unit": "900",
        "price_unit": "EA"
      },
      {
        "state": "TAS",
        "price": "900",
        "price_per_unit": "900",
        "price_unit": "EA"
      },
      {
        "state": "ACT",
        "price": "900",
        "price_per_unit": "900",
        "price_unit": "EA"
      },
      {
        "state": "NT",
        "price": "900",
        "price_per_unit": "900",
        "price_unit": "EA"
      }
    ]
  },
  {
    "source_url": "https://www.woolworths.com.au/shop/productdetails/688926/skin-republic-hyaluronic-acid-collagen-face-mask",
    "name": "Skin Republic Hyaluronic Acid & Collagen Face Mask Each",
    "image_url": "https://cdn1.woolworths.media/content/wowproductimages/large/688926.jpg",
    "source_id": "Woolworths - 688926",
    "barcode": "8809313498373",
    "category_id": "22394",
    "shop": "Woolworths",
    "weight": "100G",
    "prices": [
      {
        "state": "NSW",
        "price": "900",
        "price_per_unit": "2813",
        "price_unit": "G"
      },
      {
        "state": "VIC",
        "price": "900",
        "price_per_unit": "2813",
        "price_unit": "G"
      },
      {
        "state": "QLD",
        "price": "900",
        "price_per_unit": "2813",
        "price_unit": "G"
      },
      {
        "state": "WA",
        "price": "900",
        "price_per_unit": "2813",
        "price_unit": "G"
      },
      {
        "state": "SA",
        "price": "900",
        "price_per_unit": "2813",
        "price_unit": "G"
      },
      {
        "state": "TAS",
        "price": "900",
        "price_per_unit": "2813",
        "price_unit": "G"
      },
      {
        "state": "ACT",
        "price": "900",
        "price_per_unit": "2813",
        "price_unit": "G"
      },
      {
        "state": "NT",
        "price": "900",
        "price_per_unit": "2813",
        "price_unit": "G"
      }
    ]
  },
  {
    "source_url": "https://www.woolworths.com.au/shop/productdetails/207268/skin-republic-pedi-peel-max-intensive-exfoliating-treatment",
    "name": "Skin Republic Pedi Peel Max Intensive Exfoliating Treatment 40ml",
    "image_url": "https://cdn1.woolworths.media/content/wowproductimages/large/207268.jpg",
    "source_id": "Woolworths - 207268",
    "barcode": "8809273160273",
    "category_id": "22394",
    "shop": "Woolworths",
    "weight": "1EA",
    "prices": [
      {
        "state": "NSW",
        "price": "2300",
        "price_per_unit": "2300",
        "price_unit": "EA"
      },
      {
        "state": "VIC",
        "price": "2300",
        "price_per_unit": "2300",
        "price_unit": "EA"
      },
      {
        "state": "WA",
        "price": "2300",
        "price_per_unit": "2300",
        "price_unit": "EA"
      },
      {
        "state": "SA",
        "price": "2300",
        "price_per_unit": "2300",
        "price_unit": "EA"
      },
      {
        "state": "TAS",
        "price": "2300",
        "price_per_unit": "2300",
        "price_unit": "EA"
      },
      {
        "state": "ACT",
        "price": "2300",
        "price_per_unit": "2300",
        "price_unit": "EA"
      }
    ]
  },
  {
    "source_url": "https://www.woolworths.com.au/shop/productdetails/821369/skin-republic-retinol-under-eye-patch",
    "name": "Skin Republic Retinol Under Eye Patch 9.6g",
    "image_url": "https://cdn1.woolworths.media/content/wowproductimages/large/821369.jpg",
    "source_id": "Woolworths - 821369",
    "barcode": "8809089292342",
    "category_id": "22394",
    "shop": "Woolworths",
    "weight": "1EA",
    "prices": [
      {
        "state": "NSW",
        "price": "1100",
        "price_per_unit": "1100",
        "price_unit": "EA"
      },
      {
        "state": "VIC",
        "price": "1100",
        "price_per_unit": "1100",
        "price_unit": "EA"
      },
      {
        "state": "WA",
        "price": "1100",
        "price_per_unit": "1100",
        "price_unit": "EA"
      },
      {
        "state": "SA",
        "price": "1100",
        "price_per_unit": "1100",
        "price_unit": "EA"
      },
      {
        "state": "TAS",
        "price": "1100",
        "price_per_unit": "1100",
        "price_unit": "EA"
      },
      {
        "state": "ACT",
        "price": "1100",
        "price_per_unit": "1100",
        "price_unit": "EA"
      }
    ]
  },
  {
    "source_url": "https://www.woolworths.com.au/shop/productdetails/238369/skin-republic-spot-clear-salicylic-acid-patch",
    "name": "Skin Republic Spot Clear Salicylic Acid Patch 48 Pack",
    "image_url": "https://cdn1.woolworths.media/content/wowproductimages/large/238369.jpg",
    "source_id": "Woolworths - 238369",
    "barcode": "9312658270775",
    "category_id": "22394",
    "shop": "Woolworths",
    "weight": "1EA",
    "prices": [
      {
        "state": "NSW",
        "price": "1100",
        "price_per_unit": "23",
        "price_unit": "EA"
      },
      {
        "state": "VIC",
        "price": "1100",
        "price_per_unit": "23",
        "price_unit": "EA"
      },
      {
        "state": "QLD",
        "price": "1100",
        "price_per_unit": "23",
        "price_unit": "EA"
      },
      {
        "state": "WA",
        "price": "1100",
        "price_per_unit": "23",
        "price_unit": "EA"
      },
      {
        "state": "SA",
        "price": "1100",
        "price_per_unit": "23",
        "price_unit": "EA"
      },
      {
        "state": "ACT",
        "price": "1100",
        "price_per_unit": "23",
        "price_unit": "EA"
      },
      {
        "state": "NT",
        "price": "1100",
        "price_per_unit": "23",
        "price_unit": "EA"
      }
    ]
  },
  {
    "source_url": "https://www.woolworths.com.au/shop/productdetails/159444/st-ives-facial-scrub-apricot-blemish-control",
    "name": "St Ives Facial Scrub Apricot Blemish Control 150ml",
    "image_url": "https://cdn1.woolworths.media/content/wowproductimages/large/159444.jpg",
    "source_id": "Woolworths - 159444",
    "barcode": "5012254050132",
    "category_id": "22394",
    "shop": "Woolworths",
    "weight": "100ML",
    "prices": [
      {
        "state": "NSW",
        "price": "575",
        "price_per_unit": "383",
        "price_unit": "ML"
      },
      {
        "state": "VIC",
        "price": "575",
        "price_per_unit": "383",
        "price_unit": "ML"
      },
      {
        "state": "QLD",
        "price": "575",
        "price_per_unit": "383",
        "price_unit": "ML"
      },
      {
        "state": "WA",
        "price": "575",
        "price_per_unit": "383",
        "price_unit": "ML"
      },
      {
        "state": "SA",
        "price": "575",
        "price_per_unit": "383",
        "price_unit": "ML"
      },
      {
        "state": "TAS",
        "price": "575",
        "price_per_unit": "383",
        "price_unit": "ML"
      },
      {
        "state": "ACT",
        "price": "575",
        "price_per_unit": "383",
        "price_unit": "ML"
      },
      {
        "state": "NT",
        "price": "575",
        "price_per_unit": "383",
        "price_unit": "ML"
      }
    ]
  },
  {
    "source_url": "https://www.woolworths.com.au/shop/productdetails/159440/st-ives-fresh-skin-facial-scrub-apricot",
    "name": "St Ives Fresh Skin Facial Scrub Apricot 150ml",
    "image_url": "https://cdn1.woolworths.media/content/wowproductimages/large/159440.jpg",
    "source_id": "Woolworths - 159440",
    "barcode": "5012254050125",
    "category_id": "22394",
    "shop": "Woolworths",
    "weight": "100ML",
    "prices": [
      {
        "state": "NSW",
        "price": "575",
        "price_per_unit": "383",
        "price_unit": "ML"
      },
      {
        "state": "VIC",
        "price": "575",
        "price_per_unit": "383",
        "price_unit": "ML"
      },
      {
        "state": "QLD",
        "price": "575",
        "price_per_unit": "383",
        "price_unit": "ML"
      },
      {
        "state": "SA",
        "price": "575",
        "price_per_unit": "383",
        "price_unit": "ML"
      },
      {
        "state": "ACT",
        "price": "575",
        "price_per_unit": "383",
        "price_unit": "ML"
      },
      {
        "state": "NT",
        "price": "575",
        "price_per_unit": "383",
        "price_unit": "ML"
      }
    ]
  },
  {
    "source_url": "https://www.woolworths.com.au/shop/productdetails/370899/st-ives-naturally-clear-facial-scrub-green-tea",
    "name": "St Ives Naturally Clear Facial Scrub Green Tea 150ml",
    "image_url": "https://cdn1.woolworths.media/content/wowproductimages/large/370899.jpg",
    "source_id": "Woolworths - 370899",
    "barcode": "9310158195512",
    "category_id": "22394",
    "shop": "Woolworths",
    "weight": "100ML",
    "prices": [
      {
        "state": "NSW",
        "price": "575",
        "price_per_unit": "383",
        "price_unit": "ML"
      },
      {
        "state": "WA",
        "price": "575",
        "price_per_unit": "383",
        "price_unit": "ML"
      },
      {
        "state": "ACT",
        "price": "575",
        "price_per_unit": "383",
        "price_unit": "ML"
      }
    ]
  },
  {
    "source_url": "https://www.woolworths.com.au/shop/productdetails/104718/sukin-blemish-control-oil-free-moisturiser",
    "name": "Sukin Blemish Control Oil Free Moisturiser 125ml",
    "image_url": "https://cdn1.woolworths.media/content/wowproductimages/large/104718.jpg",
    "source_id": "Woolworths - 104718",
    "barcode": "9327693007576",
    "category_id": "22394",
    "shop": "Woolworths",
    "weight": "100ML",
    "prices": [
      {
        "state": "NSW",
        "price": "800",
        "price_per_unit": "640",
        "price_unit": "ML"
      },
      {
        "state": "WA",
        "price": "800",
        "price_per_unit": "640",
        "price_unit": "ML"
      },
      {
        "state": "SA",
        "price": "800",
        "price_per_unit": "640",
        "price_unit": "ML"
      },
      {
        "state": "ACT",
        "price": "800",
        "price_per_unit": "640",
        "price_unit": "ML"
      }
    ]
  },
  {
    "source_url": "https://www.woolworths.com.au/shop/productdetails/941993/sukin-hyaluronic-acid-eye-serum",
    "name": "Sukin Hyaluronic Acid Eye Serum 15ml",
    "image_url": "https://cdn1.woolworths.media/content/wowproductimages/large/941993.jpg",
    "source_id": "Woolworths - 941993",
    "barcode": "9327693011672",
    "category_id": "22394",
    "shop": "Woolworths",
    "weight": "100ML",
    "prices": [
      {
        "state": "NSW",
        "price": "3000",
        "price_per_unit": "20000",
        "price_unit": "ML"
      },
      {
        "state": "WA",
        "price": "3000",
        "price_per_unit": "20000",
        "price_unit": "ML"
      },
      {
        "state": "SA",
        "price": "3000",
        "price_per_unit": "20000",
        "price_unit": "ML"
      },
      {
        "state": "ACT",
        "price": "3000",
        "price_per_unit": "20000",
        "price_unit": "ML"
      }
    ]
  },
  {
    "source_url": "https://www.woolworths.com.au/shop/productdetails/771654/thursday-plantation-tea-tree-face-wash-for-acne",
    "name": "Thursday Plantation Tea Tree Face Wash For Acne 150ml",
    "image_url": "https://cdn1.woolworths.media/content/wowproductimages/large/771654.jpg",
    "source_id": "Woolworths - 771654",
    "barcode": "9312146006763",
    "category_id": "22394",
    "shop": "Woolworths",
    "weight": "100ML",
    "prices": [
      {
        "state": "NSW",
        "price": "1300",
        "price_per_unit": "867",
        "price_unit": "ML"
      },
      {
        "state": "VIC",
        "price": "1300",
        "price_per_unit": "867",
        "price_unit": "ML"
      },
      {
        "state": "QLD",
        "price": "1300",
        "price_per_unit": "867",
        "price_unit": "ML"
      },
      {
        "state": "WA",
        "price": "1300",
        "price_per_unit": "867",
        "price_unit": "ML"
      },
      {
        "state": "SA",
        "price": "1300",
        "price_per_unit": "867",
        "price_unit": "ML"
      },
      {
        "state": "TAS",
        "price": "1300",
        "price_per_unit": "867",
        "price_unit": "ML"
      },
      {
        "state": "ACT",
        "price": "1300",
        "price_per_unit": "867",
        "price_unit": "ML"
      },
      {
        "state": "NT",
        "price": "1300",
        "price_per_unit": "867",
        "price_unit": "ML"
      }
    ]
  },
  {
    "source_url": "https://www.woolworths.com.au/shop/productdetails/469598/thursday-plantation-tea-tree-face-wipes-for-acne",
    "name": "Thursday Plantation Tea Tree Face Wipes For Acne 25 Pack",
    "image_url": "https://cdn1.woolworths.media/content/wowproductimages/large/469598.jpg",
    "source_id": "Woolworths - 469598",
    "barcode": "9312146008118",
    "category_id": "22394",
    "shop": "Woolworths",
    "weight": "1EA",
    "prices": [
      {
        "state": "NSW",
        "price": "1000",
        "price_per_unit": "40",
        "price_unit": "EA"
      },
      {
        "state": "WA",
        "price": "1000",
        "price_per_unit": "40",
        "price_unit": "EA"
      },
      {
        "state": "SA",
        "price": "1000",
        "price_per_unit": "40",
        "price_unit": "EA"
      },
      {
        "state": "ACT",
        "price": "1000",
        "price_per_unit": "40",
        "price_unit": "EA"
      }
    ]
  },
  {
    "source_url": "https://www.woolworths.com.au/shop/productdetails/133873/voeu-hydrating-face-mask",
    "name": "Voeu Hydrating Face Mask Each",
    "image_url": "https://cdn1.woolworths.media/content/wowproductimages/large/133873.jpg",
    "source_id": "Woolworths - 133873",
    "barcode": "9339687223763",
    "category_id": "22394",
    "shop": "Woolworths",
    "weight": "1EA",
    "prices": [
      {
        "state": "NSW",
        "price": "240",
        "price_per_unit": "240",
        "price_unit": "EA"
      },
      {
        "state": "WA",
        "price": "240",
        "price_per_unit": "240",
        "price_unit": "EA"
      },
      {
        "state": "SA",
        "price": "240",
        "price_per_unit": "240",
        "price_unit": "EA"
      },
      {
        "state": "ACT",
        "price": "240",
        "price_per_unit": "240",
        "price_unit": "EA"
      }
    ]
  },
  {
    "source_url": "https://www.woolworths.com.au/shop/productdetails/452561/essano-happy-skin-pimple-patches",
    "name": "Essano Happy Skin Pimple Patches 72 pack",
    "image_url": "https://cdn1.woolworths.media/content/wowproductimages/large/452561.jpg",
    "source_id": "Woolworths - 452561",
    "barcode": "9421008708339",
    "category_id": "22394",
    "shop": "Woolworths",
    "weight": "1EA",
    "prices": [
      {
        "state": "VIC",
        "price": "1400",
        "price_per_unit": "19",
        "price_unit": "EA"
      },
      {
        "state": "QLD",
        "price": "1400",
        "price_per_unit": "19",
        "price_unit": "EA"
      },
      {
        "state": "WA",
        "price": "1400",
        "price_per_unit": "19",
        "price_unit": "EA"
      },
      {
        "state": "SA",
        "price": "1400",
        "price_per_unit": "19",
        "price_unit": "EA"
      },
      {
        "state": "TAS",
        "price": "1400",
        "price_per_unit": "19",
        "price_unit": "EA"
      },
      {
        "state": "ACT",
        "price": "1400",
        "price_per_unit": "19",
        "price_unit": "EA"
      },
      {
        "state": "NT",
        "price": "1400",
        "price_per_unit": "19",
        "price_unit": "EA"
      }
    ]
  },
  {
    "source_url": "https://www.woolworths.com.au/shop/productdetails/256987/garnier-skin-active-vitamin-c-sheet-mask",
    "name": "Garnier Skin Active Vitamin C Sheet Mask each",
    "image_url": "https://cdn1.woolworths.media/content/wowproductimages/large/256987.jpg",
    "source_id": "Woolworths - 256987",
    "barcode": "3600542427548",
    "category_id": "22394",
    "shop": "Woolworths",
    "weight": "1EA",
    "prices": [
      {
        "state": "VIC",
        "price": "700",
        "price_per_unit": "700",
        "price_unit": "EA"
      },
      {
        "state": "QLD",
        "price": "700",
        "price_per_unit": "700",
        "price_unit": "EA"
      },
      {
        "state": "WA",
        "price": "700",
        "price_per_unit": "700",
        "price_unit": "EA"
      },
      {
        "state": "SA",
        "price": "700",
        "price_per_unit": "700",
        "price_unit": "EA"
      },
      {
        "state": "TAS",
        "price": "700",
        "price_per_unit": "700",
        "price_unit": "EA"
      },
      {
        "state": "ACT",
        "price": "700",
        "price_per_unit": "700",
        "price_unit": "EA"
      },
      {
        "state": "NT",
        "price": "700",
        "price_per_unit": "700",
        "price_unit": "EA"
      }
    ]
  },
  {
    "source_url": "https://www.woolworths.com.au/shop/productdetails/138888/l-oreal-paris-age-perfect-tightening-collagen-eye-cream",
    "name": "L'Oreal Paris Age Perfect Tightening Collagen Eye Cream 15ml",
    "image_url": "https://cdn1.woolworths.media/content/wowproductimages/large/138888.jpg",
    "source_id": "Woolworths - 138888",
    "barcode": "3600520070285",
    "category_id": "22394",
    "shop": "Woolworths",
    "weight": "100ML",
    "prices": [
      {
        "state": "VIC",
        "price": "4000",
        "price_per_unit": "26667",
        "price_unit": "ML"
      },
      {
        "state": "SA",
        "price": "4000",
        "price_per_unit": "26667",
        "price_unit": "ML"
      },
      {
        "state": "TAS",
        "price": "4000",
        "price_per_unit": "26667",
        "price_unit": "ML"
      },
      {
        "state": "ACT",
        "price": "4000",
        "price_per_unit": "26667",
        "price_unit": "ML"
      },
      {
        "state": "NT",
        "price": "4000",
        "price_per_unit": "26667",
        "price_unit": "ML"
      }
    ]
  },
  {
    "source_url": "https://www.woolworths.com.au/shop/productdetails/196544/skin-control-pimple-patch-micro-dart-early-stage-patches",
    "name": "Skin Control Pimple Patch Micro Dart Early Stage Patches 9 pack",
    "image_url": "https://cdn1.woolworths.media/content/wowproductimages/large/196544.jpg",
    "source_id": "Woolworths - 196544",
    "barcode": "9312426007008",
    "category_id": "22394",
    "shop": "Woolworths",
    "weight": "1EA",
    "prices": [
      {
        "state": "VIC",
        "price": "1300",
        "price_per_unit": "144",
        "price_unit": "EA"
      },
      {
        "state": "QLD",
        "price": "1300",
        "price_per_unit": "144",
        "price_unit": "EA"
      },
      {
        "state": "WA",
        "price": "1300",
        "price_per_unit": "144",
        "price_unit": "EA"
      },
      {
        "state": "SA",
        "price": "1300",
        "price_per_unit": "144",
        "price_unit": "EA"
      },
      {
        "state": "TAS",
        "price": "1300",
        "price_per_unit": "144",
        "price_unit": "EA"
      },
      {
        "state": "ACT",
        "price": "1300",
        "price_per_unit": "144",
        "price_unit": "EA"
      },
      {
        "state": "NT",
        "price": "1300",
        "price_per_unit": "144",
        "price_unit": "EA"
      }
    ]
  },
  {
    "source_url": "https://www.woolworths.com.au/shop/productdetails/927573/nobody-s-nobody-glass-overnight-hydration-mask",
    "name": "Nobody's Nobody Glass Overnight Hydration Mask 75mL",
    "image_url": "https://cdn1.woolworths.media/content/wowproductimages/large/927573.jpg",
    "source_id": "Woolworths - 927573",
    "barcode": "9357821005136",
    "category_id": "22394",
    "shop": "Woolworths",
    "weight": "100ML",
    "prices": [
      {
        "state": "WA",
        "price": "2600",
        "price_per_unit": "3467",
        "price_unit": "ML"
      },
      {
        "state": "SA",
        "price": "2600",
        "price_per_unit": "3467",
        "price_unit": "ML"
      },
      {
        "state": "ACT",
        "price": "2600",
        "price_per_unit": "3467",
        "price_unit": "ML"
      }
    ]
  },
  {
    "source_url": "https://www.woolworths.com.au/shop/productdetails/231930/clearasil-rapid-action-pimple-face-cleanser-pads",
    "name": "Clearasil Rapid Action Pimple Face Cleanser Pads 65 Pack",
    "image_url": "https://cdn1.woolworths.media/content/wowproductimages/large/231930.jpg",
    "source_id": "Woolworths - 231930",
    "barcode": "9300711283145",
    "category_id": "22394",
    "shop": "Woolworths",
    "weight": "1EA",
    "prices": [
      {
        "state": "ACT",
        "price": "740",
        "price_per_unit": "11",
        "price_unit": "EA"
      }
    ]
  }
]