[
  {
    "source_url": "https://www.woolworths.com.au/shop/productdetails/232164/ardmona-apricot-nectar-fruit-drink",
    "name": "Ardmona Ardmona Apricot Nectar Fruit Drink 405ml",
    "image_url": "https://cdn1.woolworths.media/content/wowproductimages/large/232164.jpg",
    "source_id": "Woolworths - 232164",
    "barcode": "9310092000422",
    "category_id": "1_5AF3A0A",
    "shop": "Woolworths",
    "weight": "1L",
    "prices": [
      {
        "state": "NSW",
        "price": "200",
        "price_per_unit": "494",
        "price_unit": "L"
      },
      {
        "state": "VIC",
        "price": "200",
        "price_per_unit": "494",
        "price_unit": "L"
      },
      {
        "state": "QLD",
        "price": "200",
        "price_per_unit": "494",
        "price_unit": "L"
      },
      {
        "state": "WA",
        "price": "200",
        "price_per_unit": "494",
        "price_unit": "L"
      },
      {
        "state": "SA",
        "price": "190",
        "price_per_unit": "469",
        "price_unit": "L"
      },
      {
        "state": "TAS",
        "price": "190",
        "price_per_unit": "469",
        "price_unit": "L"
      },
      {
        "state": "ACT",
        "price": "200",
        "price_per_unit": "494",
        "price_unit": "L"
      },
      {
        "state": "NT",
        "price": "190",
        "price_per_unit": "469",
        "price_unit": "L"
      }
    ]
  },
  {
    "source_url": "https://www.woolworths.com.au/shop/productdetails/49045/bickford-s-prune-juice",
    "name": "Bickford's Prune Juice 1l",
    "image_url": "https://cdn1.woolworths.media/content/wowproductimages/large/049045.jpg",
    "source_id": "Woolworths - 49045",
    "barcode": "9311755000070",
    "category_id": "1_5AF3A0A",
    "shop": "Woolworths",
    "weight": "1L",
    "prices": [
      {
        "state": "NSW",
        "price": "650",
        "price_per_unit": "650",
        "price_unit": "L"
      },
      {
        "state": "VIC",
        "price": "650",
        "price_per_unit": "650",
        "price_unit": "L"
      },
      {
        "state": "QLD",
        "price": "650",
        "price_per_unit": "650",
        "price_unit": "L"
      },
      {
        "state": "WA",
        "price": "650",
        "price_per_unit": "650",
        "price_unit": "L"
      },
      {
        "state": "SA",
        "price": "650",
        "price_per_unit": "650",
        "price_unit": "L"
      },
      {
        "state": "TAS",
        "price": "650",
        "price_per_unit": "650",
        "price_unit": "L"
      },
      {
        "state": "ACT",
        "price": "650",
        "price_per_unit": "650",
        "price_unit": "L"
      },
      {
        "state": "NT",
        "price": "650",
        "price_per_unit": "650",
        "price_unit": "L"
      }
    ]
  },
  {
    "source_url": "https://www.woolworths.com.au/shop/productdetails/1073945853/calypso-473ml-ocean-blue-lemonade-12pk",
    "name": "Calypso 473Ml Ocean Blue Lemonade 12Pk",
    "image_url": "https://cdn1.woolworths.media/content/wowproductimages/large/1073945853.jpg",
    "source_id": "Woolworths - 1073945853",
    "barcode": null,
    "category_id": "1_5AF3A0A",
    "shop": "Woolworths",
    "weight": "100ML",
    "prices": [
      {
        "state": "NSW",
        "price": "5500",
        "price_per_unit": "97",
        "price_unit": "ML"
      },
      {
        "state": "VIC",
        "price": "5500",
        "price_per_unit": "97",
        "price_unit": "ML"
      },
      {
        "state": "QLD",
        "price": "5500",
        "price_per_unit": "97",
        "price_unit": "ML"
      },
      {
        "state": "WA",
        "price": "5500",
        "price_per_unit": "97",
        "price_unit": "ML"
      },
      {
        "state": "SA",
        "price": "5500",
        "price_per_unit": "97",
        "price_unit": "ML"
      },
      {
        "state": "TAS",
        "price": "5500",
        "price_per_unit": "97",
        "price_unit": "ML"
      },
      {
        "state": "ACT",
        "price": "5500",
        "price_per_unit": "97",
        "price_unit": "ML"
      },
      {
        "state": "NT",
        "price": "5500",
        "price_per_unit": "97",
        "price_unit": "ML"
      }
    ]
  },
  {
    "source_url": "https://www.woolworths.com.au/shop/productdetails/1073945858/calypso-473ml-pineapple-peach-limeade-12pk",
    "name": "Calypso 473Ml Pineapple Peach Limeade 12Pk",
    "image_url": "https://cdn1.woolworths.media/content/wowproductimages/large/1073945858.jpg",
    "source_id": "Woolworths - 1073945858",
    "barcode": null,
    "category_id": "1_5AF3A0A",
    "shop": "Woolworths",
    "weight": "100ML",
    "prices": [
      {
        "state": "NSW",
        "price": "5500",
        "price_per_unit": "97",
        "price_unit": "ML"
      },
      {
        "state": "VIC",
        "price": "5500",
        "price_per_unit": "97",
        "price_unit": "ML"
      },
      {
        "state": "QLD",
        "price": "5500",
        "price_per_unit": "97",
        "price_unit": "ML"
      },
      {
        "state": "WA",
        "price": "5500",
        "price_per_unit": "97",
        "price_unit": "ML"
      },
      {
        "state": "SA",
        "price": "5500",
        "price_per_unit": "97",
        "price_unit": "ML"
      },
      {
        "state": "TAS",
        "price": "5500",
        "price_per_unit": "97",
        "price_unit": "ML"
      },
      {
        "state": "ACT",
        "price": "5500",
        "price_per_unit": "97",
        "price_unit": "ML"
      },
      {
        "state": "NT",
        "price": "5500",
        "price_per_unit": "97",
        "price_unit": "ML"
      }
    ]
  },
  {
    "source_url": "https://www.woolworths.com.au/shop/productdetails/67057/golden-circle-apple-mango-juice-no-added-sugar-fruit-juices",
    "name": "Golden Circle Apple & Mango Juice No Added Sugar Fruit Juices 2l",
    "image_url": "https://cdn1.woolworths.media/content/wowproductimages/large/067057.jpg",
    "source_id": "Woolworths - 67057",
    "barcode": "9310179008594",
    "category_id": "1_5AF3A0A",
    "shop": "Woolworths",
    "weight": "1L",
    "prices": [
      {
        "state": "NSW",
        "price": "480",
        "price_per_unit": "240",
        "price_unit": "L"
      },
      {
        "state": "VIC",
        "price": "480",
        "price_per_unit": "240",
        "price_unit": "L"
      },
      {
        "state": "QLD",
        "price": "480",
        "price_per_unit": "240",
        "price_unit": "L"
      },
      {
        "state": "WA",
        "price": "480",
        "price_per_unit": "240",
        "price_unit": "L"
      },
      {
        "state": "SA",
        "price": "480",
        "price_per_unit": "240",
        "price_unit": "L"
      },
      {
        "state": "TAS",
        "price": "480",
        "price_per_unit": "240",
        "price_unit": "L"
      },
      {
        "state": "ACT",
        "price": "480",
        "price_per_unit": "240",
        "price_unit": "L"
      },
      {
        "state": "NT",
        "price": "480",
        "price_per_unit": "240",
        "price_unit": "L"
      }
    ]
  },
  {
    "source_url": "https://www.woolworths.com.au/shop/productdetails/92483/golden-circle-drinks-pine-coconut-flavoured-fruit-drink",
    "name": "Golden Circle Drinks Pine Coconut Flavoured Fruit Drink 1l",
    "image_url": "https://cdn1.woolworths.media/content/wowproductimages/large/092483.jpg",
    "source_id": "Woolworths - 92483",
    "barcode": "9310179007825",
    "category_id": "1_5AF3A0A",
    "shop": "Woolworths",
    "weight": "1L",
    "prices": [
      {
        "state": "NSW",
        "price": "270",
        "price_per_unit": "270",
        "price_unit": "L"
      },
      {
        "state": "VIC",
        "price": "270",
        "price_per_unit": "270",
        "price_unit": "L"
      },
      {
        "state": "QLD",
        "price": "270",
        "price_per_unit": "270",
        "price_unit": "L"
      },
      {
        "state": "WA",
        "price": "270",
        "price_per_unit": "270",
        "price_unit": "L"
      },
      {
        "state": "SA",
        "price": "270",
        "price_per_unit": "270",
        "price_unit": "L"
      },
      {
        "state": "TAS",
        "price": "260",
        "price_per_unit": "260",
        "price_unit": "L"
      },
      {
        "state": "ACT",
        "price": "270",
        "price_per_unit": "270",
        "price_unit": "L"
      },
      {
        "state": "NT",
        "price": "270",
        "price_per_unit": "270",
        "price_unit": "L"
      }
    ]
  },
  {
    "source_url": "https://www.woolworths.com.au/shop/productdetails/35498/golden-circle-drinks-sunshine-punch-fruit-drink",
    "name": "Golden Circle Drinks Sunshine Punch Fruit Drink 1l",
    "image_url": "https://cdn1.woolworths.media/content/wowproductimages/large/035498.jpg",
    "source_id": "Woolworths - 35498",
    "barcode": "9310179009034",
    "category_id": "1_5AF3A0A",
    "shop": "Woolworths",
    "weight": "1L",
    "prices": [
      {
        "state": "NSW",
        "price": "270",
        "price_per_unit": "270",
        "price_unit": "L"
      },
      {
        "state": "VIC",
        "price": "270",
        "price_per_unit": "270",
        "price_unit": "L"
      },
      {
        "state": "QLD",
        "price": "270",
        "price_per_unit": "270",
        "price_unit": "L"
      },
      {
        "state": "WA",
        "price": "270",
        "price_per_unit": "270",
        "price_unit": "L"
      },
      {
        "state": "SA",
        "price": "270",
        "price_per_unit": "270",
        "price_unit": "L"
      },
      {
        "state": "TAS",
        "price": "260",
        "price_per_unit": "260",
        "price_unit": "L"
      },
      {
        "state": "ACT",
        "price": "270",
        "price_per_unit": "270",
        "price_unit": "L"
      },
      {
        "state": "NT",
        "price": "270",
        "price_per_unit": "270",
        "price_unit": "L"
      }
    ]
  },
  {
    "source_url": "https://www.woolworths.com.au/shop/productdetails/33981/golden-circle-drinks-tropical-punch-fruit-drink",
    "name": "Golden Circle Drinks Tropical Punch Fruit Drink 1l",
    "image_url": "https://cdn1.woolworths.media/content/wowproductimages/large/033981.jpg",
    "source_id": "Woolworths - 33981",
    "barcode": "9310179006699",
    "category_id": "1_5AF3A0A",
    "shop": "Woolworths",
    "weight": "1L",
    "prices": [
      {
        "state": "NSW",
        "price": "270",
        "price_per_unit": "270",
        "price_unit": "L"
      },
      {
        "state": "VIC",
        "price": "270",
        "price_per_unit": "270",
        "price_unit": "L"
      },
      {
        "state": "QLD",
        "price": "270",
        "price_per_unit": "270",
        "price_unit": "L"
      },
      {
        "state": "WA",
        "price": "270",
        "price_per_unit": "270",
        "price_unit": "L"
      },
      {
        "state": "SA",
        "price": "270",
        "price_per_unit": "270",
        "price_unit": "L"
      },
      {
        "state": "ACT",
        "price": "270",
        "price_per_unit": "270",
        "price_unit": "L"
      }
    ]
  },
  {
    "source_url": "https://www.woolworths.com.au/shop/productdetails/15720/golden-circle-fruit-drinks-mango-nectar-fruit-drink",
    "name": "Golden Circle Fruit Drinks Mango Nectar 2l",
    "image_url": "https://cdn1.woolworths.media/content/wowproductimages/large/015720.jpg",
    "source_id": "Woolworths - 15720",
    "barcode": "9310179009041",
    "category_id": "1_5AF3A0A",
    "shop": "Woolworths",
    "weight": "1L",
    "prices": [
      {
        "state": "NSW",
        "price": "480",
        "price_per_unit": "240",
        "price_unit": "L"
      },
      {
        "state": "VIC",
        "price": "480",
        "price_per_unit": "240",
        "price_unit": "L"
      },
      {
        "state": "QLD",
        "price": "480",
        "price_per_unit": "240",
        "price_unit": "L"
      },
      {
        "state": "WA",
        "price": "480",
        "price_per_unit": "240",
        "price_unit": "L"
      },
      {
        "state": "SA",
        "price": "480",
        "price_per_unit": "240",
        "price_unit": "L"
      },
      {
        "state": "TAS",
        "price": "480",
        "price_per_unit": "240",
        "price_unit": "L"
      },
      {
        "state": "ACT",
        "price": "480",
        "price_per_unit": "240",
        "price_unit": "L"
      },
      {
        "state": "NT",
        "price": "480",
        "price_per_unit": "240",
        "price_unit": "L"
      }
    ]
  },
  {
    "source_url": "https://www.woolworths.com.au/shop/productdetails/67059/golden-circle-fruit-juices-pineapple-juice-juice",
    "name": "Golden Circle Fruit Juices Pineapple Juice 2l",
    "image_url": "https://cdn1.woolworths.media/content/wowproductimages/large/067059.jpg",
    "source_id": "Woolworths - 67059",
    "barcode": "9310179008617",
    "category_id": "1_5AF3A0A",
    "shop": "Woolworths",
    "weight": "1L",
    "prices": [
      {
        "state": "NSW",
        "price": "480",
        "price_per_unit": "240",
        "price_unit": "L"
      },
      {
        "state": "VIC",
        "price": "480",
        "price_per_unit": "240",
        "price_unit": "L"
      },
      {
        "state": "QLD",
        "price": "480",
        "price_per_unit": "240",
        "price_unit": "L"
      },
      {
        "state": "WA",
        "price": "480",
        "price_per_unit": "240",
        "price_unit": "L"
      },
      {
        "state": "SA",
        "price": "480",
        "price_per_unit": "240",
        "price_unit": "L"
      },
      {
        "state": "TAS",
        "price": "480",
        "price_per_unit": "240",
        "price_unit": "L"
      },
      {
        "state": "ACT",
        "price": "480",
        "price_per_unit": "240",
        "price_unit": "L"
      },
      {
        "state": "NT",
        "price": "480",
        "price_per_unit": "240",
        "price_unit": "L"
      }
    ]
  },
  {
    "source_url": "https://www.woolworths.com.au/shop/productdetails/7556/golden-circle-golden-pash-fruit-drink",
    "name": "Golden Circle Golden Pash Fruit Drink 1l",
    "image_url": "https://cdn1.woolworths.media/content/wowproductimages/large/007556.jpg",
    "source_id": "Woolworths - 7556",
    "barcode": "9310179006767",
    "category_id": "1_5AF3A0A",
    "shop": "Woolworths",
    "weight": "1L",
    "prices": [
      {
        "state": "NSW",
        "price": "270",
        "price_per_unit": "270",
        "price_unit": "L"
      },
      {
        "state": "VIC",
        "price": "270",
        "price_per_unit": "270",
        "price_unit": "L"
      },
      {
        "state": "QLD",
        "price": "270",
        "price_per_unit": "270",
        "price_unit": "L"
      },
      {
        "state": "WA",
        "price": "270",
        "price_per_unit": "270",
        "price_unit": "L"
      },
      {
        "state": "SA",
        "price": "270",
        "price_per_unit": "270",
        "price_unit": "L"
      },
      {
        "state": "TAS",
        "price": "260",
        "price_per_unit": "260",
        "price_unit": "L"
      },
      {
        "state": "ACT",
        "price": "270",
        "price_per_unit": "270",
        "price_unit": "L"
      }
    ]
  },
  {
    "source_url": "https://www.woolworths.com.au/shop/productdetails/51657/golden-circle-grape-juice-no-added-sugar-fruits-juices",
    "name": "Golden Circle Grape Juice No Added Sugar Fruits Juices 2l",
    "image_url": "https://cdn1.woolworths.media/content/wowproductimages/large/051657.jpg",
    "source_id": "Woolworths - 51657",
    "barcode": "9310179188319",
    "category_id": "1_5AF3A0A",
    "shop": "Woolworths",
    "weight": "1L",
    "prices": [
      {
        "state": "NSW",
        "price": "480",
        "price_per_unit": "240",
        "price_unit": "L"
      },
      {
        "state": "VIC",
        "price": "480",
        "price_per_unit": "240",
        "price_unit": "L"
      },
      {
        "state": "QLD",
        "price": "480",
        "price_per_unit": "240",
        "price_unit": "L"
      },
      {
        "state": "WA",
        "price": "480",
        "price_per_unit": "240",
        "price_unit": "L"
      },
      {
        "state": "SA",
        "price": "480",
        "price_per_unit": "240",
        "price_unit": "L"
      },
      {
        "state": "TAS",
        "price": "480",
        "price_per_unit": "240",
        "price_unit": "L"
      },
      {
        "state": "ACT",
        "price": "480",
        "price_per_unit": "240",
        "price_unit": "L"
      },
      {
        "state": "NT",
        "price": "480",
        "price_per_unit": "240",
        "price_unit": "L"
      }
    ]
  },
  {
    "source_url": "https://www.woolworths.com.au/shop/productdetails/67056/golden-circle-orange-juice-no-added-sugar-fruit-juices-oj",
    "name": "Golden Circle Orange Juice No Added Sugar Fruit Juices Oj 2l",
    "image_url": "https://cdn1.woolworths.media/content/wowproductimages/large/067056.jpg",
    "source_id": "Woolworths - 67056",
    "barcode": "9310179008587",
    "category_id": "1_5AF3A0A",
    "shop": "Woolworths",
    "weight": "1L",
    "prices": [
      {
        "state": "NSW",
        "price": "650",
        "price_per_unit": "325",
        "price_unit": "L"
      },
      {
        "state": "VIC",
        "price": "650",
        "price_per_unit": "325",
        "price_unit": "L"
      },
      {
        "state": "QLD",
        "price": "650",
        "price_per_unit": "325",
        "price_unit": "L"
      },
      {
        "state": "WA",
        "price": "650",
        "price_per_unit": "325",
        "price_unit": "L"
      },
      {
        "state": "SA",
        "price": "650",
        "price_per_unit": "325",
        "price_unit": "L"
      },
      {
        "state": "TAS",
        "price": "650",
        "price_per_unit": "325",
        "price_unit": "L"
      },
      {
        "state": "ACT",
        "price": "650",
        "price_per_unit": "325",
        "price_unit": "L"
      },
      {
        "state": "NT",
        "price": "650",
        "price_per_unit": "325",
        "price_unit": "L"
      }
    ]
  },
  {
    "source_url": "https://www.woolworths.com.au/shop/productdetails/629484/impressed-cold-pressed-juice-ginger-ninja",
    "name": "Impressed Cold Pressed Juice Ginger Ninja 1l",
    "image_url": "https://cdn1.woolworths.media/content/wowproductimages/large/629484.jpg",
    "source_id": "Woolworths - 629484",
    "barcode": "9336243006099",
    "category_id": "1_5AF3A0A",
    "shop": "Woolworths",
    "weight": "1L",
    "prices": [
      {
        "state": "NSW",
        "price": "550",
        "price_per_unit": "550",
        "price_unit": "L"
      },
      {
        "state": "VIC",
        "price": "550",
        "price_per_unit": "550",
        "price_unit": "L"
      },
      {
        "state": "SA",
        "price": "550",
        "price_per_unit": "550",
        "price_unit": "L"
      },
      {
        "state": "NT",
        "price": "550",
        "price_per_unit": "550",
        "price_unit": "L"
      }
    ]
  },
  {
    "source_url": "https://www.woolworths.com.au/shop/productdetails/629052/impressed-cold-pressed-juice-jack-rose",
    "name": "Impressed Cold Pressed Juice Jack Rose 325ml",
    "image_url": "https://cdn1.woolworths.media/content/wowproductimages/large/629052.jpg",
    "source_id": "Woolworths - 629052",
    "barcode": "9336243005993",
    "category_id": "1_5AF3A0A",
    "shop": "Woolworths",
    "weight": "1L",
    "prices": [
      {
        "state": "NSW",
        "price": "360",
        "price_per_unit": "1108",
        "price_unit": "L"
      },
      {
        "state": "QLD",
        "price": "360",
        "price_per_unit": "1108",
        "price_unit": "L"
      },
      {
        "state": "ACT",
        "price": "360",
        "price_per_unit": "1108",
        "price_unit": "L"
      }
    ]
  },
  {
    "source_url": "https://www.woolworths.com.au/shop/productdetails/211639/ocean-spray-cranberry-light-juice-drink",
    "name": "Ocean Spray Cranberry Light Juice Drink 1.5l",
    "image_url": "https://cdn1.woolworths.media/content/wowproductimages/large/211639.jpg",
    "source_id": "Woolworths - 211639",
    "barcode": "9331200430627",
    "category_id": "1_5AF3A0A",
    "shop": "Woolworths",
    "weight": "1L",
    "prices": [
      {
        "state": "NSW",
        "price": "640",
        "price_per_unit": "427",
        "price_unit": "L"
      },
      {
        "state": "VIC",
        "price": "640",
        "price_per_unit": "427",
        "price_unit": "L"
      },
      {
        "state": "QLD",
        "price": "640",
        "price_per_unit": "427",
        "price_unit": "L"
      },
      {
        "state": "WA",
        "price": "640",
        "price_per_unit": "427",
        "price_unit": "L"
      },
      {
        "state": "SA",
        "price": "625",
        "price_per_unit": "417",
        "price_unit": "L"
      },
      {
        "state": "TAS",
        "price": "625",
        "price_per_unit": "417",
        "price_unit": "L"
      },
      {
        "state": "ACT",
        "price": "640",
        "price_per_unit": "427",
        "price_unit": "L"
      },
      {
        "state": "NT",
        "price": "640",
        "price_per_unit": "427",
        "price_unit": "L"
      }
    ]
  },
  {
    "source_url": "https://www.woolworths.com.au/shop/productdetails/396276/p-n-apple-orange-juice",
    "name": "P&N Apple & Orange Juice 2l",
    "image_url": "https://cdn1.woolworths.media/content/wowproductimages/large/396276.jpg",
    "source_id": "Woolworths - 396276",
    "barcode": "9345905010909",
    "category_id": "1_5AF3A0A",
    "shop": "Woolworths",
    "weight": "1L",
    "prices": [
      {
        "state": "NSW",
        "price": "350",
        "price_per_unit": "175",
        "price_unit": "L"
      },
      {
        "state": "VIC",
        "price": "350",
        "price_per_unit": "175",
        "price_unit": "L"
      },
      {
        "state": "WA",
        "price": "350",
        "price_per_unit": "175",
        "price_unit": "L"
      },
      {
        "state": "SA",
        "price": "350",
        "price_per_unit": "175",
        "price_unit": "L"
      },
      {
        "state": "TAS",
        "price": "350",
        "price_per_unit": "175",
        "price_unit": "L"
      },
      {
        "state": "ACT",
        "price": "350",
        "price_per_unit": "175",
        "price_unit": "L"
      },
      {
        "state": "NT",
        "price": "350",
        "price_per_unit": "175",
        "price_unit": "L"
      }
    ]
  },
  {
    "source_url": "https://www.woolworths.com.au/shop/productdetails/630643/raw-c-coconut-water",
    "name": "Raw C Coconut Water 2l",
    "image_url": "https://cdn1.woolworths.media/content/wowproductimages/large/630643.jpg",
    "source_id": "Woolworths - 630643",
    "barcode": "9349622000281",
    "category_id": "1_5AF3A0A",
    "shop": "Woolworths",
    "weight": "1L",
    "prices": [
      {
        "state": "NSW",
        "price": "660",
        "price_per_unit": "330",
        "price_unit": "L"
      },
      {
        "state": "VIC",
        "price": "660",
        "price_per_unit": "330",
        "price_unit": "L"
      },
      {
        "state": "QLD",
        "price": "660",
        "price_per_unit": "330",
        "price_unit": "L"
      },
      {
        "state": "WA",
        "price": "660",
        "price_per_unit": "330",
        "price_unit": "L"
      },
      {
        "state": "SA",
        "price": "660",
        "price_per_unit": "330",
        "price_unit": "L"
      },
      {
        "state": "TAS",
        "price": "660",
        "price_per_unit": "330",
        "price_unit": "L"
      },
      {
        "state": "ACT",
        "price": "660",
        "price_per_unit": "330",
        "price_unit": "L"
      },
      {
        "state": "NT",
        "price": "660",
        "price_per_unit": "330",
        "price_unit": "L"
      }
    ]
  },
  {
    "source_url": "https://www.woolworths.com.au/shop/productdetails/749778/v8-breakfast-juice-juice",
    "name": "V8 Breakfast Juice Juice 1.25l",
    "image_url": "https://cdn1.woolworths.media/content/wowproductimages/large/749778.jpg",
    "source_id": "Woolworths - 749778",
    "barcode": "9300644702904",
    "category_id": "1_5AF3A0A",
    "shop": "Woolworths",
    "weight": "1L",
    "prices": [
      {
        "state": "NSW",
        "price": "400",
        "price_per_unit": "320",
        "price_unit": "L"
      },
      {
        "state": "VIC",
        "price": "400",
        "price_per_unit": "320",
        "price_unit": "L"
      },
      {
        "state": "QLD",
        "price": "400",
        "price_per_unit": "320",
        "price_unit": "L"
      },
      {
        "state": "WA",
        "price": "400",
        "price_per_unit": "320",
        "price_unit": "L"
      },
      {
        "state": "SA",
        "price": "400",
        "price_per_unit": "320",
        "price_unit": "L"
      },
      {
        "state": "TAS",
        "price": "400",
        "price_per_unit": "320",
        "price_unit": "L"
      },
      {
        "state": "ACT",
        "price": "400",
        "price_per_unit": "320",
        "price_unit": "L"
      },
      {
        "state": "NT",
        "price": "400",
        "price_per_unit": "320",
        "price_unit": "L"
      }
    ]
  },
  {
    "source_url": "https://www.woolworths.com.au/shop/productdetails/485231/v8-power-blend-juice-healthy-greens",
    "name": "V8 Power Blend Juice Healthy Greens 1.25l",
    "image_url": "https://cdn1.woolworths.media/content/wowproductimages/large/485231.jpg",
    "source_id": "Woolworths - 485231",
    "barcode": "9300644704076",
    "category_id": "1_5AF3A0A",
    "shop": "Woolworths",
    "weight": "1L",
    "prices": [
      {
        "state": "NSW",
        "price": "450",
        "price_per_unit": "360",
        "price_unit": "L"
      },
      {
        "state": "VIC",
        "price": "450",
        "price_per_unit": "360",
        "price_unit": "L"
      },
      {
        "state": "QLD",
        "price": "450",
        "price_per_unit": "360",
        "price_unit": "L"
      },
      {
        "state": "WA",
        "price": "450",
        "price_per_unit": "360",
        "price_unit": "L"
      },
      {
        "state": "SA",
        "price": "450",
        "price_per_unit": "360",
        "price_unit": "L"
      },
      {
        "state": "TAS",
        "price": "450",
        "price_per_unit": "360",
        "price_unit": "L"
      },
      {
        "state": "ACT",
        "price": "450",
        "price_per_unit": "360",
        "price_unit": "L"
      },
      {
        "state": "NT",
        "price": "450",
        "price_per_unit": "360",
        "price_unit": "L"
      }
    ]
  },
  {
    "source_url": "https://www.woolworths.com.au/shop/productdetails/749812/v8-tropical-juice-juice",
    "name": "V8 Tropical Juice Juice 1.25l",
    "image_url": "https://cdn1.woolworths.media/content/wowproductimages/large/749812.jpg",
    "source_id": "Woolworths - 749812",
    "barcode": "9300644702959",
    "category_id": "1_5AF3A0A",
    "shop": "Woolworths",
    "weight": "1L",
    "prices": [
      {
        "state": "NSW",
        "price": "400",
        "price_per_unit": "320",
        "price_unit": "L"
      },
      {
        "state": "VIC",
        "price": "400",
        "price_per_unit": "320",
        "price_unit": "L"
      },
      {
        "state": "QLD",
        "price": "400",
        "price_per_unit": "320",
        "price_unit": "L"
      },
      {
        "state": "WA",
        "price": "400",
        "price_per_unit": "320",
        "price_unit": "L"
      },
      {
        "state": "SA",
        "price": "400",
        "price_per_unit": "320",
        "price_unit": "L"
      },
      {
        "state": "TAS",
        "price": "400",
        "price_per_unit": "320",
        "price_unit": "L"
      },
      {
        "state": "ACT",
        "price": "400",
        "price_per_unit": "320",
        "price_unit": "L"
      },
      {
        "state": "NT",
        "price": "400",
        "price_per_unit": "320",
        "price_unit": "L"
      }
    ]
  },
  {
    "source_url": "https://www.woolworths.com.au/shop/productdetails/749813/v8-vegetable-juice-original",
    "name": "V8 Vegetable Juice Original 1.25l",
    "image_url": "https://cdn1.woolworths.media/content/wowproductimages/large/749813.jpg",
    "source_id": "Woolworths - 749813",
    "barcode": "9300644702973",
    "category_id": "1_5AF3A0A",
    "shop": "Woolworths",
    "weight": "1L",
    "prices": [
      {
        "state": "NSW",
        "price": "400",
        "price_per_unit": "320",
        "price_unit": "L"
      },
      {
        "state": "VIC",
        "price": "400",
        "price_per_unit": "320",
        "price_unit": "L"
      },
      {
        "state": "QLD",
        "price": "400",
        "price_per_unit": "320",
        "price_unit": "L"
      },
      {
        "state": "WA",
        "price": "400",
        "price_per_unit": "320",
        "price_unit": "L"
      },
      {
        "state": "SA",
        "price": "400",
        "price_per_unit": "320",
        "price_unit": "L"
      },
      {
        "state": "TAS",
        "price": "400",
        "price_per_unit": "320",
        "price_unit": "L"
      },
      {
        "state": "ACT",
        "price": "400",
        "price_per_unit": "320",
        "price_unit": "L"
      },
      {
        "state": "NT",
        "price": "400",
        "price_per_unit": "320",
        "price_unit": "L"
      }
    ]
  },
  {
    "source_url": "https://www.woolworths.com.au/shop/productdetails/142929/woolworths-orange-juice-with-pulp",
    "name": "Woolworths Orange Juice With Pulp 2l",
    "image_url": "https://cdn1.woolworths.media/content/wowproductimages/large/142929.jpg",
    "source_id": "Woolworths - 142929",
    "barcode": "9339687236688",
    "category_id": "1_5AF3A0A",
    "shop": "Woolworths",
    "weight": "1L",
    "prices": [
      {
        "state": "NSW",
        "price": "600",
        "price_per_unit": "300",
        "price_unit": "L"
      },
      {
        "state": "VIC",
        "price": "600",
        "price_per_unit": "300",
        "price_unit": "L"
      },
      {
        "state": "SA",
        "price": "600",
        "price_per_unit": "300",
        "price_unit": "L"
      },
      {
        "state": "TAS",
        "price": "600",
        "price_per_unit": "300",
        "price_unit": "L"
      },
      {
        "state": "ACT",
        "price": "600",
        "price_per_unit": "300",
        "price_unit": "L"
      },
      {
        "state": "NT",
        "price": "600",
        "price_per_unit": "300",
        "price_unit": "L"
      }
    ]
  },
  {
    "source_url": "https://www.woolworths.com.au/shop/productdetails/396275/bickford-s-apple-berry-juice",
    "name": "Bickford's Apple & Berry Juice 1l",
    "image_url": "https://cdn1.woolworths.media/content/wowproductimages/large/396275.jpg",
    "source_id": "Woolworths - 396275",
    "barcode": "9349277002722",
    "category_id": "1_5AF3A0A",
    "shop": "Woolworths",
    "weight": "1L",
    "prices": [
      {
        "state": "VIC",
        "price": "550",
        "price_per_unit": "550",
        "price_unit": "L"
      },
      {
        "state": "QLD",
        "price": "550",
        "price_per_unit": "550",
        "price_unit": "L"
      },
      {
        "state": "WA",
        "price": "550",
        "price_per_unit": "550",
        "price_unit": "L"
      },
      {
        "state": "SA",
        "price": "550",
        "price_per_unit": "550",
        "price_unit": "L"
      },
      {
        "state": "TAS",
        "price": "550",
        "price_per_unit": "550",
        "price_unit": "L"
      },
      {
        "state": "ACT",
        "price": "550",
        "price_per_unit": "550",
        "price_unit": "L"
      },
      {
        "state": "NT",
        "price": "550",
        "price_per_unit": "550",
        "price_unit": "L"
      }
    ]
  },
  {
    "source_url": "https://www.woolworths.com.au/shop/productdetails/365244/bickford-s-blueberry-juice-drink",
    "name": "Bickford's Blueberry Juice Drink 1l",
    "image_url": "https://cdn1.woolworths.media/content/wowproductimages/large/365244.jpg",
    "source_id": "Woolworths - 365244",
    "barcode": "9311755000278",
    "category_id": "1_5AF3A0A",
    "shop": "Woolworths",
    "weight": "1L",
    "prices": [
      {
        "state": "VIC",
        "price": "550",
        "price_per_unit": "550",
        "price_unit": "L"
      },
      {
        "state": "QLD",
        "price": "550",
        "price_per_unit": "550",
        "price_unit": "L"
      },
      {
        "state": "WA",
        "price": "550",
        "price_per_unit": "550",
        "price_unit": "L"
      },
      {
        "state": "SA",
        "price": "550",
        "price_per_unit": "550",
        "price_unit": "L"
      },
      {
        "state": "TAS",
        "price": "550",
        "price_per_unit": "550",
        "price_unit": "L"
      },
      {
        "state": "ACT",
        "price": "550",
        "price_per_unit": "550",
        "price_unit": "L"
      },
      {
        "state": "NT",
        "price": "550",
        "price_per_unit": "550",
        "price_unit": "L"
      }
    ]
  },
  {
    "source_url": "https://www.woolworths.com.au/shop/productdetails/677524/bickford-s-cherry-juice",
    "name": "Bickford's Cherry Juice 1l",
    "image_url": "https://cdn1.woolworths.media/content/wowproductimages/large/677524.jpg",
    "source_id": "Woolworths - 677524",
    "barcode": "9349277000575",
    "category_id": "1_5AF3A0A",
    "shop": "Woolworths",
    "weight": "1L",
    "prices": [
      {
        "state": "VIC",
        "price": "650",
        "price_per_unit": "650",
        "price_unit": "L"
      },
      {
        "state": "QLD",
        "price": "650",
        "price_per_unit": "650",
        "price_unit": "L"
      },
      {
        "state": "WA",
        "price": "650",
        "price_per_unit": "650",
        "price_unit": "L"
      },
      {
        "state": "SA",
        "price": "650",
        "price_per_unit": "650",
        "price_unit": "L"
      },
      {
        "state": "TAS",
        "price": "650",
        "price_per_unit": "650",
        "price_unit": "L"
      },
      {
        "state": "ACT",
        "price": "650",
        "price_per_unit": "650",
        "price_unit": "L"
      },
      {
        "state": "NT",
        "price": "650",
        "price_per_unit": "650",
        "price_unit": "L"
      }
    ]
  },
  {
    "source_url": "https://www.woolworths.com.au/shop/productdetails/787819/bickford-s-cloudy-pear-juice",
    "name": "Bickford's Cloudy Pear Juice 1l",
    "image_url": "https://cdn1.woolworths.media/content/wowproductimages/large/787819.jpg",
    "source_id": "Woolworths - 787819",
    "barcode": "9311755200852",
    "category_id": "1_5AF3A0A",
    "shop": "Woolworths",
    "weight": "1L",
    "prices": [
      {
        "state": "VIC",
        "price": "650",
        "price_per_unit": "650",
        "price_unit": "L"
      },
      {
        "state": "QLD",
        "price": "650",
        "price_per_unit": "650",
        "price_unit": "L"
      },
      {
        "state": "WA",
        "price": "650",
        "price_per_unit": "650",
        "price_unit": "L"
      },
      {
        "state": "SA",
        "price": "650",
        "price_per_unit": "650",
        "price_unit": "L"
      },
      {
        "state": "TAS",
        "price": "650",
        "price_per_unit": "650",
        "price_unit": "L"
      },
      {
        "state": "ACT",
        "price": "650",
        "price_per_unit": "650",
        "price_unit": "L"
      },
      {
        "state": "NT",
        "price": "650",
        "price_per_unit": "650",
        "price_unit": "L"
      }
    ]
  },
  {
    "source_url": "https://www.woolworths.com.au/shop/productdetails/620603/bickford-s-cranberry-juice-drink",
    "name": "Bickford's Cranberry Juice Drink 1l",
    "image_url": "https://cdn1.woolworths.media/content/wowproductimages/large/620603.jpg",
    "source_id": "Woolworths - 620603",
    "barcode": "9311755200487",
    "category_id": "1_5AF3A0A",
    "shop": "Woolworths",
    "weight": "1L",
    "prices": [
      {
        "state": "VIC",
        "price": "550",
        "price_per_unit": "550",
        "price_unit": "L"
      },
      {
        "state": "QLD",
        "price": "550",
        "price_per_unit": "550",
        "price_unit": "L"
      },
      {
        "state": "WA",
        "price": "550",
        "price_per_unit": "550",
        "price_unit": "L"
      },
      {
        "state": "SA",
        "price": "550",
        "price_per_unit": "550",
        "price_unit": "L"
      },
      {
        "state": "TAS",
        "price": "550",
        "price_per_unit": "550",
        "price_unit": "L"
      },
      {
        "state": "ACT",
        "price": "550",
        "price_per_unit": "550",
        "price_unit": "L"
      },
      {
        "state": "NT",
        "price": "550",
        "price_per_unit": "550",
        "price_unit": "L"
      }
    ]
  },
  {
    "source_url": "https://www.woolworths.com.au/shop/productdetails/906452/bickford-s-fruit-juice-peach-strawberry-drink",
    "name": "Bickford's Fruit Juice Peach & Strawberry Drink 1L",
    "image_url": "https://cdn1.woolworths.media/content/wowproductimages/large/906452.jpg",
    "source_id": "Woolworths - 906452",
    "barcode": "9349277002647",
    "category_id": "1_5AF3A0A",
    "shop": "Woolworths",
    "weight": "1L",
    "prices": [
      {
        "state": "VIC",
        "price": "650",
        "price_per_unit": "650",
        "price_unit": "L"
      },
      {
        "state": "WA",
        "price": "650",
        "price_per_unit": "650",
        "price_unit": "L"
      },
      {
        "state": "SA",
        "price": "650",
        "price_per_unit": "650",
        "price_unit": "L"
      },
      {
        "state": "TAS",
        "price": "650",
        "price_per_unit": "650",
        "price_unit": "L"
      },
      {
        "state": "ACT",
        "price": "650",
        "price_per_unit": "650",
        "price_unit": "L"
      },
      {
        "state": "NT",
        "price": "650",
        "price_per_unit": "650",
        "price_unit": "L"
      }
    ]
  },
  {
    "source_url": "https://www.woolworths.com.au/shop/productdetails/253048/bickford-s-pomegranate-juice",
    "name": "Bickford's Pomegranate Juice 1l",
    "image_url": "https://cdn1.woolworths.media/content/wowproductimages/large/253048.jpg",
    "source_id": "Woolworths - 253048",
    "barcode": "9311755300941",
    "category_id": "1_5AF3A0A",
    "shop": "Woolworths",
    "weight": "1L",
    "prices": [
      {
        "state": "VIC",
        "price": "650",
        "price_per_unit": "650",
        "price_unit": "L"
      },
      {
        "state": "QLD",
        "price": "650",
        "price_per_unit": "650",
        "price_unit": "L"
      },
      {
        "state": "WA",
        "price": "650",
        "price_per_unit": "650",
        "price_unit": "L"
      },
      {
        "state": "SA",
        "price": "650",
        "price_per_unit": "650",
        "price_unit": "L"
      },
      {
        "state": "TAS",
        "price": "650",
        "price_per_unit": "650",
        "price_unit": "L"
      },
      {
        "state": "ACT",
        "price": "650",
        "price_per_unit": "650",
        "price_unit": "L"
      },
      {
        "state": "NT",
        "price": "650",
        "price_per_unit": "650",
        "price_unit": "L"
      }
    ]
  },
  {
    "source_url": "https://www.woolworths.com.au/shop/productdetails/700504/bickford-s-super-berry-juice",
    "name": "Bickford's Super Berry Juice 1l",
    "image_url": "https://cdn1.woolworths.media/content/wowproductimages/large/700504.jpg",
    "source_id": "Woolworths - 700504",
    "barcode": "9311755300323",
    "category_id": "1_5AF3A0A",
    "shop": "Woolworths",
    "weight": "1L",
    "prices": [
      {
        "state": "VIC",
        "price": "550",
        "price_per_unit": "550",
        "price_unit": "L"
      },
      {
        "state": "QLD",
        "price": "550",
        "price_per_unit": "550",
        "price_unit": "L"
      },
      {
        "state": "WA",
        "price": "550",
        "price_per_unit": "550",
        "price_unit": "L"
      },
      {
        "state": "SA",
        "price": "550",
        "price_per_unit": "550",
        "price_unit": "L"
      },
      {
        "state": "TAS",
        "price": "550",
        "price_per_unit": "550",
        "price_unit": "L"
      },
      {
        "state": "ACT",
        "price": "550",
        "price_per_unit": "550",
        "price_unit": "L"
      },
      {
        "state": "NT",
        "price": "550",
        "price_per_unit": "550",
        "price_unit": "L"
      }
    ]
  },
  {
    "source_url": "https://www.woolworths.com.au/shop/productdetails/187735/devondale-sparkling-apple-juice",
    "name": "Devondale Sparkling Apple Juice 750ml",
    "image_url": "https://cdn1.woolworths.media/content/wowproductimages/large/187735.jpg",
    "source_id": "Woolworths - 187735",
    "barcode": "9341950002968",
    "category_id": "1_5AF3A0A",
    "shop": "Woolworths",
    "weight": "1L",
    "prices": [
      {
        "state": "VIC",
        "price": "365",
        "price_per_unit": "487",
        "price_unit": "L"
      },
      {
        "state": "WA",
        "price": "365",
        "price_per_unit": "487",
        "price_unit": "L"
      },
      {
        "state": "SA",
        "price": "365",
        "price_per_unit": "487",
        "price_unit": "L"
      },
      {
        "state": "TAS",
        "price": "355",
        "price_per_unit": "473",
        "price_unit": "L"
      },
      {
        "state": "ACT",
        "price": "365",
        "price_per_unit": "487",
        "price_unit": "L"
      },
      {
        "state": "NT",
        "price": "365",
        "price_per_unit": "487",
        "price_unit": "L"
      }
    ]
  },
  {
    "source_url": "https://www.woolworths.com.au/shop/productdetails/388459/dole-100-pineapple-juice",
    "name": "Dole 100% Pineapple Juice 240mL",
    "image_url": "https://cdn1.woolworths.media/content/wowproductimages/large/388459.jpg",
    "source_id": "Woolworths - 388459",
    "barcode": "38900075132",
    "category_id": "1_5AF3A0A",
    "shop": "Woolworths",
    "weight": "1L",
    "prices": [
      {
        "state": "VIC",
        "price": "130",
        "price_per_unit": "542",
        "price_unit": "L"
      },
      {
        "state": "QLD",
        "price": "130",
        "price_per_unit": "542",
        "price_unit": "L"
      },
      {
        "state": "WA",
        "price": "130",
        "price_per_unit": "542",
        "price_unit": "L"
      },
      {
        "state": "SA",
        "price": "130",
        "price_per_unit": "542",
        "price_unit": "L"
      },
      {
        "state": "TAS",
        "price": "130",
        "price_per_unit": "542",
        "price_unit": "L"
      },
      {
        "state": "ACT",
        "price": "130",
        "price_per_unit": "542",
        "price_unit": "L"
      },
      {
        "state": "NT",
        "price": "130",
        "price_per_unit": "542",
        "price_unit": "L"
      }
    ]
  },
  {
    "source_url": "https://www.woolworths.com.au/shop/productdetails/390708/dole-pine-mango-100-juice",
    "name": "Dole Pine-Mango 100% Juice 240mL",
    "image_url": "https://cdn1.woolworths.media/content/wowproductimages/large/390708.jpg",
    "source_id": "Woolworths - 390708",
    "barcode": "38900009601",
    "category_id": "1_5AF3A0A",
    "shop": "Woolworths",
    "weight": "1L",
    "prices": [
      {
        "state": "VIC",
        "price": "130",
        "price_per_unit": "542",
        "price_unit": "L"
      },
      {
        "state": "QLD",
        "price": "130",
        "price_per_unit": "542",
        "price_unit": "L"
      },
      {
        "state": "WA",
        "price": "130",
        "price_per_unit": "542",
        "price_unit": "L"
      },
      {
        "state": "SA",
        "price": "130",
        "price_per_unit": "542",
        "price_unit": "L"
      },
      {
        "state": "TAS",
        "price": "130",
        "price_per_unit": "542",
        "price_unit": "L"
      },
      {
        "state": "ACT",
        "price": "130",
        "price_per_unit": "542",
        "price_unit": "L"
      },
      {
        "state": "NT",
        "price": "130",
        "price_per_unit": "542",
        "price_unit": "L"
      }
    ]
  },
  {
    "source_url": "https://www.woolworths.com.au/shop/productdetails/787164/golden-circle-apple-blackcurrant-juice-no-added-sugar-fruit-juices",
    "name": "Golden Circle Apple Blackcurrant Juice No Added Sugar Fruit Juices 2l",
    "image_url": "https://cdn1.woolworths.media/content/wowproductimages/large/787164.jpg",
    "source_id": "Woolworths - 787164",
    "barcode": "9310179188098",
    "category_id": "1_5AF3A0A",
    "shop": "Woolworths",
    "weight": "1L",
    "prices": [
      {
        "state": "VIC",
        "price": "480",
        "price_per_unit": "240",
        "price_unit": "L"
      },
      {
        "state": "QLD",
        "price": "480",
        "price_per_unit": "240",
        "price_unit": "L"
      },
      {
        "state": "WA",
        "price": "480",
        "price_per_unit": "240",
        "price_unit": "L"
      },
      {
        "state": "SA",
        "price": "480",
        "price_per_unit": "240",
        "price_unit": "L"
      },
      {
        "state": "TAS",
        "price": "480",
        "price_per_unit": "240",
        "price_unit": "L"
      },
      {
        "state": "ACT",
        "price": "480",
        "price_per_unit": "240",
        "price_unit": "L"
      },
      {
        "state": "NT",
        "price": "480",
        "price_per_unit": "240",
        "price_unit": "L"
      }
    ]
  },
  {
    "source_url": "https://www.woolworths.com.au/shop/productdetails/67060/golden-circle-apple-juice-no-added-sugar-fruit-juice",
    "name": "Golden Circle Apple Juice No Added Sugar Fruit Juice 2l",
    "image_url": "https://cdn1.woolworths.media/content/wowproductimages/large/067060.jpg",
    "source_id": "Woolworths - 67060",
    "barcode": "9310179008624",
    "category_id": "1_5AF3A0A",
    "shop": "Woolworths",
    "weight": "1L",
    "prices": [
      {
        "state": "VIC",
        "price": "480",
        "price_per_unit": "240",
        "price_unit": "L"
      },
      {
        "state": "QLD",
        "price": "480",
        "price_per_unit": "240",
        "price_unit": "L"
      },
      {
        "state": "WA",
        "price": "480",
        "price_per_unit": "240",
        "price_unit": "L"
      },
      {
        "state": "SA",
        "price": "480",
        "price_per_unit": "240",
        "price_unit": "L"
      },
      {
        "state": "TAS",
        "price": "480",
        "price_per_unit": "240",
        "price_unit": "L"
      },
      {
        "state": "ACT",
        "price": "480",
        "price_per_unit": "240",
        "price_unit": "L"
      },
      {
        "state": "NT",
        "price": "480",
        "price_per_unit": "240",
        "price_unit": "L"
      }
    ]
  },
  {
    "source_url": "https://www.woolworths.com.au/shop/productdetails/51655/golden-circle-apple-mango-banana-juice-no-added-sugar-fruit-juices",
    "name": "Golden Circle Apple, Mango & Banana Juice No Added Sugar Fruit Juices 2l",
    "image_url": "https://cdn1.woolworths.media/content/wowproductimages/large/051655.jpg",
    "source_id": "Woolworths - 51655",
    "barcode": "9310179188302",
    "category_id": "1_5AF3A0A",
    "shop": "Woolworths",
    "weight": "1L",
    "prices": [
      {
        "state": "VIC",
        "price": "480",
        "price_per_unit": "240",
        "price_unit": "L"
      },
      {
        "state": "WA",
        "price": "480",
        "price_per_unit": "240",
        "price_unit": "L"
      },
      {
        "state": "SA",
        "price": "480",
        "price_per_unit": "240",
        "price_unit": "L"
      },
      {
        "state": "TAS",
        "price": "480",
        "price_per_unit": "240",
        "price_unit": "L"
      },
      {
        "state": "ACT",
        "price": "480",
        "price_per_unit": "240",
        "price_unit": "L"
      },
      {
        "state": "NT",
        "price": "480",
        "price_per_unit": "240",
        "price_unit": "L"
      }
    ]
  },
  {
    "source_url": "https://www.woolworths.com.au/shop/productdetails/155618/golden-circle-breakfast-juice-no-added-sugar-pineapple-fruit-juice",
    "name": "Golden Circle Breakfast Juice No Added Sugar Pineapple Fruit Juice 2l",
    "image_url": "https://cdn1.woolworths.media/content/wowproductimages/large/155618.jpg",
    "source_id": "Woolworths - 155618",
    "barcode": "9310179083409",
    "category_id": "1_5AF3A0A",
    "shop": "Woolworths",
    "weight": "1L",
    "prices": [
      {
        "state": "VIC",
        "price": "480",
        "price_per_unit": "240",
        "price_unit": "L"
      },
      {
        "state": "QLD",
        "price": "480",
        "price_per_unit": "240",
        "price_unit": "L"
      },
      {
        "state": "WA",
        "price": "480",
        "price_per_unit": "240",
        "price_unit": "L"
      },
      {
        "state": "SA",
        "price": "480",
        "price_per_unit": "240",
        "price_unit": "L"
      },
      {
        "state": "TAS",
        "price": "480",
        "price_per_unit": "240",
        "price_unit": "L"
      },
      {
        "state": "ACT",
        "price": "480",
        "price_per_unit": "240",
        "price_unit": "L"
      },
      {
        "state": "NT",
        "price": "480",
        "price_per_unit": "240",
        "price_unit": "L"
      }
    ]
  },
  {
    "source_url": "https://www.woolworths.com.au/shop/productdetails/826651/golden-circle-drinks-apple-blackcurrant-fruit-drink",
    "name": "Golden Circle Drinks Apple Blackcurrant Fruit Drink 1l",
    "image_url": "https://cdn1.woolworths.media/content/wowproductimages/large/826651.jpg",
    "source_id": "Woolworths - 826651",
    "barcode": "9310179199469",
    "category_id": "1_5AF3A0A",
    "shop": "Woolworths",
    "weight": "1L",
    "prices": [
      {
        "state": "VIC",
        "price": "270",
        "price_per_unit": "270",
        "price_unit": "L"
      },
      {
        "state": "QLD",
        "price": "270",
        "price_per_unit": "270",
        "price_unit": "L"
      },
      {
        "state": "WA",
        "price": "270",
        "price_per_unit": "270",
        "price_unit": "L"
      },
      {
        "state": "SA",
        "price": "270",
        "price_per_unit": "270",
        "price_unit": "L"
      },
      {
        "state": "TAS",
        "price": "260",
        "price_per_unit": "260",
        "price_unit": "L"
      },
      {
        "state": "ACT",
        "price": "270",
        "price_per_unit": "270",
        "price_unit": "L"
      },
      {
        "state": "NT",
        "price": "270",
        "price_per_unit": "270",
        "price_unit": "L"
      }
    ]
  },
  {
    "source_url": "https://www.woolworths.com.au/shop/productdetails/534560/golden-circle-drinks-apple-splash-fruit-drink",
    "name": "Golden Circle Drinks Apple Splash Fruit Drink 1l",
    "image_url": "https://cdn1.woolworths.media/content/wowproductimages/large/534560.jpg",
    "source_id": "Woolworths - 534560",
    "barcode": "9310179009300",
    "category_id": "1_5AF3A0A",
    "shop": "Woolworths",
    "weight": "1L",
    "prices": [
      {
        "state": "VIC",
        "price": "270",
        "price_per_unit": "270",
        "price_unit": "L"
      },
      {
        "state": "QLD",
        "price": "270",
        "price_per_unit": "270",
        "price_unit": "L"
      },
      {
        "state": "WA",
        "price": "270",
        "price_per_unit": "270",
        "price_unit": "L"
      },
      {
        "state": "SA",
        "price": "270",
        "price_per_unit": "270",
        "price_unit": "L"
      },
      {
        "state": "TAS",
        "price": "260",
        "price_per_unit": "260",
        "price_unit": "L"
      },
      {
        "state": "ACT",
        "price": "270",
        "price_per_unit": "270",
        "price_unit": "L"
      }
    ]
  },
  {
    "source_url": "https://www.woolworths.com.au/shop/productdetails/34543/golden-circle-drinks-pine-mango-fruit-drink",
    "name": "Golden Circle Drinks Pine Mango Fruit Drink 1l",
    "image_url": "https://cdn1.woolworths.media/content/wowproductimages/large/034543.jpg",
    "source_id": "Woolworths - 34543",
    "barcode": "9310179006712",
    "category_id": "1_5AF3A0A",
    "shop": "Woolworths",
    "weight": "1L",
    "prices": [
      {
        "state": "VIC",
        "price": "270",
        "price_per_unit": "270",
        "price_unit": "L"
      },
      {
        "state": "QLD",
        "price": "270",
        "price_per_unit": "270",
        "price_unit": "L"
      },
      {
        "state": "WA",
        "price": "270",
        "price_per_unit": "270",
        "price_unit": "L"
      },
      {
        "state": "SA",
        "price": "270",
        "price_per_unit": "270",
        "price_unit": "L"
      },
      {
        "state": "TAS",
        "price": "260",
        "price_per_unit": "260",
        "price_unit": "L"
      },
      {
        "state": "ACT",
        "price": "270",
        "price_per_unit": "270",
        "price_unit": "L"
      },
      {
        "state": "NT",
        "price": "270",
        "price_per_unit": "270",
        "price_unit": "L"
      }
    ]
  },
  {
    "source_url": "https://www.woolworths.com.au/shop/productdetails/32749/golden-circle-drinks-pine-orange-fruit-drink",
    "name": "Golden Circle Drinks Pine Orange Fruit Drink 1l",
    "image_url": "https://cdn1.woolworths.media/content/wowproductimages/large/032749.jpg",
    "source_id": "Woolworths - 32749",
    "barcode": "9310179009294",
    "category_id": "1_5AF3A0A",
    "shop": "Woolworths",
    "weight": "1L",
    "prices": [
      {
        "state": "VIC",
        "price": "270",
        "price_per_unit": "270",
        "price_unit": "L"
      },
      {
        "state": "QLD",
        "price": "270",
        "price_per_unit": "270",
        "price_unit": "L"
      },
      {
        "state": "WA",
        "price": "270",
        "price_per_unit": "270",
        "price_unit": "L"
      },
      {
        "state": "SA",
        "price": "270",
        "price_per_unit": "270",
        "price_unit": "L"
      },
      {
        "state": "TAS",
        "price": "260",
        "price_per_unit": "260",
        "price_unit": "L"
      },
      {
        "state": "ACT",
        "price": "270",
        "price_per_unit": "270",
        "price_unit": "L"
      },
      {
        "state": "NT",
        "price": "270",
        "price_per_unit": "270",
        "price_unit": "L"
      }
    ]
  },
  {
    "source_url": "https://www.woolworths.com.au/shop/productdetails/786547/golden-circle-fruit-drinks-apricot-nectar",
    "name": "Golden Circle Fruit Drinks Apricot Nectar 1l",
    "image_url": "https://cdn1.woolworths.media/content/wowproductimages/large/786547.jpg",
    "source_id": "Woolworths - 786547",
    "barcode": "9310179199346",
    "category_id": "1_5AF3A0A",
    "shop": "Woolworths",
    "weight": "1L",
    "prices": [
      {
        "state": "VIC",
        "price": "360",
        "price_per_unit": "360",
        "price_unit": "L"
      },
      {
        "state": "QLD",
        "price": "360",
        "price_per_unit": "360",
        "price_unit": "L"
      },
      {
        "state": "WA",
        "price": "360",
        "price_per_unit": "360",
        "price_unit": "L"
      },
      {
        "state": "SA",
        "price": "360",
        "price_per_unit": "360",
        "price_unit": "L"
      },
      {
        "state": "TAS",
        "price": "350",
        "price_per_unit": "350",
        "price_unit": "L"
      },
      {
        "state": "ACT",
        "price": "360",
        "price_per_unit": "360",
        "price_unit": "L"
      },
      {
        "state": "NT",
        "price": "370",
        "price_per_unit": "370",
        "price_unit": "L"
      }
    ]
  },
  {
    "source_url": "https://www.woolworths.com.au/shop/productdetails/786581/golden-circle-fruit-drinks-guava-nectar",
    "name": "Golden Circle Fruit Drinks Guava Nectar 1l",
    "image_url": "https://cdn1.woolworths.media/content/wowproductimages/large/786581.jpg",
    "source_id": "Woolworths - 786581",
    "barcode": "9310179199353",
    "category_id": "1_5AF3A0A",
    "shop": "Woolworths",
    "weight": "1L",
    "prices": [
      {
        "state": "VIC",
        "price": "360",
        "price_per_unit": "360",
        "price_unit": "L"
      },
      {
        "state": "QLD",
        "price": "360",
        "price_per_unit": "360",
        "price_unit": "L"
      },
      {
        "state": "WA",
        "price": "360",
        "price_per_unit": "360",
        "price_unit": "L"
      },
      {
        "state": "SA",
        "price": "360",
        "price_per_unit": "360",
        "price_unit": "L"
      },
      {
        "state": "TAS",
        "price": "350",
        "price_per_unit": "350",
        "price_unit": "L"
      },
      {
        "state": "ACT",
        "price": "360",
        "price_per_unit": "360",
        "price_unit": "L"
      },
      {
        "state": "NT",
        "price": "370",
        "price_per_unit": "370",
        "price_unit": "L"
      }
    ]
  },
  {
    "source_url": "https://www.woolworths.com.au/shop/productdetails/786549/golden-circle-fruit-drinks-mango-nectar",
    "name": "Golden Circle Fruit Drinks Mango Nectar 1l",
    "image_url": "https://cdn1.woolworths.media/content/wowproductimages/large/786549.jpg",
    "source_id": "Woolworths - 786549",
    "barcode": "9310179199339",
    "category_id": "1_5AF3A0A",
    "shop": "Woolworths",
    "weight": "1L",
    "prices": [
      {
        "state": "VIC",
        "price": "360",
        "price_per_unit": "360",
        "price_unit": "L"
      },
      {
        "state": "QLD",
        "price": "360",
        "price_per_unit": "360",
        "price_unit": "L"
      },
      {
        "state": "WA",
        "price": "360",
        "price_per_unit": "360",
        "price_unit": "L"
      },
      {
        "state": "SA",
        "price": "360",
        "price_per_unit": "360",
        "price_unit": "L"
      },
      {
        "state": "TAS",
        "price": "350",
        "price_per_unit": "350",
        "price_unit": "L"
      },
      {
        "state": "ACT",
        "price": "360",
        "price_per_unit": "360",
        "price_unit": "L"
      },
      {
        "state": "NT",
        "price": "370",
        "price_per_unit": "370",
        "price_unit": "L"
      }
    ]
  },
  {
    "source_url": "https://www.woolworths.com.au/shop/productdetails/786550/golden-circle-fruit-drinks-pear-nectar",
    "name": "Golden Circle Fruit Drinks Pear Nectar 1l",
    "image_url": "https://cdn1.woolworths.media/content/wowproductimages/large/786550.jpg",
    "source_id": "Woolworths - 786550",
    "barcode": "9310179199384",
    "category_id": "1_5AF3A0A",
    "shop": "Woolworths",
    "weight": "1L",
    "prices": [
      {
        "state": "VIC",
        "price": "360",
        "price_per_unit": "360",
        "price_unit": "L"
      },
      {
        "state": "WA",
        "price": "360",
        "price_per_unit": "360",
        "price_unit": "L"
      },
      {
        "state": "SA",
        "price": "360",
        "price_per_unit": "360",
        "price_unit": "L"
      },
      {
        "state": "TAS",
        "price": "350",
        "price_per_unit": "350",
        "price_unit": "L"
      },
      {
        "state": "ACT",
        "price": "360",
        "price_per_unit": "360",
        "price_unit": "L"
      },
      {
        "state": "NT",
        "price": "370",
        "price_per_unit": "370",
        "price_unit": "L"
      }
    ]
  },
  {
    "source_url": "https://www.woolworths.com.au/shop/productdetails/906422/golden-circle-madarin-apple-passionfruit-juice",
    "name": "Golden Circle Madarin, Apple & Passionfruit Juice 2l",
    "image_url": "https://cdn1.woolworths.media/content/wowproductimages/large/906422.jpg",
    "source_id": "Woolworths - 906422",
    "barcode": "9310179187244",
    "category_id": "1_5AF3A0A",
    "shop": "Woolworths",
    "weight": "1L",
    "prices": [
      {
        "state": "VIC",
        "price": "480",
        "price_per_unit": "240",
        "price_unit": "L"
      },
      {
        "state": "WA",
        "price": "480",
        "price_per_unit": "240",
        "price_unit": "L"
      },
      {
        "state": "SA",
        "price": "480",
        "price_per_unit": "240",
        "price_unit": "L"
      },
      {
        "state": "TAS",
        "price": "480",
        "price_per_unit": "240",
        "price_unit": "L"
      },
      {
        "state": "ACT",
        "price": "480",
        "price_per_unit": "240",
        "price_unit": "L"
      },
      {
        "state": "NT",
        "price": "480",
        "price_per_unit": "240",
        "price_unit": "L"
      }
    ]
  },
  {
    "source_url": "https://www.woolworths.com.au/shop/productdetails/32747/golden-circle-orange-burst-fruit-drink-breakfast-drink",
    "name": "Golden Circle Orange Burst Fruit Drink Breakfast Drink 1l",
    "image_url": "https://cdn1.woolworths.media/content/wowproductimages/large/032747.jpg",
    "source_id": "Woolworths - 32747",
    "barcode": "9310179006682",
    "category_id": "1_5AF3A0A",
    "shop": "Woolworths",
    "weight": "1L",
    "prices": [
      {
        "state": "VIC",
        "price": "270",
        "price_per_unit": "270",
        "price_unit": "L"
      },
      {
        "state": "QLD",
        "price": "270",
        "price_per_unit": "270",
        "price_unit": "L"
      },
      {
        "state": "WA",
        "price": "270",
        "price_per_unit": "270",
        "price_unit": "L"
      },
      {
        "state": "SA",
        "price": "270",
        "price_per_unit": "270",
        "price_unit": "L"
      },
      {
        "state": "TAS",
        "price": "260",
        "price_per_unit": "260",
        "price_unit": "L"
      },
      {
        "state": "ACT",
        "price": "270",
        "price_per_unit": "270",
        "price_unit": "L"
      },
      {
        "state": "NT",
        "price": "270",
        "price_per_unit": "270",
        "price_unit": "L"
      }
    ]
  },
  {
    "source_url": "https://www.woolworths.com.au/shop/productdetails/787165/golden-circle-orange-mango-juice-no-added-sugar-fruit-juice-breakfast",
    "name": "Golden Circle Orange Mango Juice No Added Sugar Fruit Juice Breakfast 2l",
    "image_url": "https://cdn1.woolworths.media/content/wowproductimages/large/787165.jpg",
    "source_id": "Woolworths - 787165",
    "barcode": "9310179188081",
    "category_id": "1_5AF3A0A",
    "shop": "Woolworths",
    "weight": "1L",
    "prices": [
      {
        "state": "VIC",
        "price": "650",
        "price_per_unit": "325",
        "price_unit": "L"
      },
      {
        "state": "QLD",
        "price": "650",
        "price_per_unit": "325",
        "price_unit": "L"
      },
      {
        "state": "WA",
        "price": "650",
        "price_per_unit": "325",
        "price_unit": "L"
      },
      {
        "state": "SA",
        "price": "650",
        "price_per_unit": "325",
        "price_unit": "L"
      },
      {
        "state": "TAS",
        "price": "650",
        "price_per_unit": "325",
        "price_unit": "L"
      },
      {
        "state": "ACT",
        "price": "650",
        "price_per_unit": "325",
        "price_unit": "L"
      },
      {
        "state": "NT",
        "price": "650",
        "price_per_unit": "325",
        "price_unit": "L"
      }
    ]
  },
  {
    "source_url": "https://www.woolworths.com.au/shop/productdetails/104407/golden-circle-pine-orange-no-added-sugar-juice-pineapple-fruit-juice",
    "name": "Golden Circle Pine Orange No Added Sugar Juice Pineapple Fruit Juice 2l",
    "image_url": "https://cdn1.woolworths.media/content/wowproductimages/large/104407.jpg",
    "source_id": "Woolworths - 104407",
    "barcode": "9310179081252",
    "category_id": "1_5AF3A0A",
    "shop": "Woolworths",
    "weight": "1L",
    "prices": [
      {
        "state": "VIC",
        "price": "480",
        "price_per_unit": "240",
        "price_unit": "L"
      },
      {
        "state": "QLD",
        "price": "480",
        "price_per_unit": "240",
        "price_unit": "L"
      },
      {
        "state": "WA",
        "price": "480",
        "price_per_unit": "240",
        "price_unit": "L"
      },
      {
        "state": "SA",
        "price": "480",
        "price_per_unit": "240",
        "price_unit": "L"
      },
      {
        "state": "TAS",
        "price": "480",
        "price_per_unit": "240",
        "price_unit": "L"
      },
      {
        "state": "ACT",
        "price": "480",
        "price_per_unit": "240",
        "price_unit": "L"
      },
      {
        "state": "NT",
        "price": "480",
        "price_per_unit": "240",
        "price_unit": "L"
      }
    ]
  },
  {
    "source_url": "https://www.woolworths.com.au/shop/productdetails/32748/golden-circle-pineapple-juice-sweetened-fruit-juice-pineapples",
    "name": "Golden Circle Pineapple Juice Sweetened Fruit Juice Pineapples 1l",
    "image_url": "https://cdn1.woolworths.media/content/wowproductimages/large/032748.jpg",
    "source_id": "Woolworths - 32748",
    "barcode": "9310179006668",
    "category_id": "1_5AF3A0A",
    "shop": "Woolworths",
    "weight": "1L",
    "prices": [
      {
        "state": "VIC",
        "price": "260",
        "price_per_unit": "260",
        "price_unit": "L"
      },
      {
        "state": "QLD",
        "price": "270",
        "price_per_unit": "270",
        "price_unit": "L"
      },
      {
        "state": "WA",
        "price": "270",
        "price_per_unit": "270",
        "price_unit": "L"
      },
      {
        "state": "SA",
        "price": "270",
        "price_per_unit": "270",
        "price_unit": "L"
      },
      {
        "state": "TAS",
        "price": "260",
        "price_per_unit": "260",
        "price_unit": "L"
      },
      {
        "state": "ACT",
        "price": "270",
        "price_per_unit": "270",
        "price_unit": "L"
      },
      {
        "state": "NT",
        "price": "270",
        "price_per_unit": "270",
        "price_unit": "L"
      }
    ]
  },
  {
    "source_url": "https://www.woolworths.com.au/shop/productdetails/51659/golden-circle-tomato-juice-no-added-sugar-vegetable-juice",
    "name": "Golden Circle Tomato Juice No Added Sugar Vegetable Juice 2l",
    "image_url": "https://cdn1.woolworths.media/content/wowproductimages/large/051659.jpg",
    "source_id": "Woolworths - 51659",
    "barcode": "9310179188333",
    "category_id": "1_5AF3A0A",
    "shop": "Woolworths",
    "weight": "1L",
    "prices": [
      {
        "state": "VIC",
        "price": "480",
        "price_per_unit": "240",
        "price_unit": "L"
      },
      {
        "state": "QLD",
        "price": "480",
        "price_per_unit": "240",
        "price_unit": "L"
      },
      {
        "state": "WA",
        "price": "480",
        "price_per_unit": "240",
        "price_unit": "L"
      },
      {
        "state": "SA",
        "price": "480",
        "price_per_unit": "240",
        "price_unit": "L"
      },
      {
        "state": "TAS",
        "price": "480",
        "price_per_unit": "240",
        "price_unit": "L"
      },
      {
        "state": "ACT",
        "price": "480",
        "price_per_unit": "240",
        "price_unit": "L"
      }
    ]
  },
  {
    "source_url": "https://www.woolworths.com.au/shop/productdetails/67058/golden-circle-tropical-juice-no-added-sugar-pineapple-fruit-juices",
    "name": "Golden Circle Tropical Juice No Added Sugar Pineapple Fruit Juices 2l",
    "image_url": "https://cdn1.woolworths.media/content/wowproductimages/large/067058.jpg",
    "source_id": "Woolworths - 67058",
    "barcode": "9310179008600",
    "category_id": "1_5AF3A0A",
    "shop": "Woolworths",
    "weight": "1L",
    "prices": [
      {
        "state": "VIC",
        "price": "480",
        "price_per_unit": "240",
        "price_unit": "L"
      },
      {
        "state": "QLD",
        "price": "480",
        "price_per_unit": "240",
        "price_unit": "L"
      },
      {
        "state": "WA",
        "price": "480",
        "price_per_unit": "240",
        "price_unit": "L"
      },
      {
        "state": "SA",
        "price": "480",
        "price_per_unit": "240",
        "price_unit": "L"
      },
      {
        "state": "TAS",
        "price": "480",
        "price_per_unit": "240",
        "price_unit": "L"
      },
      {
        "state": "ACT",
        "price": "480",
        "price_per_unit": "240",
        "price_unit": "L"
      },
      {
        "state": "NT",
        "price": "480",
        "price_per_unit": "240",
        "price_unit": "L"
      }
    ]
  },
  {
    "source_url": "https://www.woolworths.com.au/shop/productdetails/908153/h2juice-lychee-juice",
    "name": "H2Juice Lychee Juice 1.25L",
    "image_url": "https://cdn1.woolworths.media/content/wowproductimages/large/908153.jpg",
    "source_id": "Woolworths - 908153",
    "barcode": "9339655096788",
    "category_id": "1_5AF3A0A",
    "shop": "Woolworths",
    "weight": "1L",
    "prices": [
      {
        "state": "VIC",
        "price": "395",
        "price_per_unit": "316",
        "price_unit": "L"
      },
      {
        "state": "SA",
        "price": "395",
        "price_per_unit": "316",
        "price_unit": "L"
      },
      {
        "state": "TAS",
        "price": "395",
        "price_per_unit": "316",
        "price_unit": "L"
      },
      {
        "state": "ACT",
        "price": "395",
        "price_per_unit": "316",
        "price_unit": "L"
      },
      {
        "state": "NT",
        "price": "395",
        "price_per_unit": "316",
        "price_unit": "L"
      }
    ]
  },
  {
    "source_url": "https://www.woolworths.com.au/shop/productdetails/907500/h2juice-mango-juice",
    "name": "H2Juice Mango Juice 1.25l",
    "image_url": "https://cdn1.woolworths.media/content/wowproductimages/large/907500.jpg",
    "source_id": "Woolworths - 907500",
    "barcode": "9339655097518",
    "category_id": "1_5AF3A0A",
    "shop": "Woolworths",
    "weight": "1L",
    "prices": [
      {
        "state": "VIC",
        "price": "300",
        "price_per_unit": "240",
        "price_unit": "L"
      },
      {
        "state": "SA",
        "price": "300",
        "price_per_unit": "240",
        "price_unit": "L"
      },
      {
        "state": "TAS",
        "price": "300",
        "price_per_unit": "240",
        "price_unit": "L"
      },
      {
        "state": "ACT",
        "price": "300",
        "price_per_unit": "240",
        "price_unit": "L"
      },
      {
        "state": "NT",
        "price": "300",
        "price_per_unit": "240",
        "price_unit": "L"
      }
    ]
  },
  {
    "source_url": "https://www.woolworths.com.au/shop/productdetails/186699/h2juice-pineapple",
    "name": "H2Juice Pineapple 1.25l",
    "image_url": "https://cdn1.woolworths.media/content/wowproductimages/large/186699.jpg",
    "source_id": "Woolworths - 186699",
    "barcode": "9339655098164",
    "category_id": "1_5AF3A0A",
    "shop": "Woolworths",
    "weight": "1L",
    "prices": [
      {
        "state": "VIC",
        "price": "395",
        "price_per_unit": "316",
        "price_unit": "L"
      },
      {
        "state": "SA",
        "price": "395",
        "price_per_unit": "316",
        "price_unit": "L"
      },
      {
        "state": "TAS",
        "price": "395",
        "price_per_unit": "316",
        "price_unit": "L"
      },
      {
        "state": "ACT",
        "price": "395",
        "price_per_unit": "316",
        "price_unit": "L"
      },
      {
        "state": "NT",
        "price": "395",
        "price_per_unit": "316",
        "price_unit": "L"
      }
    ]
  },
  {
    "source_url": "https://www.woolworths.com.au/shop/productdetails/229425/h2juice-watermelon-juice",
    "name": "H2Juice Watermelon Juice 1.25l",
    "image_url": "https://cdn1.woolworths.media/content/wowproductimages/large/229425.jpg",
    "source_id": "Woolworths - 229425",
    "barcode": "9339655098126",
    "category_id": "1_5AF3A0A",
    "shop": "Woolworths",
    "weight": "1L",
    "prices": [
      {
        "state": "VIC",
        "price": "395",
        "price_per_unit": "316",
        "price_unit": "L"
      },
      {
        "state": "SA",
        "price": "395",
        "price_per_unit": "316",
        "price_unit": "L"
      },
      {
        "state": "TAS",
        "price": "395",
        "price_per_unit": "316",
        "price_unit": "L"
      },
      {
        "state": "ACT",
        "price": "395",
        "price_per_unit": "316",
        "price_unit": "L"
      },
      {
        "state": "NT",
        "price": "395",
        "price_per_unit": "316",
        "price_unit": "L"
      }
    ]
  },
  {
    "source_url": "https://www.woolworths.com.au/shop/productdetails/106537/juicy-isle-organic-apple-juice",
    "name": "Juicy Isle Organic Apple Juice 1.5l",
    "image_url": "https://cdn1.woolworths.media/content/wowproductimages/large/106537.jpg",
    "source_id": "Woolworths - 106537",
    "barcode": "9315251902623",
    "category_id": "1_5AF3A0A",
    "shop": "Woolworths",
    "weight": "1L",
    "prices": [
      {
        "state": "VIC",
        "price": "550",
        "price_per_unit": "367",
        "price_unit": "L"
      },
      {
        "state": "QLD",
        "price": "550",
        "price_per_unit": "367",
        "price_unit": "L"
      },
      {
        "state": "WA",
        "price": "550",
        "price_per_unit": "367",
        "price_unit": "L"
      },
      {
        "state": "SA",
        "price": "550",
        "price_per_unit": "367",
        "price_unit": "L"
      },
      {
        "state": "TAS",
        "price": "550",
        "price_per_unit": "367",
        "price_unit": "L"
      },
      {
        "state": "ACT",
        "price": "550",
        "price_per_unit": "367",
        "price_unit": "L"
      },
      {
        "state": "NT",
        "price": "550",
        "price_per_unit": "367",
        "price_unit": "L"
      }
    ]
  },
  {
    "source_url": "https://www.woolworths.com.au/shop/productdetails/311515/ocean-spray-cran-pomegranate-juice-drink",
    "name": "Ocean Spray Cran Pomegranate Juice Drink 1.5l",
    "image_url": "https://cdn1.woolworths.media/content/wowproductimages/large/311515.jpg",
    "source_id": "Woolworths - 311515",
    "barcode": "9331200430948",
    "category_id": "1_5AF3A0A",
    "shop": "Woolworths",
    "weight": "1L",
    "prices": [
      {
        "state": "VIC",
        "price": "640",
        "price_per_unit": "427",
        "price_unit": "L"
      },
      {
        "state": "WA",
        "price": "640",
        "price_per_unit": "427",
        "price_unit": "L"
      },
      {
        "state": "SA",
        "price": "625",
        "price_per_unit": "417",
        "price_unit": "L"
      },
      {
        "state": "TAS",
        "price": "625",
        "price_per_unit": "417",
        "price_unit": "L"
      },
      {
        "state": "ACT",
        "price": "640",
        "price_per_unit": "427",
        "price_unit": "L"
      },
      {
        "state": "NT",
        "price": "640",
        "price_per_unit": "427",
        "price_unit": "L"
      }
    ]
  },
  {
    "source_url": "https://www.woolworths.com.au/shop/productdetails/195393/ocean-spray-cranberry-classic-juice-drink",
    "name": "Ocean Spray Cranberry Classic Juice Drink 1.5l",
    "image_url": "https://cdn1.woolworths.media/content/wowproductimages/large/195393.jpg",
    "source_id": "Woolworths - 195393",
    "barcode": "9331200430535",
    "category_id": "1_5AF3A0A",
    "shop": "Woolworths",
    "weight": "1L",
    "prices": [
      {
        "state": "VIC",
        "price": "640",
        "price_per_unit": "427",
        "price_unit": "L"
      },
      {
        "state": "QLD",
        "price": "640",
        "price_per_unit": "427",
        "price_unit": "L"
      },
      {
        "state": "WA",
        "price": "640",
        "price_per_unit": "427",
        "price_unit": "L"
      },
      {
        "state": "SA",
        "price": "625",
        "price_per_unit": "417",
        "price_unit": "L"
      },
      {
        "state": "TAS",
        "price": "625",
        "price_per_unit": "417",
        "price_unit": "L"
      },
      {
        "state": "ACT",
        "price": "640",
        "price_per_unit": "427",
        "price_unit": "L"
      },
      {
        "state": "NT",
        "price": "640",
        "price_per_unit": "427",
        "price_unit": "L"
      }
    ]
  },
  {
    "source_url": "https://www.woolworths.com.au/shop/productdetails/880873/ocean-spray-low-sugar-cranberry-classic-juice-drink",
    "name": "Ocean Spray Low Sugar Cranberry Classic Juice Drink 1.5l",
    "image_url": "https://cdn1.woolworths.media/content/wowproductimages/large/880873.jpg",
    "source_id": "Woolworths - 880873",
    "barcode": "31200027320",
    "category_id": "1_5AF3A0A",
    "shop": "Woolworths",
    "weight": "1L",
    "prices": [
      {
        "state": "VIC",
        "price": "640",
        "price_per_unit": "427",
        "price_unit": "L"
      },
      {
        "state": "QLD",
        "price": "640",
        "price_per_unit": "427",
        "price_unit": "L"
      },
      {
        "state": "WA",
        "price": "640",
        "price_per_unit": "427",
        "price_unit": "L"
      },
      {
        "state": "SA",
        "price": "625",
        "price_per_unit": "417",
        "price_unit": "L"
      },
      {
        "state": "TAS",
        "price": "625",
        "price_per_unit": "417",
        "price_unit": "L"
      },
      {
        "state": "ACT",
        "price": "640",
        "price_per_unit": "427",
        "price_unit": "L"
      },
      {
        "state": "NT",
        "price": "640",
        "price_per_unit": "427",
        "price_unit": "L"
      }
    ]
  },
  {
    "source_url": "https://www.woolworths.com.au/shop/productdetails/219877/ocean-spray-low-sugar-pineapple-cranberry-juice",
    "name": "Ocean Spray Low Sugar Pineapple Cranberry Juice 1.5l",
    "image_url": "https://cdn1.woolworths.media/content/wowproductimages/large/219877.jpg",
    "source_id": "Woolworths - 219877",
    "barcode": "31200069054",
    "category_id": "1_5AF3A0A",
    "shop": "Woolworths",
    "weight": "1L",
    "prices": [
      {
        "state": "VIC",
        "price": "640",
        "price_per_unit": "427",
        "price_unit": "L"
      },
      {
        "state": "QLD",
        "price": "640",
        "price_per_unit": "427",
        "price_unit": "L"
      },
      {
        "state": "WA",
        "price": "640",
        "price_per_unit": "427",
        "price_unit": "L"
      },
      {
        "state": "SA",
        "price": "625",
        "price_per_unit": "417",
        "price_unit": "L"
      },
      {
        "state": "TAS",
        "price": "625",
        "price_per_unit": "417",
        "price_unit": "L"
      },
      {
        "state": "ACT",
        "price": "640",
        "price_per_unit": "427",
        "price_unit": "L"
      },
      {
        "state": "NT",
        "price": "640",
        "price_per_unit": "427",
        "price_unit": "L"
      }
    ]
  },
  {
    "source_url": "https://www.woolworths.com.au/shop/productdetails/362341/ocean-spray-ruby-red-grapefruit-juice-drink",
    "name": "Ocean Spray Ruby Red Grapefruit Juice Drink 1.5l",
    "image_url": "https://cdn1.woolworths.media/content/wowproductimages/large/362341.jpg",
    "source_id": "Woolworths - 362341",
    "barcode": "9331200430689",
    "category_id": "1_5AF3A0A",
    "shop": "Woolworths",
    "weight": "1L",
    "prices": [
      {
        "state": "VIC",
        "price": "640",
        "price_per_unit": "427",
        "price_unit": "L"
      },
      {
        "state": "QLD",
        "price": "640",
        "price_per_unit": "427",
        "price_unit": "L"
      },
      {
        "state": "WA",
        "price": "640",
        "price_per_unit": "427",
        "price_unit": "L"
      },
      {
        "state": "SA",
        "price": "625",
        "price_per_unit": "417",
        "price_unit": "L"
      },
      {
        "state": "TAS",
        "price": "625",
        "price_per_unit": "417",
        "price_unit": "L"
      },
      {
        "state": "ACT",
        "price": "640",
        "price_per_unit": "427",
        "price_unit": "L"
      },
      {
        "state": "NT",
        "price": "640",
        "price_per_unit": "427",
        "price_unit": "L"
      }
    ]
  },
  {
    "source_url": "https://www.woolworths.com.au/shop/productdetails/219571/ocean-spray-unsweetened-pure-cranberry-juice",
    "name": "Ocean Spray Unsweetened Pure Cranberry Juice 1l",
    "image_url": "https://cdn1.woolworths.media/content/wowproductimages/large/219571.jpg",
    "source_id": "Woolworths - 219571",
    "barcode": "31200019011",
    "category_id": "1_5AF3A0A",
    "shop": "Woolworths",
    "weight": "1L",
    "prices": [
      {
        "state": "VIC",
        "price": "800",
        "price_per_unit": "800",
        "price_unit": "L"
      },
      {
        "state": "QLD",
        "price": "800",
        "price_per_unit": "800",
        "price_unit": "L"
      },
      {
        "state": "WA",
        "price": "800",
        "price_per_unit": "800",
        "price_unit": "L"
      },
      {
        "state": "SA",
        "price": "800",
        "price_per_unit": "800",
        "price_unit": "L"
      },
      {
        "state": "ACT",
        "price": "800",
        "price_per_unit": "800",
        "price_unit": "L"
      },
      {
        "state": "NT",
        "price": "800",
        "price_per_unit": "800",
        "price_unit": "L"
      }
    ]
  },
  {
    "source_url": "https://www.woolworths.com.au/shop/productdetails/390185/p-n-apple-blackcurrant-juice",
    "name": "P&N Apple Blackcurrant Juice 2l",
    "image_url": "https://cdn1.woolworths.media/content/wowproductimages/large/390185.jpg",
    "source_id": "Woolworths - 390185",
    "barcode": "9345905010855",
    "category_id": "1_5AF3A0A",
    "shop": "Woolworths",
    "weight": "1L",
    "prices": [
      {
        "state": "VIC",
        "price": "320",
        "price_per_unit": "160",
        "price_unit": "L"
      },
      {
        "state": "QLD",
        "price": "320",
        "price_per_unit": "160",
        "price_unit": "L"
      },
      {
        "state": "WA",
        "price": "320",
        "price_per_unit": "160",
        "price_unit": "L"
      },
      {
        "state": "SA",
        "price": "320",
        "price_per_unit": "160",
        "price_unit": "L"
      },
      {
        "state": "TAS",
        "price": "320",
        "price_per_unit": "160",
        "price_unit": "L"
      },
      {
        "state": "ACT",
        "price": "320",
        "price_per_unit": "160",
        "price_unit": "L"
      },
      {
        "state": "NT",
        "price": "320",
        "price_per_unit": "160",
        "price_unit": "L"
      }
    ]
  },
  {
    "source_url": "https://www.woolworths.com.au/shop/productdetails/229204/p-n-apple-fruit-juice",
    "name": "P&N Apple Fruit Juice 2L",
    "image_url": "https://cdn1.woolworths.media/content/wowproductimages/large/229204.jpg",
    "source_id": "Woolworths - 229204",
    "barcode": "9345905010381",
    "category_id": "1_5AF3A0A",
    "shop": "Woolworths",
    "weight": "1L",
    "prices": [
      {
        "state": "VIC",
        "price": "350",
        "price_per_unit": "175",
        "price_unit": "L"
      },
      {
        "state": "QLD",
        "price": "350",
        "price_per_unit": "175",
        "price_unit": "L"
      },
      {
        "state": "WA",
        "price": "350",
        "price_per_unit": "175",
        "price_unit": "L"
      },
      {
        "state": "SA",
        "price": "350",
        "price_per_unit": "175",
        "price_unit": "L"
      },
      {
        "state": "TAS",
        "price": "350",
        "price_per_unit": "175",
        "price_unit": "L"
      },
      {
        "state": "ACT",
        "price": "350",
        "price_per_unit": "175",
        "price_unit": "L"
      },
      {
        "state": "NT",
        "price": "350",
        "price_per_unit": "175",
        "price_unit": "L"
      }
    ]
  },
  {
    "source_url": "https://www.woolworths.com.au/shop/productdetails/390862/p-n-apple-mango-juice",
    "name": "P&N Apple Mango Juice 2l",
    "image_url": "https://cdn1.woolworths.media/content/wowproductimages/large/390862.jpg",
    "source_id": "Woolworths - 390862",
    "barcode": "9345905010862",
    "category_id": "1_5AF3A0A",
    "shop": "Woolworths",
    "weight": "1L",
    "prices": [
      {
        "state": "VIC",
        "price": "350",
        "price_per_unit": "175",
        "price_unit": "L"
      },
      {
        "state": "QLD",
        "price": "350",
        "price_per_unit": "175",
        "price_unit": "L"
      },
      {
        "state": "WA",
        "price": "350",
        "price_per_unit": "175",
        "price_unit": "L"
      },
      {
        "state": "SA",
        "price": "350",
        "price_per_unit": "175",
        "price_unit": "L"
      },
      {
        "state": "TAS",
        "price": "350",
        "price_per_unit": "175",
        "price_unit": "L"
      },
      {
        "state": "ACT",
        "price": "350",
        "price_per_unit": "175",
        "price_unit": "L"
      },
      {
        "state": "NT",
        "price": "350",
        "price_per_unit": "175",
        "price_unit": "L"
      }
    ]
  },
  {
    "source_url": "https://www.woolworths.com.au/shop/productdetails/290704/p-n-fruit-drink-apple-crush",
    "name": "P&N Fruit Drink Apple Crush 1l",
    "image_url": "https://cdn1.woolworths.media/content/wowproductimages/large/290704.jpg",
    "source_id": "Woolworths - 290704",
    "barcode": "9345905010671",
    "category_id": "1_5AF3A0A",
    "shop": "Woolworths",
    "weight": "1L",
    "prices": [
      {
        "state": "VIC",
        "price": "225",
        "price_per_unit": "225",
        "price_unit": "L"
      },
      {
        "state": "WA",
        "price": "225",
        "price_per_unit": "225",
        "price_unit": "L"
      },
      {
        "state": "SA",
        "price": "225",
        "price_per_unit": "225",
        "price_unit": "L"
      },
      {
        "state": "ACT",
        "price": "225",
        "price_per_unit": "225",
        "price_unit": "L"
      },
      {
        "state": "NT",
        "price": "225",
        "price_per_unit": "225",
        "price_unit": "L"
      }
    ]
  },
  {
    "source_url": "https://www.woolworths.com.au/shop/productdetails/290651/p-n-fruit-drink-golden-crush",
    "name": "P&N Fruit Drink Golden Crush 1l",
    "image_url": "https://cdn1.woolworths.media/content/wowproductimages/large/290651.jpg",
    "source_id": "Woolworths - 290651",
    "barcode": "9345905010695",
    "category_id": "1_5AF3A0A",
    "shop": "Woolworths",
    "weight": "1L",
    "prices": [
      {
        "state": "VIC",
        "price": "225",
        "price_per_unit": "225",
        "price_unit": "L"
      },
      {
        "state": "WA",
        "price": "225",
        "price_per_unit": "225",
        "price_unit": "L"
      },
      {
        "state": "SA",
        "price": "225",
        "price_per_unit": "225",
        "price_unit": "L"
      },
      {
        "state": "ACT",
        "price": "225",
        "price_per_unit": "225",
        "price_unit": "L"
      },
      {
        "state": "NT",
        "price": "225",
        "price_per_unit": "225",
        "price_unit": "L"
      }
    ]
  },
  {
    "source_url": "https://www.woolworths.com.au/shop/productdetails/290703/p-n-fruit-drink-tropical",
    "name": "P&N Fruit Drink Tropical 1l",
    "image_url": "https://cdn1.woolworths.media/content/wowproductimages/large/290703.jpg",
    "source_id": "Woolworths - 290703",
    "barcode": "9345905010688",
    "category_id": "1_5AF3A0A",
    "shop": "Woolworths",
    "weight": "1L",
    "prices": [
      {
        "state": "VIC",
        "price": "225",
        "price_per_unit": "225",
        "price_unit": "L"
      },
      {
        "state": "WA",
        "price": "225",
        "price_per_unit": "225",
        "price_unit": "L"
      },
      {
        "state": "SA",
        "price": "225",
        "price_per_unit": "225",
        "price_unit": "L"
      },
      {
        "state": "ACT",
        "price": "225",
        "price_per_unit": "225",
        "price_unit": "L"
      },
      {
        "state": "NT",
        "price": "225",
        "price_per_unit": "225",
        "price_unit": "L"
      }
    ]
  },
  {
    "source_url": "https://www.woolworths.com.au/shop/productdetails/906372/p-n-fruit-juice-cranberry-drink",
    "name": "P&N Fruit Juice Cranberry Drink 1L",
    "image_url": "https://cdn1.woolworths.media/content/wowproductimages/large/906372.jpg",
    "source_id": "Woolworths - 906372",
    "barcode": "9345905011142",
    "category_id": "1_5AF3A0A",
    "shop": "Woolworths",
    "weight": "1L",
    "prices": [
      {
        "state": "VIC",
        "price": "375",
        "price_per_unit": "375",
        "price_unit": "L"
      },
      {
        "state": "QLD",
        "price": "375",
        "price_per_unit": "375",
        "price_unit": "L"
      },
      {
        "state": "WA",
        "price": "375",
        "price_per_unit": "375",
        "price_unit": "L"
      },
      {
        "state": "SA",
        "price": "375",
        "price_per_unit": "375",
        "price_unit": "L"
      },
      {
        "state": "TAS",
        "price": "375",
        "price_per_unit": "375",
        "price_unit": "L"
      },
      {
        "state": "ACT",
        "price": "375",
        "price_per_unit": "375",
        "price_unit": "L"
      },
      {
        "state": "NT",
        "price": "375",
        "price_per_unit": "375",
        "price_unit": "L"
      }
    ]
  },
  {
    "source_url": "https://www.woolworths.com.au/shop/productdetails/229433/p-n-mango-nectar-fruit-drink",
    "name": "P&N Mango Nectar Fruit Drink 2L",
    "image_url": "https://cdn1.woolworths.media/content/wowproductimages/large/229433.jpg",
    "source_id": "Woolworths - 229433",
    "barcode": "9345905010428",
    "category_id": "1_5AF3A0A",
    "shop": "Woolworths",
    "weight": "1L",
    "prices": [
      {
        "state": "VIC",
        "price": "400",
        "price_per_unit": "200",
        "price_unit": "L"
      },
      {
        "state": "QLD",
        "price": "400",
        "price_per_unit": "200",
        "price_unit": "L"
      },
      {
        "state": "WA",
        "price": "400",
        "price_per_unit": "200",
        "price_unit": "L"
      },
      {
        "state": "SA",
        "price": "400",
        "price_per_unit": "200",
        "price_unit": "L"
      },
      {
        "state": "TAS",
        "price": "400",
        "price_per_unit": "200",
        "price_unit": "L"
      },
      {
        "state": "ACT",
        "price": "400",
        "price_per_unit": "200",
        "price_unit": "L"
      },
      {
        "state": "NT",
        "price": "400",
        "price_per_unit": "200",
        "price_unit": "L"
      }
    ]
  },
  {
    "source_url": "https://www.woolworths.com.au/shop/productdetails/387540/p-n-pineapple-juice",
    "name": "P&N Pineapple Juice 2l",
    "image_url": "https://cdn1.woolworths.media/content/wowproductimages/large/387540.jpg",
    "source_id": "Woolworths - 387540",
    "barcode": "9345905010763",
    "category_id": "1_5AF3A0A",
    "shop": "Woolworths",
    "weight": "1L",
    "prices": [
      {
        "state": "VIC",
        "price": "400",
        "price_per_unit": "200",
        "price_unit": "L"
      },
      {
        "state": "QLD",
        "price": "400",
        "price_per_unit": "200",
        "price_unit": "L"
      },
      {
        "state": "WA",
        "price": "400",
        "price_per_unit": "200",
        "price_unit": "L"
      },
      {
        "state": "SA",
        "price": "400",
        "price_per_unit": "200",
        "price_unit": "L"
      },
      {
        "state": "TAS",
        "price": "400",
        "price_per_unit": "200",
        "price_unit": "L"
      },
      {
        "state": "ACT",
        "price": "400",
        "price_per_unit": "200",
        "price_unit": "L"
      },
      {
        "state": "NT",
        "price": "400",
        "price_per_unit": "200",
        "price_unit": "L"
      }
    ]
  },
  {
    "source_url": "https://www.woolworths.com.au/shop/productdetails/906274/p-n-sparkling-apple-juice",
    "name": "P&N Sparkling Apple Juice 750ml",
    "image_url": "https://cdn1.woolworths.media/content/wowproductimages/large/906274.jpg",
    "source_id": "Woolworths - 906274",
    "barcode": "9345905011135",
    "category_id": "1_5AF3A0A",
    "shop": "Woolworths",
    "weight": "1L",
    "prices": [
      {
        "state": "VIC",
        "price": "285",
        "price_per_unit": "380",
        "price_unit": "L"
      },
      {
        "state": "QLD",
        "price": "285",
        "price_per_unit": "380",
        "price_unit": "L"
      },
      {
        "state": "WA",
        "price": "285",
        "price_per_unit": "380",
        "price_unit": "L"
      },
      {
        "state": "SA",
        "price": "285",
        "price_per_unit": "380",
        "price_unit": "L"
      },
      {
        "state": "TAS",
        "price": "285",
        "price_per_unit": "380",
        "price_unit": "L"
      },
      {
        "state": "ACT",
        "price": "285",
        "price_per_unit": "380",
        "price_unit": "L"
      },
      {
        "state": "NT",
        "price": "285",
        "price_per_unit": "380",
        "price_unit": "L"
      }
    ]
  },
  {
    "source_url": "https://www.woolworths.com.au/shop/productdetails/394217/p-n-sunrise-juice",
    "name": "P&N Sunrise Juice 2l",
    "image_url": "https://cdn1.woolworths.media/content/wowproductimages/large/394217.jpg",
    "source_id": "Woolworths - 394217",
    "barcode": "9345905010893",
    "category_id": "1_5AF3A0A",
    "shop": "Woolworths",
    "weight": "1L",
    "prices": [
      {
        "state": "VIC",
        "price": "350",
        "price_per_unit": "175",
        "price_unit": "L"
      },
      {
        "state": "WA",
        "price": "350",
        "price_per_unit": "175",
        "price_unit": "L"
      },
      {
        "state": "SA",
        "price": "350",
        "price_per_unit": "175",
        "price_unit": "L"
      },
      {
        "state": "TAS",
        "price": "350",
        "price_per_unit": "175",
        "price_unit": "L"
      },
      {
        "state": "ACT",
        "price": "350",
        "price_per_unit": "175",
        "price_unit": "L"
      },
      {
        "state": "NT",
        "price": "350",
        "price_per_unit": "175",
        "price_unit": "L"
      }
    ]
  },
  {
    "source_url": "https://www.woolworths.com.au/shop/productdetails/625986/pure-tassie-organic-apple-juice",
    "name": "Pure Tassie Organic Apple Juice 1.5l",
    "image_url": "https://cdn1.woolworths.media/content/wowproductimages/large/625986.jpg",
    "source_id": "Woolworths - 625986",
    "barcode": "9315251901183",
    "category_id": "1_5AF3A0A",
    "shop": "Woolworths",
    "weight": "1L",
    "prices": [
      {
        "state": "VIC",
        "price": "650",
        "price_per_unit": "433",
        "price_unit": "L"
      },
      {
        "state": "TAS",
        "price": "650",
        "price_per_unit": "433",
        "price_unit": "L"
      }
    ]
  },
  {
    "source_url": "https://www.woolworths.com.au/shop/productdetails/59298/spc-pear-juice-can",
    "name": "SPC Spc Pear Juice Can 850ml",
    "image_url": "https://cdn1.woolworths.media/content/wowproductimages/large/059298.jpg",
    "source_id": "Woolworths - 59298",
    "barcode": "9310006361489",
    "category_id": "1_5AF3A0A",
    "shop": "Woolworths",
    "weight": "1L",
    "prices": [
      {
        "state": "VIC",
        "price": "360",
        "price_per_unit": "424",
        "price_unit": "L"
      },
      {
        "state": "QLD",
        "price": "360",
        "price_per_unit": "424",
        "price_unit": "L"
      },
      {
        "state": "WA",
        "price": "360",
        "price_per_unit": "424",
        "price_unit": "L"
      },
      {
        "state": "SA",
        "price": "360",
        "price_per_unit": "424",
        "price_unit": "L"
      },
      {
        "state": "TAS",
        "price": "360",
        "price_per_unit": "424",
        "price_unit": "L"
      },
      {
        "state": "ACT",
        "price": "360",
        "price_per_unit": "424",
        "price_unit": "L"
      },
      {
        "state": "NT",
        "price": "360",
        "price_per_unit": "424",
        "price_unit": "L"
      }
    ]
  },
  {
    "source_url": "https://www.woolworths.com.au/shop/productdetails/482845/sunraysia-juice-pomegranate",
    "name": "Sunraysia Juice Pomegranate 1l",
    "image_url": "https://cdn1.woolworths.media/content/wowproductimages/large/482845.jpg",
    "source_id": "Woolworths - 482845",
    "barcode": "9310865816069",
    "category_id": "1_5AF3A0A",
    "shop": "Woolworths",
    "weight": "1L",
    "prices": [
      {
        "state": "VIC",
        "price": "650",
        "price_per_unit": "650",
        "price_unit": "L"
      },
      {
        "state": "QLD",
        "price": "650",
        "price_per_unit": "650",
        "price_unit": "L"
      },
      {
        "state": "WA",
        "price": "650",
        "price_per_unit": "650",
        "price_unit": "L"
      },
      {
        "state": "SA",
        "price": "650",
        "price_per_unit": "650",
        "price_unit": "L"
      },
      {
        "state": "TAS",
        "price": "650",
        "price_per_unit": "650",
        "price_unit": "L"
      },
      {
        "state": "ACT",
        "price": "650",
        "price_per_unit": "650",
        "price_unit": "L"
      },
      {
        "state": "NT",
        "price": "650",
        "price_per_unit": "650",
        "price_unit": "L"
      }
    ]
  },
  {
    "source_url": "https://www.woolworths.com.au/shop/productdetails/75396/sunraysia-natural-prune-juice",
    "name": "Sunraysia Natural Prune Juice 250ml",
    "image_url": "https://cdn1.woolworths.media/content/wowproductimages/large/075396.jpg",
    "source_id": "Woolworths - 75396",
    "barcode": "9310865109208",
    "category_id": "1_5AF3A0A",
    "shop": "Woolworths",
    "weight": "1L",
    "prices": [
      {
        "state": "VIC",
        "price": "330",
        "price_per_unit": "1320",
        "price_unit": "L"
      },
      {
        "state": "QLD",
        "price": "330",
        "price_per_unit": "1320",
        "price_unit": "L"
      },
      {
        "state": "WA",
        "price": "330",
        "price_per_unit": "1320",
        "price_unit": "L"
      },
      {
        "state": "SA",
        "price": "330",
        "price_per_unit": "1320",
        "price_unit": "L"
      },
      {
        "state": "TAS",
        "price": "320",
        "price_per_unit": "1280",
        "price_unit": "L"
      },
      {
        "state": "ACT",
        "price": "320",
        "price_per_unit": "1280",
        "price_unit": "L"
      },
      {
        "state": "NT",
        "price": "330",
        "price_per_unit": "1320",
        "price_unit": "L"
      }
    ]
  },
  {
    "source_url": "https://www.woolworths.com.au/shop/productdetails/765676/sunraysia-prune-juice",
    "name": "Sunraysia Prune Juice 1l",
    "image_url": "https://cdn1.woolworths.media/content/wowproductimages/large/765676.jpg",
    "source_id": "Woolworths - 765676",
    "barcode": "9310865816052",
    "category_id": "1_5AF3A0A",
    "shop": "Woolworths",
    "weight": "1L",
    "prices": [
      {
        "state": "VIC",
        "price": "650",
        "price_per_unit": "650",
        "price_unit": "L"
      },
      {
        "state": "QLD",
        "price": "650",
        "price_per_unit": "650",
        "price_unit": "L"
      },
      {
        "state": "WA",
        "price": "650",
        "price_per_unit": "650",
        "price_unit": "L"
      },
      {
        "state": "SA",
        "price": "650",
        "price_per_unit": "650",
        "price_unit": "L"
      },
      {
        "state": "TAS",
        "price": "650",
        "price_per_unit": "650",
        "price_unit": "L"
      },
      {
        "state": "ACT",
        "price": "650",
        "price_per_unit": "650",
        "price_unit": "L"
      },
      {
        "state": "NT",
        "price": "650",
        "price_per_unit": "650",
        "price_unit": "L"
      }
    ]
  },
  {
    "source_url": "https://www.woolworths.com.au/shop/productdetails/78069/v8-healthy-apple-juice-juice",
    "name": "V8 Healthy Apple Juice Juice 1.25l",
    "image_url": "https://cdn1.woolworths.media/content/wowproductimages/large/078069.jpg",
    "source_id": "Woolworths - 78069",
    "barcode": "9300644705233",
    "category_id": "1_5AF3A0A",
    "shop": "Woolworths",
    "weight": "1L",
    "prices": [
      {
        "state": "VIC",
        "price": "400",
        "price_per_unit": "320",
        "price_unit": "L"
      },
      {
        "state": "QLD",
        "price": "400",
        "price_per_unit": "320",
        "price_unit": "L"
      },
      {
        "state": "WA",
        "price": "400",
        "price_per_unit": "320",
        "price_unit": "L"
      },
      {
        "state": "SA",
        "price": "400",
        "price_per_unit": "320",
        "price_unit": "L"
      },
      {
        "state": "TAS",
        "price": "400",
        "price_per_unit": "320",
        "price_unit": "L"
      },
      {
        "state": "ACT",
        "price": "400",
        "price_per_unit": "320",
        "price_unit": "L"
      },
      {
        "state": "NT",
        "price": "400",
        "price_per_unit": "320",
        "price_unit": "L"
      }
    ]
  },
  {
    "source_url": "https://www.woolworths.com.au/shop/productdetails/406087/v8-pineapple-passion-juice-juice",
    "name": "V8 Pineapple Passion Juice Juice 1.25l",
    "image_url": "https://cdn1.woolworths.media/content/wowproductimages/large/406087.jpg",
    "source_id": "Woolworths - 406087",
    "barcode": "9300644703949",
    "category_id": "1_5AF3A0A",
    "shop": "Woolworths",
    "weight": "1L",
    "prices": [
      {
        "state": "VIC",
        "price": "400",
        "price_per_unit": "320",
        "price_unit": "L"
      },
      {
        "state": "QLD",
        "price": "400",
        "price_per_unit": "320",
        "price_unit": "L"
      },
      {
        "state": "WA",
        "price": "400",
        "price_per_unit": "320",
        "price_unit": "L"
      },
      {
        "state": "SA",
        "price": "400",
        "price_per_unit": "320",
        "price_unit": "L"
      },
      {
        "state": "TAS",
        "price": "400",
        "price_per_unit": "320",
        "price_unit": "L"
      },
      {
        "state": "ACT",
        "price": "400",
        "price_per_unit": "320",
        "price_unit": "L"
      },
      {
        "state": "NT",
        "price": "400",
        "price_per_unit": "320",
        "price_unit": "L"
      }
    ]
  },
  {
    "source_url": "https://www.woolworths.com.au/shop/productdetails/887085/v8-power-blend-juice-purple-power",
    "name": "V8 Power Blend Juice Purple Power 1.25l",
    "image_url": "https://cdn1.woolworths.media/content/wowproductimages/large/887085.jpg",
    "source_id": "Woolworths - 887085",
    "barcode": "9300644704090",
    "category_id": "1_5AF3A0A",
    "shop": "Woolworths",
    "weight": "1L",
    "prices": [
      {
        "state": "VIC",
        "price": "450",
        "price_per_unit": "360",
        "price_unit": "L"
      },
      {
        "state": "QLD",
        "price": "450",
        "price_per_unit": "360",
        "price_unit": "L"
      },
      {
        "state": "WA",
        "price": "450",
        "price_per_unit": "360",
        "price_unit": "L"
      },
      {
        "state": "SA",
        "price": "450",
        "price_per_unit": "360",
        "price_unit": "L"
      },
      {
        "state": "TAS",
        "price": "450",
        "price_per_unit": "360",
        "price_unit": "L"
      },
      {
        "state": "ACT",
        "price": "450",
        "price_per_unit": "360",
        "price_unit": "L"
      },
      {
        "state": "NT",
        "price": "450",
        "price_per_unit": "360",
        "price_unit": "L"
      }
    ]
  },
  {
    "source_url": "https://www.woolworths.com.au/shop/productdetails/750803/v8-tropical-juice-juice",
    "name": "V8 Tropical Juice Juice 300ml",
    "image_url": "https://cdn1.woolworths.media/content/wowproductimages/large/750803.jpg",
    "source_id": "Woolworths - 750803",
    "barcode": "9300644702997",
    "category_id": "1_5AF3A0A",
    "shop": "Woolworths",
    "weight": "1L",
    "prices": [
      {
        "state": "VIC",
        "price": "270",
        "price_per_unit": "900",
        "price_unit": "L"
      },
      {
        "state": "QLD",
        "price": "270",
        "price_per_unit": "900",
        "price_unit": "L"
      },
      {
        "state": "WA",
        "price": "270",
        "price_per_unit": "900",
        "price_unit": "L"
      },
      {
        "state": "SA",
        "price": "270",
        "price_per_unit": "900",
        "price_unit": "L"
      },
      {
        "state": "TAS",
        "price": "270",
        "price_per_unit": "900",
        "price_unit": "L"
      },
      {
        "state": "ACT",
        "price": "270",
        "price_per_unit": "900",
        "price_unit": "L"
      },
      {
        "state": "NT",
        "price": "270",
        "price_per_unit": "900",
        "price_unit": "L"
      }
    ]
  },
  {
    "source_url": "https://www.woolworths.com.au/shop/productdetails/749821/v8-vegetable-juice-hot-and-spicy",
    "name": "V8 Vegetable Juice Hot And Spicy 1.25l",
    "image_url": "https://cdn1.woolworths.media/content/wowproductimages/large/749821.jpg",
    "source_id": "Woolworths - 749821",
    "barcode": "9300644702898",
    "category_id": "1_5AF3A0A",
    "shop": "Woolworths",
    "weight": "1L",
    "prices": [
      {
        "state": "VIC",
        "price": "400",
        "price_per_unit": "320",
        "price_unit": "L"
      },
      {
        "state": "QLD",
        "price": "400",
        "price_per_unit": "320",
        "price_unit": "L"
      },
      {
        "state": "WA",
        "price": "400",
        "price_per_unit": "320",
        "price_unit": "L"
      },
      {
        "state": "SA",
        "price": "400",
        "price_per_unit": "320",
        "price_unit": "L"
      },
      {
        "state": "TAS",
        "price": "400",
        "price_per_unit": "320",
        "price_unit": "L"
      },
      {
        "state": "ACT",
        "price": "400",
        "price_per_unit": "320",
        "price_unit": "L"
      }
    ]
  },
  {
    "source_url": "https://www.woolworths.com.au/shop/productdetails/749834/v8-vegetable-juice-low-sodium",
    "name": "V8 Vegetable Juice Low Sodium 1.25l",
    "image_url": "https://cdn1.woolworths.media/content/wowproductimages/large/749834.jpg",
    "source_id": "Woolworths - 749834",
    "barcode": "9300644702942",
    "category_id": "1_5AF3A0A",
    "shop": "Woolworths",
    "weight": "1L",
    "prices": [
      {
        "state": "VIC",
        "price": "400",
        "price_per_unit": "320",
        "price_unit": "L"
      },
      {
        "state": "QLD",
        "price": "400",
        "price_per_unit": "320",
        "price_unit": "L"
      },
      {
        "state": "WA",
        "price": "400",
        "price_per_unit": "320",
        "price_unit": "L"
      },
      {
        "state": "SA",
        "price": "400",
        "price_per_unit": "320",
        "price_unit": "L"
      },
      {
        "state": "TAS",
        "price": "400",
        "price_per_unit": "320",
        "price_unit": "L"
      },
      {
        "state": "ACT",
        "price": "400",
        "price_per_unit": "320",
        "price_unit": "L"
      }
    ]
  },
  {
    "source_url": "https://www.woolworths.com.au/shop/productdetails/81540/woolworths-100-cloudy-pear-juice",
    "name": "Woolworths 100% Cloudy Pear Juice 1l",
    "image_url": "https://cdn1.woolworths.media/content/wowproductimages/large/081540.jpg",
    "source_id": "Woolworths - 81540",
    "barcode": "9339687157273",
    "category_id": "1_5AF3A0A",
    "shop": "Woolworths",
    "weight": "1L",
    "prices": [
      {
        "state": "VIC",
        "price": "450",
        "price_per_unit": "450",
        "price_unit": "L"
      },
      {
        "state": "QLD",
        "price": "450",
        "price_per_unit": "450",
        "price_unit": "L"
      },
      {
        "state": "WA",
        "price": "450",
        "price_per_unit": "450",
        "price_unit": "L"
      },
      {
        "state": "SA",
        "price": "450",
        "price_per_unit": "450",
        "price_unit": "L"
      },
      {
        "state": "TAS",
        "price": "450",
        "price_per_unit": "450",
        "price_unit": "L"
      },
      {
        "state": "ACT",
        "price": "450",
        "price_per_unit": "450",
        "price_unit": "L"
      },
      {
        "state": "NT",
        "price": "450",
        "price_per_unit": "450",
        "price_unit": "L"
      }
    ]
  },
  {
    "source_url": "https://www.woolworths.com.au/shop/productdetails/80569/woolworths-100-prune-juice",
    "name": "Woolworths 100% Prune Juice 1l",
    "image_url": "https://cdn1.woolworths.media/content/wowproductimages/large/080569.jpg",
    "source_id": "Woolworths - 80569",
    "barcode": "9339687156597",
    "category_id": "1_5AF3A0A",
    "shop": "Woolworths",
    "weight": "1L",
    "prices": [
      {
        "state": "VIC",
        "price": "450",
        "price_per_unit": "450",
        "price_unit": "L"
      },
      {
        "state": "WA",
        "price": "450",
        "price_per_unit": "450",
        "price_unit": "L"
      },
      {
        "state": "SA",
        "price": "450",
        "price_per_unit": "450",
        "price_unit": "L"
      },
      {
        "state": "TAS",
        "price": "450",
        "price_per_unit": "450",
        "price_unit": "L"
      },
      {
        "state": "ACT",
        "price": "450",
        "price_per_unit": "450",
        "price_unit": "L"
      },
      {
        "state": "NT",
        "price": "450",
        "price_per_unit": "450",
        "price_unit": "L"
      }
    ]
  },
  {
    "source_url": "https://www.woolworths.com.au/shop/productdetails/825529/woolworths-apple-blackcurrant-juice",
    "name": "Woolworths Apple & Blackcurrant Juice 2l",
    "image_url": "https://cdn1.woolworths.media/content/wowproductimages/large/825529.jpg",
    "source_id": "Woolworths - 825529",
    "barcode": "9300633701307",
    "category_id": "1_5AF3A0A",
    "shop": "Woolworths",
    "weight": "1L",
    "prices": [
      {
        "state": "VIC",
        "price": "280",
        "price_per_unit": "140",
        "price_unit": "L"
      },
      {
        "state": "QLD",
        "price": "280",
        "price_per_unit": "140",
        "price_unit": "L"
      },
      {
        "state": "WA",
        "price": "280",
        "price_per_unit": "140",
        "price_unit": "L"
      },
      {
        "state": "SA",
        "price": "280",
        "price_per_unit": "140",
        "price_unit": "L"
      },
      {
        "state": "TAS",
        "price": "280",
        "price_per_unit": "140",
        "price_unit": "L"
      },
      {
        "state": "ACT",
        "price": "280",
        "price_per_unit": "140",
        "price_unit": "L"
      },
      {
        "state": "NT",
        "price": "280",
        "price_per_unit": "140",
        "price_unit": "L"
      }
    ]
  },
  {
    "source_url": "https://www.woolworths.com.au/shop/productdetails/673135/woolworths-apple-mango-juice",
    "name": "Woolworths Apple & Mango Juice 2l",
    "image_url": "https://cdn1.woolworths.media/content/wowproductimages/large/673135.jpg",
    "source_id": "Woolworths - 673135",
    "barcode": "9339687027330",
    "category_id": "1_5AF3A0A",
    "shop": "Woolworths",
    "weight": "1L",
    "prices": [
      {
        "state": "VIC",
        "price": "280",
        "price_per_unit": "140",
        "price_unit": "L"
      },
      {
        "state": "QLD",
        "price": "280",
        "price_per_unit": "140",
        "price_unit": "L"
      },
      {
        "state": "WA",
        "price": "280",
        "price_per_unit": "140",
        "price_unit": "L"
      },
      {
        "state": "SA",
        "price": "280",
        "price_per_unit": "140",
        "price_unit": "L"
      },
      {
        "state": "TAS",
        "price": "280",
        "price_per_unit": "140",
        "price_unit": "L"
      },
      {
        "state": "ACT",
        "price": "280",
        "price_per_unit": "140",
        "price_unit": "L"
      },
      {
        "state": "NT",
        "price": "280",
        "price_per_unit": "140",
        "price_unit": "L"
      }
    ]
  },
  {
    "source_url": "https://www.woolworths.com.au/shop/productdetails/825527/woolworths-apple-juice",
    "name": "Woolworths Apple Juice 2l",
    "image_url": "https://cdn1.woolworths.media/content/wowproductimages/large/825527.jpg",
    "source_id": "Woolworths - 825527",
    "barcode": "9300633701284",
    "category_id": "1_5AF3A0A",
    "shop": "Woolworths",
    "weight": "1L",
    "prices": [
      {
        "state": "VIC",
        "price": "280",
        "price_per_unit": "140",
        "price_unit": "L"
      },
      {
        "state": "QLD",
        "price": "280",
        "price_per_unit": "140",
        "price_unit": "L"
      },
      {
        "state": "WA",
        "price": "280",
        "price_per_unit": "140",
        "price_unit": "L"
      },
      {
        "state": "SA",
        "price": "280",
        "price_per_unit": "140",
        "price_unit": "L"
      },
      {
        "state": "TAS",
        "price": "280",
        "price_per_unit": "140",
        "price_unit": "L"
      },
      {
        "state": "ACT",
        "price": "280",
        "price_per_unit": "140",
        "price_unit": "L"
      },
      {
        "state": "NT",
        "price": "280",
        "price_per_unit": "140",
        "price_unit": "L"
      }
    ]
  },
  {
    "source_url": "https://www.woolworths.com.au/shop/productdetails/55071/woolworths-breakfast-juice",
    "name": "Woolworths Breakfast Juice 2l",
    "image_url": "https://cdn1.woolworths.media/content/wowproductimages/large/055071.jpg",
    "source_id": "Woolworths - 55071",
    "barcode": "9339687105953",
    "category_id": "1_5AF3A0A",
    "shop": "Woolworths",
    "weight": "1L",
    "prices": [
      {
        "state": "VIC",
        "price": "280",
        "price_per_unit": "140",
        "price_unit": "L"
      },
      {
        "state": "WA",
        "price": "280",
        "price_per_unit": "140",
        "price_unit": "L"
      },
      {
        "state": "SA",
        "price": "280",
        "price_per_unit": "140",
        "price_unit": "L"
      },
      {
        "state": "TAS",
        "price": "280",
        "price_per_unit": "140",
        "price_unit": "L"
      },
      {
        "state": "ACT",
        "price": "280",
        "price_per_unit": "140",
        "price_unit": "L"
      },
      {
        "state": "NT",
        "price": "280",
        "price_per_unit": "140",
        "price_unit": "L"
      }
    ]
  },
  {
    "source_url": "https://www.woolworths.com.au/shop/productdetails/55070/woolworths-multivitamin-juice",
    "name": "Woolworths Multivitamin Juice 2l",
    "image_url": "https://cdn1.woolworths.media/content/wowproductimages/large/055070.jpg",
    "source_id": "Woolworths - 55070",
    "barcode": "9339687105946",
    "category_id": "1_5AF3A0A",
    "shop": "Woolworths",
    "weight": "1L",
    "prices": [
      {
        "state": "VIC",
        "price": "280",
        "price_per_unit": "140",
        "price_unit": "L"
      },
      {
        "state": "WA",
        "price": "280",
        "price_per_unit": "140",
        "price_unit": "L"
      },
      {
        "state": "SA",
        "price": "280",
        "price_per_unit": "140",
        "price_unit": "L"
      },
      {
        "state": "TAS",
        "price": "280",
        "price_per_unit": "140",
        "price_unit": "L"
      },
      {
        "state": "ACT",
        "price": "280",
        "price_per_unit": "140",
        "price_unit": "L"
      },
      {
        "state": "NT",
        "price": "280",
        "price_per_unit": "140",
        "price_unit": "L"
      }
    ]
  },
  {
    "source_url": "https://www.woolworths.com.au/shop/productdetails/59561/woolworths-no-added-sugar-pineapple-juice",
    "name": "Woolworths No Added Sugar Pineapple Juice 1l",
    "image_url": "https://cdn1.woolworths.media/content/wowproductimages/large/059561.jpg",
    "source_id": "Woolworths - 59561",
    "barcode": "9339687107933",
    "category_id": "1_5AF3A0A",
    "shop": "Woolworths",
    "weight": "1L",
    "prices": [
      {
        "state": "VIC",
        "price": "205",
        "price_per_unit": "205",
        "price_unit": "L"
      },
      {
        "state": "QLD",
        "price": "205",
        "price_per_unit": "205",
        "price_unit": "L"
      },
      {
        "state": "WA",
        "price": "205",
        "price_per_unit": "205",
        "price_unit": "L"
      },
      {
        "state": "SA",
        "price": "205",
        "price_per_unit": "205",
        "price_unit": "L"
      },
      {
        "state": "TAS",
        "price": "205",
        "price_per_unit": "205",
        "price_unit": "L"
      },
      {
        "state": "ACT",
        "price": "205",
        "price_per_unit": "205",
        "price_unit": "L"
      },
      {
        "state": "NT",
        "price": "205",
        "price_per_unit": "205",
        "price_unit": "L"
      }
    ]
  },
  {
    "source_url": "https://www.woolworths.com.au/shop/productdetails/59722/woolworths-no-added-sugar-tomato-juice",
    "name": "Woolworths No Added Sugar Tomato Juice 1l",
    "image_url": "https://cdn1.woolworths.media/content/wowproductimages/large/059722.jpg",
    "source_id": "Woolworths - 59722",
    "barcode": "9339687107940",
    "category_id": "1_5AF3A0A",
    "shop": "Woolworths",
    "weight": "1L",
    "prices": [
      {
        "state": "VIC",
        "price": "210",
        "price_per_unit": "210",
        "price_unit": "L"
      },
      {
        "state": "QLD",
        "price": "210",
        "price_per_unit": "210",
        "price_unit": "L"
      },
      {
        "state": "WA",
        "price": "210",
        "price_per_unit": "210",
        "price_unit": "L"
      },
      {
        "state": "SA",
        "price": "210",
        "price_per_unit": "210",
        "price_unit": "L"
      },
      {
        "state": "TAS",
        "price": "210",
        "price_per_unit": "210",
        "price_unit": "L"
      },
      {
        "state": "ACT",
        "price": "210",
        "price_per_unit": "210",
        "price_unit": "L"
      },
      {
        "state": "NT",
        "price": "210",
        "price_per_unit": "210",
        "price_unit": "L"
      }
    ]
  },
  {
    "source_url": "https://www.woolworths.com.au/shop/productdetails/825528/woolworths-orange-juice",
    "name": "Woolworths Orange Juice 2l",
    "image_url": "https://cdn1.woolworths.media/content/wowproductimages/large/825528.jpg",
    "source_id": "Woolworths - 825528",
    "barcode": "9300633701291",
    "category_id": "1_5AF3A0A",
    "shop": "Woolworths",
    "weight": "1L",
    "prices": [
      {
        "state": "VIC",
        "price": "500",
        "price_per_unit": "250",
        "price_unit": "L"
      },
      {
        "state": "QLD",
        "price": "500",
        "price_per_unit": "250",
        "price_unit": "L"
      },
      {
        "state": "WA",
        "price": "500",
        "price_per_unit": "250",
        "price_unit": "L"
      },
      {
        "state": "SA",
        "price": "500",
        "price_per_unit": "250",
        "price_unit": "L"
      },
      {
        "state": "TAS",
        "price": "500",
        "price_per_unit": "250",
        "price_unit": "L"
      },
      {
        "state": "ACT",
        "price": "500",
        "price_per_unit": "250",
        "price_unit": "L"
      },
      {
        "state": "NT",
        "price": "500",
        "price_per_unit": "250",
        "price_unit": "L"
      }
    ]
  },
  {
    "source_url": "https://www.woolworths.com.au/shop/productdetails/825107/golden-circle-apple-juice-no-added-sugar-fruit-juices-breakfast",
    "name": "Golden Circle Apple Juice No Added Sugar Fruit Juices Breakfast 3l",
    "image_url": "https://cdn1.woolworths.media/content/wowproductimages/large/825107.jpg",
    "source_id": "Woolworths - 825107",
    "barcode": "9310179187503",
    "category_id": "1_5AF3A0A",
    "shop": "Woolworths",
    "weight": "1L",
    "prices": [
      {
        "state": "WA",
        "price": "550",
        "price_per_unit": "183",
        "price_unit": "L"
      },
      {
        "state": "SA",
        "price": "550",
        "price_per_unit": "183",
        "price_unit": "L"
      },
      {
        "state": "TAS",
        "price": "550",
        "price_per_unit": "183",
        "price_unit": "L"
      },
      {
        "state": "ACT",
        "price": "550",
        "price_per_unit": "183",
        "price_unit": "L"
      },
      {
        "state": "NT",
        "price": "550",
        "price_per_unit": "183",
        "price_unit": "L"
      }
    ]
  },
  {
    "source_url": "https://www.woolworths.com.au/shop/productdetails/825564/golden-circle-apple-blackcurrant-juice-no-added-sugar-fruit-juices",
    "name": "Golden Circle Apple Blackcurrant Juice No Added Sugar Fruit Juices 3l",
    "image_url": "https://cdn1.woolworths.media/content/wowproductimages/large/825564.jpg",
    "source_id": "Woolworths - 825564",
    "barcode": "9310179005203",
    "category_id": "1_5AF3A0A",
    "shop": "Woolworths",
    "weight": "1L",
    "prices": [
      {
        "state": "SA",
        "price": "550",
        "price_per_unit": "183",
        "price_unit": "L"
      },
      {
        "state": "TAS",
        "price": "550",
        "price_per_unit": "183",
        "price_unit": "L"
      },
      {
        "state": "ACT",
        "price": "550",
        "price_per_unit": "183",
        "price_unit": "L"
      },
      {
        "state": "NT",
        "price": "550",
        "price_per_unit": "183",
        "price_unit": "L"
      }
    ]
  },
  {
    "source_url": "https://www.woolworths.com.au/shop/productdetails/145587/golden-circle-apple-mango-fruit-juice",
    "name": "Golden Circle Apple Mango 3l",
    "image_url": "https://cdn1.woolworths.media/content/wowproductimages/large/145587.jpg",
    "source_id": "Woolworths - 145587",
    "barcode": "9310179083041",
    "category_id": "1_5AF3A0A",
    "shop": "Woolworths",
    "weight": "1L",
    "prices": [
      {
        "state": "SA",
        "price": "550",
        "price_per_unit": "183",
        "price_unit": "L"
      },
      {
        "state": "TAS",
        "price": "550",
        "price_per_unit": "183",
        "price_unit": "L"
      },
      {
        "state": "ACT",
        "price": "550",
        "price_per_unit": "183",
        "price_unit": "L"
      },
      {
        "state": "NT",
        "price": "550",
        "price_per_unit": "183",
        "price_unit": "L"
      }
    ]
  },
  {
    "source_url": "https://www.woolworths.com.au/shop/productdetails/219226/v8-power-blend-juice-immunity-boost",
    "name": "V8 Power Blend Juice Immunity Boost 1.25l",
    "image_url": "https://cdn1.woolworths.media/content/wowproductimages/large/219226.jpg",
    "source_id": "Woolworths - 219226",
    "barcode": "9300644706155",
    "category_id": "1_5AF3A0A",
    "shop": "Woolworths",
    "weight": "1L",
    "prices": [
      {
        "state": "SA",
        "price": "450",
        "price_per_unit": "360",
        "price_unit": "L"
      },
      {
        "state": "TAS",
        "price": "450",
        "price_per_unit": "360",
        "price_unit": "L"
      },
      {
        "state": "ACT",
        "price": "450",
        "price_per_unit": "360",
        "price_unit": "L"
      },
      {
        "state": "NT",
        "price": "450",
        "price_per_unit": "360",
        "price_unit": "L"
      }
    ]
  },
  {
    "source_url": "https://www.woolworths.com.au/shop/productdetails/18468/woolworths-tomato-juice",
    "name": "Woolworths Tomato Juice 850ml",
    "image_url": "https://cdn1.woolworths.media/content/wowproductimages/large/018468.jpg",
    "source_id": "Woolworths - 18468",
    "barcode": "9300633184681",
    "category_id": "1_5AF3A0A",
    "shop": "Woolworths",
    "weight": "1L",
    "prices": [
      {
        "state": "SA",
        "price": "190",
        "price_per_unit": "224",
        "price_unit": "L"
      },
      {
        "state": "TAS",
        "price": "180",
        "price_per_unit": "212",
        "price_unit": "L"
      },
      {
        "state": "ACT",
        "price": "190",
        "price_per_unit": "224",
        "price_unit": "L"
      },
      {
        "state": "NT",
        "price": "190",
        "price_per_unit": "224",
        "price_unit": "L"
      }
    ]
  },
  {
    "source_url": "https://www.woolworths.com.au/shop/productdetails/176819/golden-circle-breakfast-juice-no-added-sugar-pineapple-fruit-juices",
    "name": "Golden Circle Breakfast Juice No Added Sugar Pineapple Fruit Juices 3l",
    "image_url": "https://cdn1.woolworths.media/content/wowproductimages/large/176819.jpg",
    "source_id": "Woolworths - 176819",
    "barcode": "9310179864008",
    "category_id": "1_5AF3A0A",
    "shop": "Woolworths",
    "weight": "1L",
    "prices": [
      {
        "state": "TAS",
        "price": "550",
        "price_per_unit": "183",
        "price_unit": "L"
      }
    ]
  },
  {
    "source_url": "https://www.woolworths.com.au/shop/productdetails/935689/juicy-isle-good-sparkling-drink-organic-apple-juice",
    "name": "Juicy Isle Good Sparkling Drink Organic Apple Juice 750ml",
    "image_url": "https://cdn1.woolworths.media/content/wowproductimages/large/935689.jpg",
    "source_id": "Woolworths - 935689",
    "barcode": "9315251900520",
    "category_id": "1_5AF3A0A",
    "shop": "Woolworths",
    "weight": "1L",
    "prices": [
      {
        "state": "TAS",
        "price": "349",
        "price_per_unit": "465",
        "price_unit": "L"
      }
    ]
  }
]