[
  {
    "source_url": "https://www.woolworths.com.au/shop/productdetails/223402/campos-decaf-coffee-beans",
    "name": "Campos Decaf Coffee Beans 500g",
    "image_url": "https://cdn1.woolworths.media/content/wowproductimages/large/223402.jpg",
    "source_id": "Woolworths - 223402",
    "barcode": "9331437001256",
    "category_id": "1_5AF3A0A",
    "shop": "Woolworths",
    "weight": "100G",
    "prices": [
      {
        "state": "NSW",
        "price": "3350",
        "price_per_unit": "670",
        "price_unit": "G"
      },
      {
        "state": "VIC",
        "price": "3350",
        "price_per_unit": "670",
        "price_unit": "G"
      },
      {
        "state": "QLD",
        "price": "3350",
        "price_per_unit": "670",
        "price_unit": "G"
      },
      {
        "state": "WA",
        "price": "3350",
        "price_per_unit": "670",
        "price_unit": "G"
      },
      {
        "state": "SA",
        "price": "3350",
        "price_per_unit": "670",
        "price_unit": "G"
      },
      {
        "state": "TAS",
        "price": "3350",
        "price_per_unit": "670",
        "price_unit": "G"
      },
      {
        "state": "ACT",
        "price": "3350",
        "price_per_unit": "670",
        "price_unit": "G"
      },
      {
        "state": "NT",
        "price": "3350",
        "price_per_unit": "670",
        "price_unit": "G"
      }
    ]
  },
  {
    "source_url": "https://www.woolworths.com.au/shop/productdetails/94138/campos-superior-coffee-beans",
    "name": "Campos Superior Coffee Beans 1kg",
    "image_url": "https://cdn1.woolworths.media/content/wowproductimages/large/094138.jpg",
    "source_id": "Woolworths - 94138",
    "barcode": "9331437000709",
    "category_id": "1_5AF3A0A",
    "shop": "Woolworths",
    "weight": "100G",
    "prices": [
      {
        "state": "NSW",
        "price": "5500",
        "price_per_unit": "550",
        "price_unit": "G"
      },
      {
        "state": "VIC",
        "price": "5500",
        "price_per_unit": "550",
        "price_unit": "G"
      },
      {
        "state": "QLD",
        "price": "5500",
        "price_per_unit": "550",
        "price_unit": "G"
      },
      {
        "state": "WA",
        "price": "5500",
        "price_per_unit": "550",
        "price_unit": "G"
      },
      {
        "state": "SA",
        "price": "5500",
        "price_per_unit": "550",
        "price_unit": "G"
      },
      {
        "state": "TAS",
        "price": "5500",
        "price_per_unit": "550",
        "price_unit": "G"
      },
      {
        "state": "ACT",
        "price": "5500",
        "price_per_unit": "550",
        "price_unit": "G"
      }
    ]
  },
  {
    "source_url": "https://www.woolworths.com.au/shop/productdetails/94126/campos-superior-coffee-beans",
    "name": "Campos Superior Coffee Beans 500g",
    "image_url": "https://cdn1.woolworths.media/content/wowproductimages/large/094126.jpg",
    "source_id": "Woolworths - 94126",
    "barcode": "9331437000693",
    "category_id": "1_5AF3A0A",
    "shop": "Woolworths",
    "weight": "100G",
    "prices": [
      {
        "state": "NSW",
        "price": "3200",
        "price_per_unit": "640",
        "price_unit": "G"
      },
      {
        "state": "VIC",
        "price": "3200",
        "price_per_unit": "640",
        "price_unit": "G"
      },
      {
        "state": "QLD",
        "price": "3200",
        "price_per_unit": "640",
        "price_unit": "G"
      },
      {
        "state": "WA",
        "price": "3200",
        "price_per_unit": "640",
        "price_unit": "G"
      },
      {
        "state": "SA",
        "price": "3200",
        "price_per_unit": "640",
        "price_unit": "G"
      },
      {
        "state": "TAS",
        "price": "3200",
        "price_per_unit": "640",
        "price_unit": "G"
      },
      {
        "state": "ACT",
        "price": "3200",
        "price_per_unit": "640",
        "price_unit": "G"
      }
    ]
  },
  {
    "source_url": "https://www.woolworths.com.au/shop/productdetails/804552/dhuwa-ground-coffee-bigshot-blend",
    "name": "Dhuwa Ground Coffee Bigshot Blend 250g",
    "image_url": "https://cdn1.woolworths.media/content/wowproductimages/large/804552.jpg",
    "source_id": "Woolworths - 804552",
    "barcode": "9360926000005",
    "category_id": "1_5AF3A0A",
    "shop": "Woolworths",
    "weight": "100G",
    "prices": [
      {
        "state": "NSW",
        "price": "1095",
        "price_per_unit": "438",
        "price_unit": "G"
      },
      {
        "state": "VIC",
        "price": "1095",
        "price_per_unit": "438",
        "price_unit": "G"
      },
      {
        "state": "SA",
        "price": "1095",
        "price_per_unit": "438",
        "price_unit": "G"
      },
      {
        "state": "TAS",
        "price": "1095",
        "price_per_unit": "438",
        "price_unit": "G"
      },
      {
        "state": "ACT",
        "price": "1095",
        "price_per_unit": "438",
        "price_unit": "G"
      }
    ]
  },
  {
    "source_url": "https://www.woolworths.com.au/shop/productdetails/804519/dhuwa-ground-coffee-kickstart-blend",
    "name": "Dhuwa Ground Coffee Kickstart Blend 250g",
    "image_url": "https://cdn1.woolworths.media/content/wowproductimages/large/804519.jpg",
    "source_id": "Woolworths - 804519",
    "barcode": "9360926000029",
    "category_id": "1_5AF3A0A",
    "shop": "Woolworths",
    "weight": "100G",
    "prices": [
      {
        "state": "NSW",
        "price": "1095",
        "price_per_unit": "438",
        "price_unit": "G"
      },
      {
        "state": "VIC",
        "price": "1095",
        "price_per_unit": "438",
        "price_unit": "G"
      },
      {
        "state": "SA",
        "price": "1095",
        "price_per_unit": "438",
        "price_unit": "G"
      },
      {
        "state": "TAS",
        "price": "1095",
        "price_per_unit": "438",
        "price_unit": "G"
      },
      {
        "state": "ACT",
        "price": "1095",
        "price_per_unit": "438",
        "price_unit": "G"
      }
    ]
  },
  {
    "source_url": "https://www.woolworths.com.au/shop/productdetails/699538/dolce-gusto-flat-white-coffee-pods-capsules",
    "name": "Dolce Gusto Flat White Coffee Pods Capsules 16 Pack",
    "image_url": "https://cdn1.woolworths.media/content/wowproductimages/large/699538.jpg",
    "source_id": "Woolworths - 699538",
    "barcode": "7613036407717",
    "category_id": "1_5AF3A0A",
    "shop": "Woolworths",
    "weight": "1EA",
    "prices": [
      {
        "state": "NSW",
        "price": "1000",
        "price_per_unit": "63",
        "price_unit": "EA"
      },
      {
        "state": "VIC",
        "price": "1000",
        "price_per_unit": "63",
        "price_unit": "EA"
      },
      {
        "state": "QLD",
        "price": "1000",
        "price_per_unit": "63",
        "price_unit": "EA"
      },
      {
        "state": "WA",
        "price": "1000",
        "price_per_unit": "63",
        "price_unit": "EA"
      },
      {
        "state": "SA",
        "price": "1000",
        "price_per_unit": "63",
        "price_unit": "EA"
      },
      {
        "state": "TAS",
        "price": "1000",
        "price_per_unit": "63",
        "price_unit": "EA"
      },
      {
        "state": "ACT",
        "price": "1000",
        "price_per_unit": "63",
        "price_unit": "EA"
      },
      {
        "state": "NT",
        "price": "1000",
        "price_per_unit": "63",
        "price_unit": "EA"
      }
    ]
  },
  {
    "source_url": "https://www.woolworths.com.au/shop/productdetails/738617/grinders-crema-coffee-beans-coffee-beans",
    "name": "Grinders Crema Coffee Beans 1kg",
    "image_url": "https://cdn1.woolworths.media/content/wowproductimages/large/738617.jpg",
    "source_id": "Woolworths - 738617",
    "barcode": "9329214001018",
    "category_id": "1_5AF3A0A",
    "shop": "Woolworths",
    "weight": "100G",
    "prices": [
      {
        "state": "NSW",
        "price": "3500",
        "price_per_unit": "350",
        "price_unit": "G"
      },
      {
        "state": "VIC",
        "price": "3500",
        "price_per_unit": "350",
        "price_unit": "G"
      },
      {
        "state": "QLD",
        "price": "3500",
        "price_per_unit": "350",
        "price_unit": "G"
      },
      {
        "state": "WA",
        "price": "3500",
        "price_per_unit": "350",
        "price_unit": "G"
      },
      {
        "state": "SA",
        "price": "3500",
        "price_per_unit": "350",
        "price_unit": "G"
      },
      {
        "state": "TAS",
        "price": "3500",
        "price_per_unit": "350",
        "price_unit": "G"
      },
      {
        "state": "ACT",
        "price": "3500",
        "price_per_unit": "350",
        "price_unit": "G"
      },
      {
        "state": "NT",
        "price": "3500",
        "price_per_unit": "350",
        "price_unit": "G"
      }
    ]
  },
  {
    "source_url": "https://www.woolworths.com.au/shop/productdetails/90001/harris-coffee-beans-strong",
    "name": "Harris Coffee Beans Strong 1kg",
    "image_url": "https://cdn1.woolworths.media/content/wowproductimages/large/090001.jpg",
    "source_id": "Woolworths - 90001",
    "barcode": "9310200009392",
    "category_id": "1_5AF3A0A",
    "shop": "Woolworths",
    "weight": "100G",
    "prices": [
      {
        "state": "NSW",
        "price": "3200",
        "price_per_unit": "320",
        "price_unit": "G"
      },
      {
        "state": "VIC",
        "price": "3200",
        "price_per_unit": "320",
        "price_unit": "G"
      },
      {
        "state": "QLD",
        "price": "3200",
        "price_per_unit": "320",
        "price_unit": "G"
      },
      {
        "state": "WA",
        "price": "3200",
        "price_per_unit": "320",
        "price_unit": "G"
      },
      {
        "state": "SA",
        "price": "3200",
        "price_per_unit": "320",
        "price_unit": "G"
      },
      {
        "state": "ACT",
        "price": "3200",
        "price_per_unit": "320",
        "price_unit": "G"
      },
      {
        "state": "NT",
        "price": "3200",
        "price_per_unit": "320",
        "price_unit": "G"
      }
    ]
  },
  {
    "source_url": "https://www.woolworths.com.au/shop/productdetails/91100/harris-coffee-beans-very-strong",
    "name": "Harris Coffee Beans Very Strong 1kg",
    "image_url": "https://cdn1.woolworths.media/content/wowproductimages/large/091100.jpg",
    "source_id": "Woolworths - 91100",
    "barcode": "9310200009446",
    "category_id": "1_5AF3A0A",
    "shop": "Woolworths",
    "weight": "100G",
    "prices": [
      {
        "state": "NSW",
        "price": "3200",
        "price_per_unit": "320",
        "price_unit": "G"
      },
      {
        "state": "VIC",
        "price": "3200",
        "price_per_unit": "320",
        "price_unit": "G"
      },
      {
        "state": "QLD",
        "price": "3200",
        "price_per_unit": "320",
        "price_unit": "G"
      },
      {
        "state": "WA",
        "price": "3200",
        "price_per_unit": "320",
        "price_unit": "G"
      },
      {
        "state": "SA",
        "price": "3200",
        "price_per_unit": "320",
        "price_unit": "G"
      },
      {
        "state": "TAS",
        "price": "3200",
        "price_per_unit": "320",
        "price_unit": "G"
      },
      {
        "state": "ACT",
        "price": "3200",
        "price_per_unit": "320",
        "price_unit": "G"
      },
      {
        "state": "NT",
        "price": "3200",
        "price_per_unit": "320",
        "price_unit": "G"
      }
    ]
  },
  {
    "source_url": "https://www.woolworths.com.au/shop/productdetails/159160/lavazza-coffee-beans-crema-e-gusto-classico",
    "name": "Lavazza Coffee Beans Crema e Gusto Classico 1kg",
    "image_url": "https://cdn1.woolworths.media/content/wowproductimages/large/159160.jpg",
    "source_id": "Woolworths - 159160",
    "barcode": "8000070051003",
    "category_id": "1_5AF3A0A",
    "shop": "Woolworths",
    "weight": "100G",
    "prices": [
      {
        "state": "NSW",
        "price": "2500",
        "price_per_unit": "250",
        "price_unit": "G"
      },
      {
        "state": "VIC",
        "price": "2500",
        "price_per_unit": "250",
        "price_unit": "G"
      },
      {
        "state": "QLD",
        "price": "2500",
        "price_per_unit": "250",
        "price_unit": "G"
      },
      {
        "state": "WA",
        "price": "2500",
        "price_per_unit": "250",
        "price_unit": "G"
      },
      {
        "state": "SA",
        "price": "2500",
        "price_per_unit": "250",
        "price_unit": "G"
      },
      {
        "state": "TAS",
        "price": "2500",
        "price_per_unit": "250",
        "price_unit": "G"
      },
      {
        "state": "ACT",
        "price": "2500",
        "price_per_unit": "250",
        "price_unit": "G"
      }
    ]
  },
  {
    "source_url": "https://www.woolworths.com.au/shop/productdetails/94147/lavazza-espresso-barista-gran-crema-coffee-beans",
    "name": "Lavazza Espresso Barista Gran Crema Coffee Beans 1kg",
    "image_url": "https://cdn1.woolworths.media/content/wowproductimages/large/094147.jpg",
    "source_id": "Woolworths - 94147",
    "barcode": "8000070025066",
    "category_id": "1_5AF3A0A",
    "shop": "Woolworths",
    "weight": "100G",
    "prices": [
      {
        "state": "NSW",
        "price": "2500",
        "price_per_unit": "250",
        "price_unit": "G"
      },
      {
        "state": "QLD",
        "price": "2500",
        "price_per_unit": "250",
        "price_unit": "G"
      },
      {
        "state": "WA",
        "price": "2500",
        "price_per_unit": "250",
        "price_unit": "G"
      },
      {
        "state": "SA",
        "price": "2500",
        "price_per_unit": "250",
        "price_unit": "G"
      },
      {
        "state": "TAS",
        "price": "2500",
        "price_per_unit": "250",
        "price_unit": "G"
      },
      {
        "state": "ACT",
        "price": "2500",
        "price_per_unit": "250",
        "price_unit": "G"
      },
      {
        "state": "NT",
        "price": "2500",
        "price_per_unit": "250",
        "price_unit": "G"
      }
    ]
  },
  {
    "source_url": "https://www.woolworths.com.au/shop/productdetails/74006/lavazza-qualita-oro-coffee-beans",
    "name": "Lavazza Qualita Oro Coffee Beans 1kg",
    "image_url": "https://cdn1.woolworths.media/content/wowproductimages/large/074006.jpg",
    "source_id": "Woolworths - 74006",
    "barcode": "8000070012660",
    "category_id": "1_5AF3A0A",
    "shop": "Woolworths",
    "weight": "100G",
    "prices": [
      {
        "state": "NSW",
        "price": "4800",
        "price_per_unit": "480",
        "price_unit": "G"
      },
      {
        "state": "VIC",
        "price": "4800",
        "price_per_unit": "480",
        "price_unit": "G"
      },
      {
        "state": "QLD",
        "price": "4800",
        "price_per_unit": "480",
        "price_unit": "G"
      },
      {
        "state": "WA",
        "price": "4800",
        "price_per_unit": "480",
        "price_unit": "G"
      },
      {
        "state": "SA",
        "price": "4800",
        "price_per_unit": "480",
        "price_unit": "G"
      },
      {
        "state": "TAS",
        "price": "4800",
        "price_per_unit": "480",
        "price_unit": "G"
      },
      {
        "state": "ACT",
        "price": "4800",
        "price_per_unit": "480",
        "price_unit": "G"
      },
      {
        "state": "NT",
        "price": "4800",
        "price_per_unit": "480",
        "price_unit": "G"
      }
    ]
  },
  {
    "source_url": "https://www.woolworths.com.au/shop/productdetails/663108/lavazza-tales-of-italy-enchanting-capri-coffee-beans",
    "name": "Lavazza Tales Of Italy Enchanting Capri Coffee Beans 500g",
    "image_url": "https://cdn1.woolworths.media/content/wowproductimages/large/663108.jpg",
    "source_id": "Woolworths - 663108",
    "barcode": "8000070075320",
    "category_id": "1_5AF3A0A",
    "shop": "Woolworths",
    "weight": "100G",
    "prices": [
      {
        "state": "NSW",
        "price": "2900",
        "price_per_unit": "580",
        "price_unit": "G"
      },
      {
        "state": "VIC",
        "price": "2900",
        "price_per_unit": "580",
        "price_unit": "G"
      },
      {
        "state": "WA",
        "price": "2900",
        "price_per_unit": "580",
        "price_unit": "G"
      },
      {
        "state": "SA",
        "price": "2900",
        "price_per_unit": "580",
        "price_unit": "G"
      },
      {
        "state": "TAS",
        "price": "2900",
        "price_per_unit": "580",
        "price_unit": "G"
      },
      {
        "state": "ACT",
        "price": "2900",
        "price_per_unit": "580",
        "price_unit": "G"
      },
      {
        "state": "NT",
        "price": "2900",
        "price_per_unit": "580",
        "price_unit": "G"
      }
    ]
  },
  {
    "source_url": "https://www.woolworths.com.au/shop/productdetails/309662/lavazza-tales-of-italy-eternal-roma-coffee-beans",
    "name": "Lavazza Tales Of Italy Eternal Roma Coffee Beans 500g",
    "image_url": "https://cdn1.woolworths.media/content/wowproductimages/large/309662.jpg",
    "source_id": "Woolworths - 309662",
    "barcode": "8000070069244",
    "category_id": "1_5AF3A0A",
    "shop": "Woolworths",
    "weight": "100G",
    "prices": [
      {
        "state": "NSW",
        "price": "2900",
        "price_per_unit": "580",
        "price_unit": "G"
      },
      {
        "state": "VIC",
        "price": "2900",
        "price_per_unit": "580",
        "price_unit": "G"
      },
      {
        "state": "QLD",
        "price": "2900",
        "price_per_unit": "580",
        "price_unit": "G"
      },
      {
        "state": "TAS",
        "price": "2900",
        "price_per_unit": "580",
        "price_unit": "G"
      },
      {
        "state": "ACT",
        "price": "2900",
        "price_per_unit": "580",
        "price_unit": "G"
      }
    ]
  },
  {
    "source_url": "https://www.woolworths.com.au/shop/productdetails/663393/northern-beaches-coffee-bearded-barista-coffee-beans",
    "name": "Northern Beaches Coffee Bearded Barista Coffee Beans 1kg",
    "image_url": "https://cdn1.woolworths.media/content/wowproductimages/large/663393.jpg",
    "source_id": "Woolworths - 663393",
    "barcode": "9309000873197",
    "category_id": "1_5AF3A0A",
    "shop": "Woolworths",
    "weight": "100G",
    "prices": [
      {
        "state": "NSW",
        "price": "2900",
        "price_per_unit": "290",
        "price_unit": "G"
      },
      {
        "state": "VIC",
        "price": "2900",
        "price_per_unit": "290",
        "price_unit": "G"
      },
      {
        "state": "QLD",
        "price": "2900",
        "price_per_unit": "290",
        "price_unit": "G"
      },
      {
        "state": "WA",
        "price": "2900",
        "price_per_unit": "290",
        "price_unit": "G"
      },
      {
        "state": "SA",
        "price": "2900",
        "price_per_unit": "290",
        "price_unit": "G"
      },
      {
        "state": "TAS",
        "price": "2900",
        "price_per_unit": "290",
        "price_unit": "G"
      },
      {
        "state": "ACT",
        "price": "2900",
        "price_per_unit": "290",
        "price_unit": "G"
      },
      {
        "state": "NT",
        "price": "2900",
        "price_per_unit": "290",
        "price_unit": "G"
      }
    ]
  },
  {
    "source_url": "https://www.woolworths.com.au/shop/productdetails/1073935598/pickle-spice-premium-certified-organic-coffee-beans-1kg",
    "name": "Pickle & Spice Premium Certified Organic Coffee Beans 1kg",
    "image_url": "https://cdn1.woolworths.media/content/wowproductimages/large/1073935598.jpg",
    "source_id": "Woolworths - 1073935598",
    "barcode": null,
    "category_id": "1_5AF3A0A",
    "shop": "Woolworths",
    "weight": "100G",
    "prices": [
      {
        "state": "NSW",
        "price": "4050",
        "price_per_unit": "405",
        "price_unit": "G"
      },
      {
        "state": "VIC",
        "price": "4050",
        "price_per_unit": "405",
        "price_unit": "G"
      },
      {
        "state": "QLD",
        "price": "4050",
        "price_per_unit": "405",
        "price_unit": "G"
      },
      {
        "state": "WA",
        "price": "4050",
        "price_per_unit": "405",
        "price_unit": "G"
      },
      {
        "state": "SA",
        "price": "4050",
        "price_per_unit": "405",
        "price_unit": "G"
      },
      {
        "state": "TAS",
        "price": "4050",
        "price_per_unit": "405",
        "price_unit": "G"
      },
      {
        "state": "ACT",
        "price": "4050",
        "price_per_unit": "405",
        "price_unit": "G"
      },
      {
        "state": "NT",
        "price": "4050",
        "price_per_unit": "405",
        "price_unit": "G"
      }
    ]
  },
  {
    "source_url": "https://www.woolworths.com.au/shop/productdetails/1073935596/pickle-spice-premium-certified-organic-coffee-beans-250g-x-3-packs",
    "name": "Pickle & Spice Premium Certified Organic Coffee Beans 250g x 3 packs",
    "image_url": "https://cdn1.woolworths.media/content/wowproductimages/large/1073935596.jpg",
    "source_id": "Woolworths - 1073935596",
    "barcode": null,
    "category_id": "1_5AF3A0A",
    "shop": "Woolworths",
    "weight": "100G",
    "prices": [
      {
        "state": "NSW",
        "price": "3050",
        "price_per_unit": "407",
        "price_unit": "G"
      },
      {
        "state": "VIC",
        "price": "3050",
        "price_per_unit": "407",
        "price_unit": "G"
      },
      {
        "state": "QLD",
        "price": "3050",
        "price_per_unit": "407",
        "price_unit": "G"
      },
      {
        "state": "WA",
        "price": "3050",
        "price_per_unit": "407",
        "price_unit": "G"
      },
      {
        "state": "SA",
        "price": "3050",
        "price_per_unit": "407",
        "price_unit": "G"
      },
      {
        "state": "TAS",
        "price": "3050",
        "price_per_unit": "407",
        "price_unit": "G"
      },
      {
        "state": "ACT",
        "price": "3050",
        "price_per_unit": "407",
        "price_unit": "G"
      },
      {
        "state": "NT",
        "price": "3050",
        "price_per_unit": "407",
        "price_unit": "G"
      }
    ]
  },
  {
    "source_url": "https://www.woolworths.com.au/shop/productdetails/1073933832/pickle-spice-premium-whole-coffee-beans-500gm-x-2-packs",
    "name": "Pickle & Spice Premium Whole Coffee Beans 500gm x 2 packs",
    "image_url": "https://cdn1.woolworths.media/content/wowproductimages/large/1073933832.jpg",
    "source_id": "Woolworths - 1073933832",
    "barcode": null,
    "category_id": "1_5AF3A0A",
    "shop": "Woolworths",
    "weight": "100G",
    "prices": [
      {
        "state": "NSW",
        "price": "3950",
        "price_per_unit": "395",
        "price_unit": "G"
      },
      {
        "state": "VIC",
        "price": "3950",
        "price_per_unit": "395",
        "price_unit": "G"
      },
      {
        "state": "QLD",
        "price": "3950",
        "price_per_unit": "395",
        "price_unit": "G"
      },
      {
        "state": "WA",
        "price": "3950",
        "price_per_unit": "395",
        "price_unit": "G"
      },
      {
        "state": "SA",
        "price": "3950",
        "price_per_unit": "395",
        "price_unit": "G"
      },
      {
        "state": "TAS",
        "price": "3950",
        "price_per_unit": "395",
        "price_unit": "G"
      },
      {
        "state": "ACT",
        "price": "3950",
        "price_per_unit": "395",
        "price_unit": "G"
      },
      {
        "state": "NT",
        "price": "3950",
        "price_per_unit": "395",
        "price_unit": "G"
      }
    ]
  },
  {
    "source_url": "https://www.woolworths.com.au/shop/productdetails/1073908322/primo-caffe-certified-organic-coffee-beans-1kg",
    "name": "Primo Caffe Certified Organic Coffee Beans 1KG",
    "image_url": "https://cdn1.woolworths.media/content/wowproductimages/large/1073908322.jpg",
    "source_id": "Woolworths - 1073908322",
    "barcode": null,
    "category_id": "1_5AF3A0A",
    "shop": "Woolworths",
    "weight": "100G",
    "prices": [
      {
        "state": "NSW",
        "price": "3990",
        "price_per_unit": "399",
        "price_unit": "G"
      },
      {
        "state": "VIC",
        "price": "3990",
        "price_per_unit": "399",
        "price_unit": "G"
      },
      {
        "state": "QLD",
        "price": "3990",
        "price_per_unit": "399",
        "price_unit": "G"
      },
      {
        "state": "WA",
        "price": "3990",
        "price_per_unit": "399",
        "price_unit": "G"
      },
      {
        "state": "SA",
        "price": "3990",
        "price_per_unit": "399",
        "price_unit": "G"
      },
      {
        "state": "TAS",
        "price": "3990",
        "price_per_unit": "399",
        "price_unit": "G"
      },
      {
        "state": "ACT",
        "price": "3990",
        "price_per_unit": "399",
        "price_unit": "G"
      },
      {
        "state": "NT",
        "price": "3990",
        "price_per_unit": "399",
        "price_unit": "G"
      }
    ]
  },
  {
    "source_url": "https://www.woolworths.com.au/shop/productdetails/1073908205/primo-caffe-decafe-coffee-beans-w-process-1kg",
    "name": "Primo Caffe Decafe Coffee Beans w/Process 1KG",
    "image_url": "https://cdn1.woolworths.media/content/wowproductimages/large/1073908205.jpg",
    "source_id": "Woolworths - 1073908205",
    "barcode": null,
    "category_id": "1_5AF3A0A",
    "shop": "Woolworths",
    "weight": "100G",
    "prices": [
      {
        "state": "NSW",
        "price": "5310",
        "price_per_unit": "531",
        "price_unit": "G"
      },
      {
        "state": "VIC",
        "price": "5310",
        "price_per_unit": "531",
        "price_unit": "G"
      },
      {
        "state": "QLD",
        "price": "5310",
        "price_per_unit": "531",
        "price_unit": "G"
      },
      {
        "state": "WA",
        "price": "5310",
        "price_per_unit": "531",
        "price_unit": "G"
      },
      {
        "state": "SA",
        "price": "5310",
        "price_per_unit": "531",
        "price_unit": "G"
      },
      {
        "state": "TAS",
        "price": "5310",
        "price_per_unit": "531",
        "price_unit": "G"
      },
      {
        "state": "ACT",
        "price": "5310",
        "price_per_unit": "531",
        "price_unit": "G"
      },
      {
        "state": "NT",
        "price": "5310",
        "price_per_unit": "531",
        "price_unit": "G"
      }
    ]
  },
  {
    "source_url": "https://www.woolworths.com.au/shop/productdetails/1073908211/primo-caffe-fair-trade-organic-coffee-beans-1kg",
    "name": "Primo Caffe Fair Trade Organic Coffee Beans 1KG",
    "image_url": "https://cdn1.woolworths.media/content/wowproductimages/large/1073908211.jpg",
    "source_id": "Woolworths - 1073908211",
    "barcode": null,
    "category_id": "1_5AF3A0A",
    "shop": "Woolworths",
    "weight": "100G",
    "prices": [
      {
        "state": "NSW",
        "price": "5130",
        "price_per_unit": "513",
        "price_unit": "G"
      },
      {
        "state": "VIC",
        "price": "5130",
        "price_per_unit": "513",
        "price_unit": "G"
      },
      {
        "state": "QLD",
        "price": "5130",
        "price_per_unit": "513",
        "price_unit": "G"
      },
      {
        "state": "WA",
        "price": "5130",
        "price_per_unit": "513",
        "price_unit": "G"
      },
      {
        "state": "SA",
        "price": "5130",
        "price_per_unit": "513",
        "price_unit": "G"
      },
      {
        "state": "TAS",
        "price": "5130",
        "price_per_unit": "513",
        "price_unit": "G"
      },
      {
        "state": "ACT",
        "price": "5130",
        "price_per_unit": "513",
        "price_unit": "G"
      },
      {
        "state": "NT",
        "price": "5130",
        "price_per_unit": "513",
        "price_unit": "G"
      }
    ]
  },
  {
    "source_url": "https://www.woolworths.com.au/shop/productdetails/1073908316/primo-caffe-maestro-coffee-beans-1kg",
    "name": "Primo Caffe Maestro Coffee Beans 1KG",
    "image_url": "https://cdn1.woolworths.media/content/wowproductimages/large/1073908316.jpg",
    "source_id": "Woolworths - 1073908316",
    "barcode": null,
    "category_id": "1_5AF3A0A",
    "shop": "Woolworths",
    "weight": "100G",
    "prices": [
      {
        "state": "NSW",
        "price": "4140",
        "price_per_unit": "414",
        "price_unit": "G"
      },
      {
        "state": "VIC",
        "price": "4140",
        "price_per_unit": "414",
        "price_unit": "G"
      },
      {
        "state": "QLD",
        "price": "4140",
        "price_per_unit": "414",
        "price_unit": "G"
      },
      {
        "state": "WA",
        "price": "4140",
        "price_per_unit": "414",
        "price_unit": "G"
      },
      {
        "state": "SA",
        "price": "4140",
        "price_per_unit": "414",
        "price_unit": "G"
      },
      {
        "state": "TAS",
        "price": "4140",
        "price_per_unit": "414",
        "price_unit": "G"
      },
      {
        "state": "ACT",
        "price": "4140",
        "price_per_unit": "414",
        "price_unit": "G"
      },
      {
        "state": "NT",
        "price": "4140",
        "price_per_unit": "414",
        "price_unit": "G"
      }
    ]
  },
  {
    "source_url": "https://www.woolworths.com.au/shop/productdetails/757401/sacred-grounds-ola-brazil-coffee-beans",
    "name": "Sacred Grounds Ola Brazil Coffee Beans 500g",
    "image_url": "https://cdn1.woolworths.media/content/wowproductimages/large/757401.jpg",
    "source_id": "Woolworths - 757401",
    "barcode": "9310200013320",
    "category_id": "1_5AF3A0A",
    "shop": "Woolworths",
    "weight": "100G",
    "prices": [
      {
        "state": "NSW",
        "price": "1800",
        "price_per_unit": "360",
        "price_unit": "G"
      },
      {
        "state": "VIC",
        "price": "1800",
        "price_per_unit": "360",
        "price_unit": "G"
      },
      {
        "state": "QLD",
        "price": "1800",
        "price_per_unit": "360",
        "price_unit": "G"
      },
      {
        "state": "SA",
        "price": "1800",
        "price_per_unit": "360",
        "price_unit": "G"
      },
      {
        "state": "ACT",
        "price": "1800",
        "price_per_unit": "360",
        "price_unit": "G"
      },
      {
        "state": "NT",
        "price": "1800",
        "price_per_unit": "360",
        "price_unit": "G"
      }
    ]
  },
  {
    "source_url": "https://www.woolworths.com.au/shop/productdetails/223415/vittoria-decaffeinated-coffee-beans",
    "name": "Vittoria Decaffeinated Coffee Beans 500g",
    "image_url": "https://cdn1.woolworths.media/content/wowproductimages/large/223415.jpg",
    "source_id": "Woolworths - 223415",
    "barcode": "9310631637003",
    "category_id": "1_5AF3A0A",
    "shop": "Woolworths",
    "weight": "100G",
    "prices": [
      {
        "state": "NSW",
        "price": "2750",
        "price_per_unit": "550",
        "price_unit": "G"
      },
      {
        "state": "VIC",
        "price": "2750",
        "price_per_unit": "550",
        "price_unit": "G"
      },
      {
        "state": "QLD",
        "price": "2750",
        "price_per_unit": "550",
        "price_unit": "G"
      },
      {
        "state": "WA",
        "price": "2750",
        "price_per_unit": "550",
        "price_unit": "G"
      },
      {
        "state": "SA",
        "price": "2750",
        "price_per_unit": "550",
        "price_unit": "G"
      },
      {
        "state": "TAS",
        "price": "2750",
        "price_per_unit": "550",
        "price_unit": "G"
      },
      {
        "state": "ACT",
        "price": "2750",
        "price_per_unit": "550",
        "price_unit": "G"
      },
      {
        "state": "NT",
        "price": "2750",
        "price_per_unit": "550",
        "price_unit": "G"
      }
    ]
  },
  {
    "source_url": "https://www.woolworths.com.au/shop/productdetails/162140/vittoria-espresso-coffee-beans",
    "name": "Vittoria Espresso Coffee Beans 1kg",
    "image_url": "https://cdn1.woolworths.media/content/wowproductimages/large/162140.jpg",
    "source_id": "Woolworths - 162140",
    "barcode": "9310631000814",
    "category_id": "1_5AF3A0A",
    "shop": "Woolworths",
    "weight": "100G",
    "prices": [
      {
        "state": "NSW",
        "price": "4000",
        "price_per_unit": "400",
        "price_unit": "G"
      },
      {
        "state": "VIC",
        "price": "4000",
        "price_per_unit": "400",
        "price_unit": "G"
      },
      {
        "state": "QLD",
        "price": "4000",
        "price_per_unit": "400",
        "price_unit": "G"
      },
      {
        "state": "WA",
        "price": "4000",
        "price_per_unit": "400",
        "price_unit": "G"
      },
      {
        "state": "SA",
        "price": "4000",
        "price_per_unit": "400",
        "price_unit": "G"
      },
      {
        "state": "TAS",
        "price": "4000",
        "price_per_unit": "400",
        "price_unit": "G"
      },
      {
        "state": "ACT",
        "price": "4000",
        "price_per_unit": "400",
        "price_unit": "G"
      }
    ]
  },
  {
    "source_url": "https://www.woolworths.com.au/shop/productdetails/78476/vittoria-italian-coffee-beans",
    "name": "Vittoria Italian Coffee Beans 1kg",
    "image_url": "https://cdn1.woolworths.media/content/wowproductimages/large/078476.jpg",
    "source_id": "Woolworths - 78476",
    "barcode": "9310631000753",
    "category_id": "1_5AF3A0A",
    "shop": "Woolworths",
    "weight": "100G",
    "prices": [
      {
        "state": "NSW",
        "price": "2400",
        "price_per_unit": "240",
        "price_unit": "G"
      },
      {
        "state": "VIC",
        "price": "2400",
        "price_per_unit": "240",
        "price_unit": "G"
      },
      {
        "state": "QLD",
        "price": "2400",
        "price_per_unit": "240",
        "price_unit": "G"
      },
      {
        "state": "WA",
        "price": "2400",
        "price_per_unit": "240",
        "price_unit": "G"
      },
      {
        "state": "SA",
        "price": "2400",
        "price_per_unit": "240",
        "price_unit": "G"
      },
      {
        "state": "TAS",
        "price": "2400",
        "price_per_unit": "240",
        "price_unit": "G"
      },
      {
        "state": "ACT",
        "price": "2400",
        "price_per_unit": "240",
        "price_unit": "G"
      },
      {
        "state": "NT",
        "price": "2400",
        "price_per_unit": "240",
        "price_unit": "G"
      }
    ]
  },
  {
    "source_url": "https://www.woolworths.com.au/shop/productdetails/284455/vittoria-mountain-grown-coffee-beans",
    "name": "Vittoria Mountain Grown Coffee Beans 1kg",
    "image_url": "https://cdn1.woolworths.media/content/wowproductimages/large/284455.jpg",
    "source_id": "Woolworths - 284455",
    "barcode": "9310631622764",
    "category_id": "1_5AF3A0A",
    "shop": "Woolworths",
    "weight": "100G",
    "prices": [
      {
        "state": "NSW",
        "price": "4900",
        "price_per_unit": "490",
        "price_unit": "G"
      },
      {
        "state": "VIC",
        "price": "4900",
        "price_per_unit": "490",
        "price_unit": "G"
      },
      {
        "state": "QLD",
        "price": "4900",
        "price_per_unit": "490",
        "price_unit": "G"
      },
      {
        "state": "WA",
        "price": "4900",
        "price_per_unit": "490",
        "price_unit": "G"
      },
      {
        "state": "SA",
        "price": "4900",
        "price_per_unit": "490",
        "price_unit": "G"
      },
      {
        "state": "TAS",
        "price": "4900",
        "price_per_unit": "490",
        "price_unit": "G"
      },
      {
        "state": "ACT",
        "price": "4900",
        "price_per_unit": "490",
        "price_unit": "G"
      },
      {
        "state": "NT",
        "price": "4900",
        "price_per_unit": "490",
        "price_unit": "G"
      }
    ]
  },
  {
    "source_url": "https://www.woolworths.com.au/shop/productdetails/781407/vittoria-organic-coffee-beans",
    "name": "Vittoria Organic Coffee Beans 1kg",
    "image_url": "https://cdn1.woolworths.media/content/wowproductimages/large/781407.jpg",
    "source_id": "Woolworths - 781407",
    "barcode": "9310631627691",
    "category_id": "1_5AF3A0A",
    "shop": "Woolworths",
    "weight": "100G",
    "prices": [
      {
        "state": "NSW",
        "price": "5000",
        "price_per_unit": "500",
        "price_unit": "G"
      },
      {
        "state": "VIC",
        "price": "5000",
        "price_per_unit": "500",
        "price_unit": "G"
      },
      {
        "state": "QLD",
        "price": "5000",
        "price_per_unit": "500",
        "price_unit": "G"
      },
      {
        "state": "WA",
        "price": "5000",
        "price_per_unit": "500",
        "price_unit": "G"
      },
      {
        "state": "SA",
        "price": "5000",
        "price_per_unit": "500",
        "price_unit": "G"
      },
      {
        "state": "TAS",
        "price": "5000",
        "price_per_unit": "500",
        "price_unit": "G"
      },
      {
        "state": "ACT",
        "price": "5000",
        "price_per_unit": "500",
        "price_unit": "G"
      },
      {
        "state": "NT",
        "price": "5000",
        "price_per_unit": "500",
        "price_unit": "G"
      }
    ]
  },
  {
    "source_url": "https://www.woolworths.com.au/shop/productdetails/157348/will-co-coffee-beans-goofy",
    "name": "Will & Co Coffee Beans Goofy 500g",
    "image_url": "https://cdn1.woolworths.media/content/wowproductimages/large/157348.jpg",
    "source_id": "Woolworths - 157348",
    "barcode": "9310631635955",
    "category_id": "1_5AF3A0A",
    "shop": "Woolworths",
    "weight": "100G",
    "prices": [
      {
        "state": "NSW",
        "price": "2700",
        "price_per_unit": "540",
        "price_unit": "G"
      },
      {
        "state": "VIC",
        "price": "2700",
        "price_per_unit": "540",
        "price_unit": "G"
      },
      {
        "state": "QLD",
        "price": "2700",
        "price_per_unit": "540",
        "price_unit": "G"
      },
      {
        "state": "WA",
        "price": "2700",
        "price_per_unit": "540",
        "price_unit": "G"
      },
      {
        "state": "SA",
        "price": "2700",
        "price_per_unit": "540",
        "price_unit": "G"
      },
      {
        "state": "TAS",
        "price": "2700",
        "price_per_unit": "540",
        "price_unit": "G"
      },
      {
        "state": "ACT",
        "price": "2700",
        "price_per_unit": "540",
        "price_unit": "G"
      }
    ]
  },
  {
    "source_url": "https://www.woolworths.com.au/shop/productdetails/157503/will-co-coffee-beans-natural",
    "name": "Will & Co Coffee Beans Natural 500g",
    "image_url": "https://cdn1.woolworths.media/content/wowproductimages/large/157503.jpg",
    "source_id": "Woolworths - 157503",
    "barcode": "9310631636013",
    "category_id": "1_5AF3A0A",
    "shop": "Woolworths",
    "weight": "100G",
    "prices": [
      {
        "state": "NSW",
        "price": "2700",
        "price_per_unit": "540",
        "price_unit": "G"
      },
      {
        "state": "VIC",
        "price": "2700",
        "price_per_unit": "540",
        "price_unit": "G"
      },
      {
        "state": "QLD",
        "price": "2700",
        "price_per_unit": "540",
        "price_unit": "G"
      },
      {
        "state": "WA",
        "price": "2700",
        "price_per_unit": "540",
        "price_unit": "G"
      },
      {
        "state": "SA",
        "price": "2700",
        "price_per_unit": "540",
        "price_unit": "G"
      },
      {
        "state": "TAS",
        "price": "2700",
        "price_per_unit": "540",
        "price_unit": "G"
      },
      {
        "state": "ACT",
        "price": "2700",
        "price_per_unit": "540",
        "price_unit": "G"
      }
    ]
  },
  {
    "source_url": "https://www.woolworths.com.au/shop/productdetails/300452/woolworths-coffee-beans-espresso",
    "name": "Woolworths Coffee Beans Espresso 1kg",
    "image_url": "https://cdn1.woolworths.media/content/wowproductimages/large/300452.jpg",
    "source_id": "Woolworths - 300452",
    "barcode": "9300633969547",
    "category_id": "1_5AF3A0A",
    "shop": "Woolworths",
    "weight": "100G",
    "prices": [
      {
        "state": "NSW",
        "price": "1200",
        "price_per_unit": "120",
        "price_unit": "G"
      },
      {
        "state": "VIC",
        "price": "1200",
        "price_per_unit": "120",
        "price_unit": "G"
      },
      {
        "state": "QLD",
        "price": "1200",
        "price_per_unit": "120",
        "price_unit": "G"
      },
      {
        "state": "WA",
        "price": "1200",
        "price_per_unit": "120",
        "price_unit": "G"
      },
      {
        "state": "TAS",
        "price": "1200",
        "price_per_unit": "120",
        "price_unit": "G"
      },
      {
        "state": "NT",
        "price": "1200",
        "price_per_unit": "120",
        "price_unit": "G"
      },
      {
        "state": "ACT",
        "price": "1200",
        "price_per_unit": "120",
        "price_unit": "G"
      }
    ]
  },
  {
    "source_url": "https://www.woolworths.com.au/shop/productdetails/158984/caffe-aurora-espresso-blend-coffee-beans",
    "name": "Caffe Aurora Espresso Blend Coffee Beans 1kg",
    "image_url": "https://cdn1.woolworths.media/content/wowproductimages/large/158984.jpg",
    "source_id": "Woolworths - 158984",
    "barcode": "9310631635771",
    "category_id": "1_5AF3A0A",
    "shop": "Woolworths",
    "weight": "100G",
    "prices": [
      {
        "state": "VIC",
        "price": "2400",
        "price_per_unit": "240",
        "price_unit": "G"
      },
      {
        "state": "QLD",
        "price": "2400",
        "price_per_unit": "240",
        "price_unit": "G"
      },
      {
        "state": "WA",
        "price": "2400",
        "price_per_unit": "240",
        "price_unit": "G"
      },
      {
        "state": "NT",
        "price": "2400",
        "price_per_unit": "240",
        "price_unit": "G"
      }
    ]
  },
  {
    "source_url": "https://www.woolworths.com.au/shop/productdetails/158974/caffe-aurora-italian-blend-coffee-beans",
    "name": "Caffe Aurora Italian Blend Coffee Beans 1kg",
    "image_url": "https://cdn1.woolworths.media/content/wowproductimages/large/158974.jpg",
    "source_id": "Woolworths - 158974",
    "barcode": "9310631635719",
    "category_id": "1_5AF3A0A",
    "shop": "Woolworths",
    "weight": "100G",
    "prices": [
      {
        "state": "VIC",
        "price": "2400",
        "price_per_unit": "240",
        "price_unit": "G"
      },
      {
        "state": "NT",
        "price": "2400",
        "price_per_unit": "240",
        "price_unit": "G"
      }
    ]
  },
  {
    "source_url": "https://www.woolworths.com.au/shop/productdetails/159012/caffe-aurora-prima-qualita-coffee-beans",
    "name": "Caffe Aurora Prima Qualita Coffee Beans 1kg",
    "image_url": "https://cdn1.woolworths.media/content/wowproductimages/large/159012.jpg",
    "source_id": "Woolworths - 159012",
    "barcode": "9310631635733",
    "category_id": "1_5AF3A0A",
    "shop": "Woolworths",
    "weight": "100G",
    "prices": [
      {
        "state": "VIC",
        "price": "2400",
        "price_per_unit": "240",
        "price_unit": "G"
      },
      {
        "state": "QLD",
        "price": "2400",
        "price_per_unit": "240",
        "price_unit": "G"
      },
      {
        "state": "WA",
        "price": "2400",
        "price_per_unit": "240",
        "price_unit": "G"
      },
      {
        "state": "NT",
        "price": "2400",
        "price_per_unit": "240",
        "price_unit": "G"
      }
    ]
  },
  {
    "source_url": "https://www.woolworths.com.au/shop/productdetails/129065/campos-colombia-coffee-beans",
    "name": "Campos Colombia Coffee Beans 500g",
    "image_url": "https://cdn1.woolworths.media/content/wowproductimages/large/129065.jpg",
    "source_id": "Woolworths - 129065",
    "barcode": "9331437000839",
    "category_id": "1_5AF3A0A",
    "shop": "Woolworths",
    "weight": "100G",
    "prices": [
      {
        "state": "VIC",
        "price": "3350",
        "price_per_unit": "670",
        "price_unit": "G"
      },
      {
        "state": "QLD",
        "price": "3350",
        "price_per_unit": "670",
        "price_unit": "G"
      },
      {
        "state": "WA",
        "price": "3350",
        "price_per_unit": "670",
        "price_unit": "G"
      },
      {
        "state": "SA",
        "price": "3350",
        "price_per_unit": "670",
        "price_unit": "G"
      },
      {
        "state": "TAS",
        "price": "3350",
        "price_per_unit": "670",
        "price_unit": "G"
      },
      {
        "state": "ACT",
        "price": "3350",
        "price_per_unit": "670",
        "price_unit": "G"
      },
      {
        "state": "NT",
        "price": "3350",
        "price_per_unit": "670",
        "price_unit": "G"
      }
    ]
  },
  {
    "source_url": "https://www.woolworths.com.au/shop/productdetails/307504/campos-dark-city-coffee-beans-balanced-hearty-blend",
    "name": "Campos Dark City Coffee Beans Balanced & Hearty Blend 500g",
    "image_url": "https://cdn1.woolworths.media/content/wowproductimages/large/307504.jpg",
    "source_id": "Woolworths - 307504",
    "barcode": "9331437001379",
    "category_id": "1_5AF3A0A",
    "shop": "Woolworths",
    "weight": "100G",
    "prices": [
      {
        "state": "VIC",
        "price": "3200",
        "price_per_unit": "640",
        "price_unit": "G"
      },
      {
        "state": "QLD",
        "price": "3200",
        "price_per_unit": "640",
        "price_unit": "G"
      },
      {
        "state": "WA",
        "price": "3200",
        "price_per_unit": "640",
        "price_unit": "G"
      },
      {
        "state": "SA",
        "price": "3200",
        "price_per_unit": "640",
        "price_unit": "G"
      },
      {
        "state": "TAS",
        "price": "3200",
        "price_per_unit": "640",
        "price_unit": "G"
      },
      {
        "state": "ACT",
        "price": "3200",
        "price_per_unit": "640",
        "price_unit": "G"
      },
      {
        "state": "NT",
        "price": "3200",
        "price_per_unit": "640",
        "price_unit": "G"
      }
    ]
  },
  {
    "source_url": "https://www.woolworths.com.au/shop/productdetails/307525/campos-king-st-coffee-beans-creamy-balanced-blend",
    "name": "Campos King St Coffee Beans Creamy & Balanced Blend 500g",
    "image_url": "https://cdn1.woolworths.media/content/wowproductimages/large/307525.jpg",
    "source_id": "Woolworths - 307525",
    "barcode": "9331437001669",
    "category_id": "1_5AF3A0A",
    "shop": "Woolworths",
    "weight": "100G",
    "prices": [
      {
        "state": "VIC",
        "price": "3200",
        "price_per_unit": "640",
        "price_unit": "G"
      },
      {
        "state": "QLD",
        "price": "3200",
        "price_per_unit": "640",
        "price_unit": "G"
      },
      {
        "state": "WA",
        "price": "3200",
        "price_per_unit": "640",
        "price_unit": "G"
      },
      {
        "state": "SA",
        "price": "3200",
        "price_per_unit": "640",
        "price_unit": "G"
      },
      {
        "state": "TAS",
        "price": "3200",
        "price_per_unit": "640",
        "price_unit": "G"
      },
      {
        "state": "ACT",
        "price": "3200",
        "price_per_unit": "640",
        "price_unit": "G"
      },
      {
        "state": "NT",
        "price": "3200",
        "price_per_unit": "640",
        "price_unit": "G"
      }
    ]
  },
  {
    "source_url": "https://www.woolworths.com.au/shop/productdetails/936138/grinders-espresso-coffee-beans-coffee-beans",
    "name": "Grinders Espresso Coffee Beans 1kg",
    "image_url": "https://cdn1.woolworths.media/content/wowproductimages/large/936138.jpg",
    "source_id": "Woolworths - 936138",
    "barcode": "9329214001049",
    "category_id": "1_5AF3A0A",
    "shop": "Woolworths",
    "weight": "100G",
    "prices": [
      {
        "state": "VIC",
        "price": "3500",
        "price_per_unit": "350",
        "price_unit": "G"
      },
      {
        "state": "QLD",
        "price": "3500",
        "price_per_unit": "350",
        "price_unit": "G"
      },
      {
        "state": "WA",
        "price": "3500",
        "price_per_unit": "350",
        "price_unit": "G"
      },
      {
        "state": "SA",
        "price": "3500",
        "price_per_unit": "350",
        "price_unit": "G"
      },
      {
        "state": "TAS",
        "price": "3500",
        "price_per_unit": "350",
        "price_unit": "G"
      },
      {
        "state": "ACT",
        "price": "3500",
        "price_per_unit": "350",
        "price_unit": "G"
      },
      {
        "state": "NT",
        "price": "3500",
        "price_per_unit": "350",
        "price_unit": "G"
      }
    ]
  },
  {
    "source_url": "https://www.woolworths.com.au/shop/productdetails/160720/grinders-organic-coffee-beans-coffee-beans",
    "name": "Grinders Organic Coffee Beans 1kg",
    "image_url": "https://cdn1.woolworths.media/content/wowproductimages/large/160720.jpg",
    "source_id": "Woolworths - 160720",
    "barcode": "9329214005818",
    "category_id": "1_5AF3A0A",
    "shop": "Woolworths",
    "weight": "100G",
    "prices": [
      {
        "state": "VIC",
        "price": "3700",
        "price_per_unit": "370",
        "price_unit": "G"
      },
      {
        "state": "QLD",
        "price": "3700",
        "price_per_unit": "370",
        "price_unit": "G"
      },
      {
        "state": "WA",
        "price": "3700",
        "price_per_unit": "370",
        "price_unit": "G"
      },
      {
        "state": "SA",
        "price": "3700",
        "price_per_unit": "370",
        "price_unit": "G"
      },
      {
        "state": "TAS",
        "price": "3700",
        "price_per_unit": "370",
        "price_unit": "G"
      },
      {
        "state": "ACT",
        "price": "3700",
        "price_per_unit": "370",
        "price_unit": "G"
      }
    ]
  },
  {
    "source_url": "https://www.woolworths.com.au/shop/productdetails/161742/grinders-rich-espresso-coffee-beans-coffee-beans",
    "name": "Grinders Rich Espresso Coffee Beans 1kg",
    "image_url": "https://cdn1.woolworths.media/content/wowproductimages/large/161742.jpg",
    "source_id": "Woolworths - 161742",
    "barcode": "9329214006068",
    "category_id": "1_5AF3A0A",
    "shop": "Woolworths",
    "weight": "100G",
    "prices": [
      {
        "state": "VIC",
        "price": "3500",
        "price_per_unit": "350",
        "price_unit": "G"
      },
      {
        "state": "QLD",
        "price": "3500",
        "price_per_unit": "350",
        "price_unit": "G"
      },
      {
        "state": "WA",
        "price": "3500",
        "price_per_unit": "350",
        "price_unit": "G"
      },
      {
        "state": "SA",
        "price": "3500",
        "price_per_unit": "350",
        "price_unit": "G"
      },
      {
        "state": "TAS",
        "price": "3500",
        "price_per_unit": "350",
        "price_unit": "G"
      },
      {
        "state": "ACT",
        "price": "3500",
        "price_per_unit": "350",
        "price_unit": "G"
      },
      {
        "state": "NT",
        "price": "3500",
        "price_per_unit": "350",
        "price_unit": "G"
      }
    ]
  },
  {
    "source_url": "https://www.woolworths.com.au/shop/productdetails/92553/harris-coffee-beans-smooth",
    "name": "Harris Coffee Beans Smooth 1kg",
    "image_url": "https://cdn1.woolworths.media/content/wowproductimages/large/092553.jpg",
    "source_id": "Woolworths - 92553",
    "barcode": "9310200009361",
    "category_id": "1_5AF3A0A",
    "shop": "Woolworths",
    "weight": "100G",
    "prices": [
      {
        "state": "VIC",
        "price": "3200",
        "price_per_unit": "320",
        "price_unit": "G"
      },
      {
        "state": "QLD",
        "price": "3200",
        "price_per_unit": "320",
        "price_unit": "G"
      },
      {
        "state": "WA",
        "price": "3200",
        "price_per_unit": "320",
        "price_unit": "G"
      },
      {
        "state": "SA",
        "price": "3200",
        "price_per_unit": "320",
        "price_unit": "G"
      },
      {
        "state": "TAS",
        "price": "3200",
        "price_per_unit": "320",
        "price_unit": "G"
      },
      {
        "state": "ACT",
        "price": "3200",
        "price_per_unit": "320",
        "price_unit": "G"
      },
      {
        "state": "NT",
        "price": "3200",
        "price_per_unit": "320",
        "price_unit": "G"
      }
    ]
  },
  {
    "source_url": "https://www.woolworths.com.au/shop/productdetails/160442/illy-intenso-coffee-beans",
    "name": "Illy Intenso Coffee Beans 250g",
    "image_url": "https://cdn1.woolworths.media/content/wowproductimages/large/160442.jpg",
    "source_id": "Woolworths - 160442",
    "barcode": "8003753918198",
    "category_id": "1_5AF3A0A",
    "shop": "Woolworths",
    "weight": "100G",
    "prices": [
      {
        "state": "VIC",
        "price": "1600",
        "price_per_unit": "640",
        "price_unit": "G"
      },
      {
        "state": "QLD",
        "price": "1600",
        "price_per_unit": "640",
        "price_unit": "G"
      },
      {
        "state": "SA",
        "price": "1600",
        "price_per_unit": "640",
        "price_unit": "G"
      },
      {
        "state": "TAS",
        "price": "1600",
        "price_per_unit": "640",
        "price_unit": "G"
      },
      {
        "state": "ACT",
        "price": "1600",
        "price_per_unit": "640",
        "price_unit": "G"
      }
    ]
  },
  {
    "source_url": "https://www.woolworths.com.au/shop/productdetails/309532/lavazza-espresso-barista-gran-crema-coffee-beans",
    "name": "Lavazza Espresso Barista Gran Crema Coffee Beans 500g",
    "image_url": "https://cdn1.woolworths.media/content/wowproductimages/large/309532.jpg",
    "source_id": "Woolworths - 309532",
    "barcode": "8000070067417",
    "category_id": "1_5AF3A0A",
    "shop": "Woolworths",
    "weight": "100G",
    "prices": [
      {
        "state": "VIC",
        "price": "2600",
        "price_per_unit": "520",
        "price_unit": "G"
      },
      {
        "state": "QLD",
        "price": "2600",
        "price_per_unit": "520",
        "price_unit": "G"
      },
      {
        "state": "WA",
        "price": "2600",
        "price_per_unit": "520",
        "price_unit": "G"
      },
      {
        "state": "SA",
        "price": "2600",
        "price_per_unit": "520",
        "price_unit": "G"
      },
      {
        "state": "TAS",
        "price": "2600",
        "price_per_unit": "520",
        "price_unit": "G"
      },
      {
        "state": "ACT",
        "price": "2600",
        "price_per_unit": "520",
        "price_unit": "G"
      },
      {
        "state": "NT",
        "price": "2600",
        "price_per_unit": "520",
        "price_unit": "G"
      }
    ]
  },
  {
    "source_url": "https://www.woolworths.com.au/shop/productdetails/220985/lavazza-espresso-barista-intenso-coffee-beans",
    "name": "Lavazza Espresso Barista Intenso Coffee Beans 500g",
    "image_url": "https://cdn1.woolworths.media/content/wowproductimages/large/220985.jpg",
    "source_id": "Woolworths - 220985",
    "barcode": "8000070050983",
    "category_id": "1_5AF3A0A",
    "shop": "Woolworths",
    "weight": "100G",
    "prices": [
      {
        "state": "VIC",
        "price": "2600",
        "price_per_unit": "520",
        "price_unit": "G"
      },
      {
        "state": "QLD",
        "price": "2600",
        "price_per_unit": "520",
        "price_unit": "G"
      },
      {
        "state": "WA",
        "price": "2600",
        "price_per_unit": "520",
        "price_unit": "G"
      },
      {
        "state": "SA",
        "price": "2600",
        "price_per_unit": "520",
        "price_unit": "G"
      },
      {
        "state": "TAS",
        "price": "2600",
        "price_per_unit": "520",
        "price_unit": "G"
      },
      {
        "state": "ACT",
        "price": "2600",
        "price_per_unit": "520",
        "price_unit": "G"
      },
      {
        "state": "NT",
        "price": "2600",
        "price_per_unit": "520",
        "price_unit": "G"
      }
    ]
  },
  {
    "source_url": "https://www.woolworths.com.au/shop/productdetails/95564/lavazza-espresso-barista-perfetto-coffee-beans",
    "name": "Lavazza Espresso Barista Perfetto Coffee Beans 1kg",
    "image_url": "https://cdn1.woolworths.media/content/wowproductimages/large/095564.jpg",
    "source_id": "Woolworths - 95564",
    "barcode": "8000070025035",
    "category_id": "1_5AF3A0A",
    "shop": "Woolworths",
    "weight": "100G",
    "prices": [
      {
        "state": "VIC",
        "price": "2500",
        "price_per_unit": "250",
        "price_unit": "G"
      },
      {
        "state": "QLD",
        "price": "2500",
        "price_per_unit": "250",
        "price_unit": "G"
      },
      {
        "state": "WA",
        "price": "2500",
        "price_per_unit": "250",
        "price_unit": "G"
      },
      {
        "state": "SA",
        "price": "2500",
        "price_per_unit": "250",
        "price_unit": "G"
      },
      {
        "state": "TAS",
        "price": "2500",
        "price_per_unit": "250",
        "price_unit": "G"
      },
      {
        "state": "ACT",
        "price": "2500",
        "price_per_unit": "250",
        "price_unit": "G"
      },
      {
        "state": "NT",
        "price": "2500",
        "price_per_unit": "250",
        "price_unit": "G"
      }
    ]
  },
  {
    "source_url": "https://www.woolworths.com.au/shop/productdetails/27509/lavazza-qualita-oro-coffee-beans",
    "name": "Lavazza Qualita Oro Coffee Beans 500g",
    "image_url": "https://cdn1.woolworths.media/content/wowproductimages/large/027509.jpg",
    "source_id": "Woolworths - 27509",
    "barcode": "8000070019362",
    "category_id": "1_5AF3A0A",
    "shop": "Woolworths",
    "weight": "100G",
    "prices": [
      {
        "state": "VIC",
        "price": "2500",
        "price_per_unit": "500",
        "price_unit": "G"
      },
      {
        "state": "QLD",
        "price": "2500",
        "price_per_unit": "500",
        "price_unit": "G"
      },
      {
        "state": "WA",
        "price": "2500",
        "price_per_unit": "500",
        "price_unit": "G"
      },
      {
        "state": "SA",
        "price": "2500",
        "price_per_unit": "500",
        "price_unit": "G"
      },
      {
        "state": "TAS",
        "price": "2500",
        "price_per_unit": "500",
        "price_unit": "G"
      },
      {
        "state": "ACT",
        "price": "2500",
        "price_per_unit": "500",
        "price_unit": "G"
      }
    ]
  },
  {
    "source_url": "https://www.woolworths.com.au/shop/productdetails/659091/lavazza-qualita-oro-ground-coffee",
    "name": "Lavazza Qualita Oro Ground Coffee 500g",
    "image_url": "https://cdn1.woolworths.media/content/wowproductimages/large/659091.jpg",
    "source_id": "Woolworths - 659091",
    "barcode": "8000070020627",
    "category_id": "1_5AF3A0A",
    "shop": "Woolworths",
    "weight": "100G",
    "prices": [
      {
        "state": "VIC",
        "price": "2500",
        "price_per_unit": "500",
        "price_unit": "G"
      },
      {
        "state": "SA",
        "price": "2500",
        "price_per_unit": "500",
        "price_unit": "G"
      },
      {
        "state": "TAS",
        "price": "2500",
        "price_per_unit": "500",
        "price_unit": "G"
      },
      {
        "state": "ACT",
        "price": "2500",
        "price_per_unit": "500",
        "price_unit": "G"
      }
    ]
  },
  {
    "source_url": "https://www.woolworths.com.au/shop/productdetails/882228/lone-crow-barista-roast-coffee-beans",
    "name": "Lone Crow Barista Roast Coffee Beans 1kg",
    "image_url": "https://cdn1.woolworths.media/content/wowproductimages/large/882228.jpg",
    "source_id": "Woolworths - 882228",
    "barcode": "9309001769000",
    "category_id": "1_5AF3A0A",
    "shop": "Woolworths",
    "weight": "100G",
    "prices": [
      {
        "state": "VIC",
        "price": "2500",
        "price_per_unit": "250",
        "price_unit": "G"
      },
      {
        "state": "QLD",
        "price": "2500",
        "price_per_unit": "250",
        "price_unit": "G"
      },
      {
        "state": "ACT",
        "price": "2500",
        "price_per_unit": "250",
        "price_unit": "G"
      }
    ]
  },
  {
    "source_url": "https://www.woolworths.com.au/shop/productdetails/881254/lone-crow-coffee-espresso-roast-beans",
    "name": "Lone Crow Coffee Espresso Roast Beans 1kg",
    "image_url": "https://cdn1.woolworths.media/content/wowproductimages/large/881254.jpg",
    "source_id": "Woolworths - 881254",
    "barcode": "9309001769017",
    "category_id": "1_5AF3A0A",
    "shop": "Woolworths",
    "weight": "100G",
    "prices": [
      {
        "state": "VIC",
        "price": "2500",
        "price_per_unit": "250",
        "price_unit": "G"
      },
      {
        "state": "QLD",
        "price": "2500",
        "price_per_unit": "250",
        "price_unit": "G"
      },
      {
        "state": "ACT",
        "price": "2500",
        "price_per_unit": "250",
        "price_unit": "G"
      }
    ]
  },
  {
    "source_url": "https://www.woolworths.com.au/shop/productdetails/690361/macro-organic-fairtrade-coffee-beans-medium",
    "name": "Macro Organic Fairtrade Coffee Beans Medium 200g",
    "image_url": "https://cdn1.woolworths.media/content/wowproductimages/large/690361.jpg",
    "source_id": "Woolworths - 690361",
    "barcode": "9300633248246",
    "category_id": "1_5AF3A0A",
    "shop": "Woolworths",
    "weight": "100G",
    "prices": [
      {
        "state": "VIC",
        "price": "660",
        "price_per_unit": "330",
        "price_unit": "G"
      },
      {
        "state": "SA",
        "price": "660",
        "price_per_unit": "330",
        "price_unit": "G"
      },
      {
        "state": "TAS",
        "price": "660",
        "price_per_unit": "330",
        "price_unit": "G"
      },
      {
        "state": "ACT",
        "price": "660",
        "price_per_unit": "330",
        "price_unit": "G"
      }
    ]
  },
  {
    "source_url": "https://www.woolworths.com.au/shop/productdetails/785137/sacred-grounds-breezy-blend-coffee-beans",
    "name": "Sacred Grounds Breezy Blend Coffee Beans 1kg",
    "image_url": "https://cdn1.woolworths.media/content/wowproductimages/large/785137.jpg",
    "source_id": "Woolworths - 785137",
    "barcode": "9310200013023",
    "category_id": "1_5AF3A0A",
    "shop": "Woolworths",
    "weight": "100G",
    "prices": [
      {
        "state": "VIC",
        "price": "4400",
        "price_per_unit": "440",
        "price_unit": "G"
      },
      {
        "state": "QLD",
        "price": "4400",
        "price_per_unit": "440",
        "price_unit": "G"
      },
      {
        "state": "WA",
        "price": "4400",
        "price_per_unit": "440",
        "price_unit": "G"
      },
      {
        "state": "SA",
        "price": "4400",
        "price_per_unit": "440",
        "price_unit": "G"
      },
      {
        "state": "TAS",
        "price": "4400",
        "price_per_unit": "440",
        "price_unit": "G"
      },
      {
        "state": "ACT",
        "price": "4400",
        "price_per_unit": "440",
        "price_unit": "G"
      }
    ]
  },
  {
    "source_url": "https://www.woolworths.com.au/shop/productdetails/785433/sacred-grounds-breezy-blend-coffee-beans",
    "name": "Sacred Grounds Breezy Blend Coffee Beans 500g",
    "image_url": "https://cdn1.woolworths.media/content/wowproductimages/large/785433.jpg",
    "source_id": "Woolworths - 785433",
    "barcode": "9310200013207",
    "category_id": "1_5AF3A0A",
    "shop": "Woolworths",
    "weight": "100G",
    "prices": [
      {
        "state": "VIC",
        "price": "1800",
        "price_per_unit": "360",
        "price_unit": "G"
      },
      {
        "state": "QLD",
        "price": "1800",
        "price_per_unit": "360",
        "price_unit": "G"
      },
      {
        "state": "WA",
        "price": "1800",
        "price_per_unit": "360",
        "price_unit": "G"
      },
      {
        "state": "SA",
        "price": "1800",
        "price_per_unit": "360",
        "price_unit": "G"
      },
      {
        "state": "TAS",
        "price": "1800",
        "price_per_unit": "360",
        "price_unit": "G"
      },
      {
        "state": "ACT",
        "price": "1800",
        "price_per_unit": "360",
        "price_unit": "G"
      }
    ]
  },
  {
    "source_url": "https://www.woolworths.com.au/shop/productdetails/757849/sacred-grounds-groover-blend-coffee-beans",
    "name": "Sacred Grounds Groover Blend Coffee Beans 1kg",
    "image_url": "https://cdn1.woolworths.media/content/wowproductimages/large/757849.jpg",
    "source_id": "Woolworths - 757849",
    "barcode": "9310200013061",
    "category_id": "1_5AF3A0A",
    "shop": "Woolworths",
    "weight": "100G",
    "prices": [
      {
        "state": "VIC",
        "price": "4400",
        "price_per_unit": "440",
        "price_unit": "G"
      },
      {
        "state": "QLD",
        "price": "4400",
        "price_per_unit": "440",
        "price_unit": "G"
      },
      {
        "state": "WA",
        "price": "4400",
        "price_per_unit": "440",
        "price_unit": "G"
      },
      {
        "state": "SA",
        "price": "4400",
        "price_per_unit": "440",
        "price_unit": "G"
      },
      {
        "state": "TAS",
        "price": "4400",
        "price_per_unit": "440",
        "price_unit": "G"
      },
      {
        "state": "ACT",
        "price": "4400",
        "price_per_unit": "440",
        "price_unit": "G"
      }
    ]
  },
  {
    "source_url": "https://www.woolworths.com.au/shop/productdetails/785089/sacred-grounds-groover-blend-coffee-beans",
    "name": "Sacred Grounds Groover Blend Coffee Beans 500g",
    "image_url": "https://cdn1.woolworths.media/content/wowproductimages/large/785089.jpg",
    "source_id": "Woolworths - 785089",
    "barcode": "9310200013269",
    "category_id": "1_5AF3A0A",
    "shop": "Woolworths",
    "weight": "100G",
    "prices": [
      {
        "state": "VIC",
        "price": "1800",
        "price_per_unit": "360",
        "price_unit": "G"
      },
      {
        "state": "QLD",
        "price": "1800",
        "price_per_unit": "360",
        "price_unit": "G"
      },
      {
        "state": "SA",
        "price": "1800",
        "price_per_unit": "360",
        "price_unit": "G"
      },
      {
        "state": "NT",
        "price": "1800",
        "price_per_unit": "360",
        "price_unit": "G"
      }
    ]
  },
  {
    "source_url": "https://www.woolworths.com.au/shop/productdetails/804544/sacred-grounds-seeker-blend-coffee-beans",
    "name": "Sacred Grounds Seeker Blend Coffee Beans 500g",
    "image_url": "https://cdn1.woolworths.media/content/wowproductimages/large/804544.jpg",
    "source_id": "Woolworths - 804544",
    "barcode": "9310200013290",
    "category_id": "1_5AF3A0A",
    "shop": "Woolworths",
    "weight": "100G",
    "prices": [
      {
        "state": "VIC",
        "price": "1800",
        "price_per_unit": "360",
        "price_unit": "G"
      },
      {
        "state": "QLD",
        "price": "1800",
        "price_per_unit": "360",
        "price_unit": "G"
      },
      {
        "state": "WA",
        "price": "1800",
        "price_per_unit": "360",
        "price_unit": "G"
      },
      {
        "state": "SA",
        "price": "1800",
        "price_per_unit": "360",
        "price_unit": "G"
      },
      {
        "state": "TAS",
        "price": "1800",
        "price_per_unit": "360",
        "price_unit": "G"
      },
      {
        "state": "ACT",
        "price": "1800",
        "price_per_unit": "360",
        "price_unit": "G"
      },
      {
        "state": "NT",
        "price": "1800",
        "price_per_unit": "360",
        "price_unit": "G"
      }
    ]
  },
  {
    "source_url": "https://www.woolworths.com.au/shop/productdetails/162660/st-ali-italo-disco-coffee-beans",
    "name": "St. Ali Italo Disco Coffee Beans 500g",
    "image_url": "https://cdn1.woolworths.media/content/wowproductimages/large/162660.jpg",
    "source_id": "Woolworths - 162660",
    "barcode": "9355572000585",
    "category_id": "1_5AF3A0A",
    "shop": "Woolworths",
    "weight": "100G",
    "prices": [
      {
        "state": "VIC",
        "price": "3500",
        "price_per_unit": "700",
        "price_unit": "G"
      }
    ]
  },
  {
    "source_url": "https://www.woolworths.com.au/shop/productdetails/167556/vittoria-espresso-beans",
    "name": "Vittoria Espresso Beans 500g",
    "image_url": "https://cdn1.woolworths.media/content/wowproductimages/large/167556.jpg",
    "source_id": "Woolworths - 167556",
    "barcode": "9310631615100",
    "category_id": "1_5AF3A0A",
    "shop": "Woolworths",
    "weight": "100G",
    "prices": [
      {
        "state": "VIC",
        "price": "1750",
        "price_per_unit": "350",
        "price_unit": "G"
      },
      {
        "state": "QLD",
        "price": "1750",
        "price_per_unit": "350",
        "price_unit": "G"
      },
      {
        "state": "WA",
        "price": "1750",
        "price_per_unit": "350",
        "price_unit": "G"
      },
      {
        "state": "SA",
        "price": "1750",
        "price_per_unit": "350",
        "price_unit": "G"
      },
      {
        "state": "TAS",
        "price": "1750",
        "price_per_unit": "350",
        "price_unit": "G"
      },
      {
        "state": "ACT",
        "price": "1750",
        "price_per_unit": "350",
        "price_unit": "G"
      },
      {
        "state": "NT",
        "price": "1750",
        "price_per_unit": "350",
        "price_unit": "G"
      }
    ]
  },
  {
    "source_url": "https://www.woolworths.com.au/shop/productdetails/158983/vittoria-latte-coffee-beans",
    "name": "Vittoria Latte Coffee Beans 1kg",
    "image_url": "https://cdn1.woolworths.media/content/wowproductimages/large/158983.jpg",
    "source_id": "Woolworths - 158983",
    "barcode": "9310631635917",
    "category_id": "1_5AF3A0A",
    "shop": "Woolworths",
    "weight": "100G",
    "prices": [
      {
        "state": "VIC",
        "price": "3200",
        "price_per_unit": "320",
        "price_unit": "G"
      },
      {
        "state": "QLD",
        "price": "3200",
        "price_per_unit": "320",
        "price_unit": "G"
      },
      {
        "state": "WA",
        "price": "3200",
        "price_per_unit": "320",
        "price_unit": "G"
      },
      {
        "state": "SA",
        "price": "3200",
        "price_per_unit": "320",
        "price_unit": "G"
      },
      {
        "state": "TAS",
        "price": "3200",
        "price_per_unit": "320",
        "price_unit": "G"
      },
      {
        "state": "ACT",
        "price": "3200",
        "price_per_unit": "320",
        "price_unit": "G"
      },
      {
        "state": "NT",
        "price": "3200",
        "price_per_unit": "320",
        "price_unit": "G"
      }
    ]
  },
  {
    "source_url": "https://www.woolworths.com.au/shop/productdetails/804555/vittoria-organic-ground-coffee",
    "name": "Vittoria Organic Ground Coffee 1kg",
    "image_url": "https://cdn1.woolworths.media/content/wowproductimages/large/804555.jpg",
    "source_id": "Woolworths - 804555",
    "barcode": "9310631638413",
    "category_id": "1_5AF3A0A",
    "shop": "Woolworths",
    "weight": "100G",
    "prices": [
      {
        "state": "VIC",
        "price": "5000",
        "price_per_unit": "500",
        "price_unit": "G"
      },
      {
        "state": "QLD",
        "price": "5000",
        "price_per_unit": "500",
        "price_unit": "G"
      },
      {
        "state": "WA",
        "price": "5000",
        "price_per_unit": "500",
        "price_unit": "G"
      },
      {
        "state": "SA",
        "price": "5000",
        "price_per_unit": "500",
        "price_unit": "G"
      },
      {
        "state": "TAS",
        "price": "5000",
        "price_per_unit": "500",
        "price_unit": "G"
      },
      {
        "state": "ACT",
        "price": "5000",
        "price_per_unit": "500",
        "price_unit": "G"
      }
    ]
  },
  {
    "source_url": "https://www.woolworths.com.au/shop/productdetails/157494/will-co-coffee-beans-goofy",
    "name": "Will & Co Coffee Beans Goofy 1kg",
    "image_url": "https://cdn1.woolworths.media/content/wowproductimages/large/157494.jpg",
    "source_id": "Woolworths - 157494",
    "barcode": "9310631635931",
    "category_id": "1_5AF3A0A",
    "shop": "Woolworths",
    "weight": "100G",
    "prices": [
      {
        "state": "VIC",
        "price": "3400",
        "price_per_unit": "340",
        "price_unit": "G"
      },
      {
        "state": "QLD",
        "price": "3400",
        "price_per_unit": "340",
        "price_unit": "G"
      },
      {
        "state": "WA",
        "price": "3400",
        "price_per_unit": "340",
        "price_unit": "G"
      },
      {
        "state": "SA",
        "price": "3400",
        "price_per_unit": "340",
        "price_unit": "G"
      },
      {
        "state": "TAS",
        "price": "3400",
        "price_per_unit": "340",
        "price_unit": "G"
      },
      {
        "state": "ACT",
        "price": "3400",
        "price_per_unit": "340",
        "price_unit": "G"
      }
    ]
  },
  {
    "source_url": "https://www.woolworths.com.au/shop/productdetails/157344/will-co-coffee-beans-natural",
    "name": "Will & Co Coffee Beans Natural 1kg",
    "image_url": "https://cdn1.woolworths.media/content/wowproductimages/large/157344.jpg",
    "source_id": "Woolworths - 157344",
    "barcode": "9310631635993",
    "category_id": "1_5AF3A0A",
    "shop": "Woolworths",
    "weight": "100G",
    "prices": [
      {
        "state": "VIC",
        "price": "3400",
        "price_per_unit": "340",
        "price_unit": "G"
      },
      {
        "state": "QLD",
        "price": "3400",
        "price_per_unit": "340",
        "price_unit": "G"
      },
      {
        "state": "WA",
        "price": "3400",
        "price_per_unit": "340",
        "price_unit": "G"
      },
      {
        "state": "SA",
        "price": "3400",
        "price_per_unit": "340",
        "price_unit": "G"
      },
      {
        "state": "TAS",
        "price": "3400",
        "price_per_unit": "340",
        "price_unit": "G"
      },
      {
        "state": "ACT",
        "price": "3400",
        "price_per_unit": "340",
        "price_unit": "G"
      }
    ]
  },
  {
    "source_url": "https://www.woolworths.com.au/shop/productdetails/139527/wood-fired-coffee-beans-coffee-beans",
    "name": "Wood Fired Coffee Beans 500G",
    "image_url": "https://cdn1.woolworths.media/content/wowproductimages/large/139527.jpg",
    "source_id": "Woolworths - 139527",
    "barcode": "737452898595",
    "category_id": "1_5AF3A0A",
    "shop": "Woolworths",
    "weight": "100G",
    "prices": [
      {
        "state": "VIC",
        "price": "1900",
        "price_per_unit": "380",
        "price_unit": "G"
      },
      {
        "state": "QLD",
        "price": "1900",
        "price_per_unit": "380",
        "price_unit": "G"
      },
      {
        "state": "WA",
        "price": "1900",
        "price_per_unit": "380",
        "price_unit": "G"
      },
      {
        "state": "SA",
        "price": "1900",
        "price_per_unit": "380",
        "price_unit": "G"
      },
      {
        "state": "TAS",
        "price": "1900",
        "price_per_unit": "380",
        "price_unit": "G"
      },
      {
        "state": "ACT",
        "price": "1900",
        "price_per_unit": "380",
        "price_unit": "G"
      }
    ]
  },
  {
    "source_url": "https://www.woolworths.com.au/shop/productdetails/221797/wood-fired-coffee-decaf-beans-wood-fired-decaf-beans",
    "name": "Wood Fired Coffee Decaf Beans 500g",
    "image_url": "https://cdn1.woolworths.media/content/wowproductimages/large/221797.jpg",
    "source_id": "Woolworths - 221797",
    "barcode": "737452898755",
    "category_id": "1_5AF3A0A",
    "shop": "Woolworths",
    "weight": "100G",
    "prices": [
      {
        "state": "VIC",
        "price": "2400",
        "price_per_unit": "480",
        "price_unit": "G"
      },
      {
        "state": "QLD",
        "price": "2400",
        "price_per_unit": "480",
        "price_unit": "G"
      },
      {
        "state": "SA",
        "price": "2400",
        "price_per_unit": "480",
        "price_unit": "G"
      },
      {
        "state": "TAS",
        "price": "2400",
        "price_per_unit": "480",
        "price_unit": "G"
      }
    ]
  },
  {
    "source_url": "https://www.woolworths.com.au/shop/productdetails/220979/wood-fired-coffee-organic-beans-coffee-organic-beans",
    "name": "Wood Fired Coffee Organic Beans 500g",
    "image_url": "https://cdn1.woolworths.media/content/wowproductimages/large/220979.jpg",
    "source_id": "Woolworths - 220979",
    "barcode": "737452898571",
    "category_id": "1_5AF3A0A",
    "shop": "Woolworths",
    "weight": "100G",
    "prices": [
      {
        "state": "VIC",
        "price": "2400",
        "price_per_unit": "480",
        "price_unit": "G"
      },
      {
        "state": "QLD",
        "price": "2400",
        "price_per_unit": "480",
        "price_unit": "G"
      },
      {
        "state": "SA",
        "price": "2400",
        "price_per_unit": "480",
        "price_unit": "G"
      },
      {
        "state": "TAS",
        "price": "2400",
        "price_per_unit": "480",
        "price_unit": "G"
      },
      {
        "state": "ACT",
        "price": "2400",
        "price_per_unit": "480",
        "price_unit": "G"
      },
      {
        "state": "NT",
        "price": "2400",
        "price_per_unit": "480",
        "price_unit": "G"
      }
    ]
  },
  {
    "source_url": "https://www.woolworths.com.au/shop/productdetails/222401/wood-fired-coffee-organic-ground-wood-fired-organic-ground",
    "name": "Wood Fired Coffee Organic Ground 500g",
    "image_url": "https://cdn1.woolworths.media/content/wowproductimages/large/222401.jpg",
    "source_id": "Woolworths - 222401",
    "barcode": "737452898564",
    "category_id": "1_5AF3A0A",
    "shop": "Woolworths",
    "weight": "100G",
    "prices": [
      {
        "state": "VIC",
        "price": "2400",
        "price_per_unit": "480",
        "price_unit": "G"
      },
      {
        "state": "QLD",
        "price": "2400",
        "price_per_unit": "480",
        "price_unit": "G"
      },
      {
        "state": "WA",
        "price": "2400",
        "price_per_unit": "480",
        "price_unit": "G"
      },
      {
        "state": "SA",
        "price": "2400",
        "price_per_unit": "480",
        "price_unit": "G"
      },
      {
        "state": "TAS",
        "price": "2400",
        "price_per_unit": "480",
        "price_unit": "G"
      },
      {
        "state": "ACT",
        "price": "2400",
        "price_per_unit": "480",
        "price_unit": "G"
      }
    ]
  },
  {
    "source_url": "https://www.woolworths.com.au/shop/productdetails/128386/campos-roma-coffee-beans",
    "name": "Campos Roma Coffee Beans 500g",
    "image_url": "https://cdn1.woolworths.media/content/wowproductimages/large/128386.jpg",
    "source_id": "Woolworths - 128386",
    "barcode": "9331437000747",
    "category_id": "1_5AF3A0A",
    "shop": "Woolworths",
    "weight": "100G",
    "prices": [
      {
        "state": "QLD",
        "price": "3200",
        "price_per_unit": "640",
        "price_unit": "G"
      },
      {
        "state": "WA",
        "price": "3200",
        "price_per_unit": "640",
        "price_unit": "G"
      },
      {
        "state": "TAS",
        "price": "3200",
        "price_per_unit": "640",
        "price_unit": "G"
      },
      {
        "state": "ACT",
        "price": "3200",
        "price_per_unit": "640",
        "price_unit": "G"
      },
      {
        "state": "NT",
        "price": "3200",
        "price_per_unit": "640",
        "price_unit": "G"
      }
    ]
  },
  {
    "source_url": "https://www.woolworths.com.au/shop/productdetails/94146/lavazza-espresso-barista-intenso-coffee-beans",
    "name": "Lavazza Espresso Barista Intenso Coffee Beans 1kg",
    "image_url": "https://cdn1.woolworths.media/content/wowproductimages/large/094146.jpg",
    "source_id": "Woolworths - 94146",
    "barcode": "8000070038370",
    "category_id": "1_5AF3A0A",
    "shop": "Woolworths",
    "weight": "100G",
    "prices": [
      {
        "state": "QLD",
        "price": "2500",
        "price_per_unit": "250",
        "price_unit": "G"
      },
      {
        "state": "WA",
        "price": "2500",
        "price_per_unit": "250",
        "price_unit": "G"
      },
      {
        "state": "SA",
        "price": "2500",
        "price_per_unit": "250",
        "price_unit": "G"
      },
      {
        "state": "TAS",
        "price": "2500",
        "price_per_unit": "250",
        "price_unit": "G"
      },
      {
        "state": "ACT",
        "price": "2500",
        "price_per_unit": "250",
        "price_unit": "G"
      },
      {
        "state": "NT",
        "price": "2500",
        "price_per_unit": "250",
        "price_unit": "G"
      }
    ]
  },
  {
    "source_url": "https://www.woolworths.com.au/shop/productdetails/309672/lavazza-espresso-barista-organic-coffee-beans",
    "name": "Lavazza Espresso Barista Organic Coffee Beans 1kg",
    "image_url": "https://cdn1.woolworths.media/content/wowproductimages/large/309672.jpg",
    "source_id": "Woolworths - 309672",
    "barcode": "8000070067028",
    "category_id": "1_5AF3A0A",
    "shop": "Woolworths",
    "weight": "100G",
    "prices": [
      {
        "state": "QLD",
        "price": "2700",
        "price_per_unit": "270",
        "price_unit": "G"
      },
      {
        "state": "WA",
        "price": "2700",
        "price_per_unit": "270",
        "price_unit": "G"
      },
      {
        "state": "SA",
        "price": "2700",
        "price_per_unit": "270",
        "price_unit": "G"
      },
      {
        "state": "ACT",
        "price": "2700",
        "price_per_unit": "270",
        "price_unit": "G"
      },
      {
        "state": "NT",
        "price": "2700",
        "price_per_unit": "270",
        "price_unit": "G"
      }
    ]
  },
  {
    "source_url": "https://www.woolworths.com.au/shop/productdetails/754329/sacred-grounds-ola-brazil-coffee-beans",
    "name": "Sacred Grounds Ola Brazil Coffee Beans 1kg",
    "image_url": "https://cdn1.woolworths.media/content/wowproductimages/large/754329.jpg",
    "source_id": "Woolworths - 754329",
    "barcode": "9310200013122",
    "category_id": "1_5AF3A0A",
    "shop": "Woolworths",
    "weight": "100G",
    "prices": [
      {
        "state": "QLD",
        "price": "4400",
        "price_per_unit": "440",
        "price_unit": "G"
      },
      {
        "state": "SA",
        "price": "4400",
        "price_per_unit": "440",
        "price_unit": "G"
      },
      {
        "state": "ACT",
        "price": "4400",
        "price_per_unit": "440",
        "price_unit": "G"
      }
    ]
  },
  {
    "source_url": "https://www.woolworths.com.au/shop/productdetails/223759/fiori-coffee-the-holy-roller-sweet-toffee",
    "name": "Fiori Coffee The Holy Roller Sweet Toffee 250g",
    "image_url": "https://cdn1.woolworths.media/content/wowproductimages/large/223759.jpg",
    "source_id": "Woolworths - 223759",
    "barcode": "9329404009985",
    "category_id": "1_5AF3A0A",
    "shop": "Woolworths",
    "weight": "100G",
    "prices": [
      {
        "state": "WA",
        "price": "1300",
        "price_per_unit": "520",
        "price_unit": "G"
      }
    ]
  },
  {
    "source_url": "https://www.woolworths.com.au/shop/productdetails/224417/fiori-original-blend-coffee",
    "name": "Fiori Original Blend Coffee 1kg",
    "image_url": "https://cdn1.woolworths.media/content/wowproductimages/large/224417.jpg",
    "source_id": "Woolworths - 224417",
    "barcode": "9329404000845",
    "category_id": "1_5AF3A0A",
    "shop": "Woolworths",
    "weight": "100G",
    "prices": [
      {
        "state": "WA",
        "price": "4500",
        "price_per_unit": "450",
        "price_unit": "G"
      }
    ]
  },
  {
    "source_url": "https://www.woolworths.com.au/shop/productdetails/223958/fiori-original-blend-coffee",
    "name": "Fiori Original Blend Coffee 250g",
    "image_url": "https://cdn1.woolworths.media/content/wowproductimages/large/223958.jpg",
    "source_id": "Woolworths - 223958",
    "barcode": "9329404000777",
    "category_id": "1_5AF3A0A",
    "shop": "Woolworths",
    "weight": "100G",
    "prices": [
      {
        "state": "WA",
        "price": "1300",
        "price_per_unit": "520",
        "price_unit": "G"
      }
    ]
  },
  {
    "source_url": "https://www.woolworths.com.au/shop/productdetails/223894/fiori-the-excalibur-blend-coffee",
    "name": "Fiori The Excalibur Blend Coffee 250g",
    "image_url": "https://cdn1.woolworths.media/content/wowproductimages/large/223894.jpg",
    "source_id": "Woolworths - 223894",
    "barcode": "9329404009992",
    "category_id": "1_5AF3A0A",
    "shop": "Woolworths",
    "weight": "100G",
    "prices": [
      {
        "state": "WA",
        "price": "1300",
        "price_per_unit": "520",
        "price_unit": "G"
      }
    ]
  },
  {
    "source_url": "https://www.woolworths.com.au/shop/productdetails/309483/lavazza-tales-of-italy-alluring-napoli-coffee-beans",
    "name": "Lavazza Tales Of Italy Alluring Napoli Coffee Beans 500g",
    "image_url": "https://cdn1.woolworths.media/content/wowproductimages/large/309483.jpg",
    "source_id": "Woolworths - 309483",
    "barcode": "8000070069169",
    "category_id": "1_5AF3A0A",
    "shop": "Woolworths",
    "weight": "100G",
    "prices": [
      {
        "state": "WA",
        "price": "2900",
        "price_per_unit": "580",
        "price_unit": "G"
      },
      {
        "state": "SA",
        "price": "2900",
        "price_per_unit": "580",
        "price_unit": "G"
      },
      {
        "state": "TAS",
        "price": "2900",
        "price_per_unit": "580",
        "price_unit": "G"
      }
    ]
  },
  {
    "source_url": "https://www.woolworths.com.au/shop/productdetails/955399/cucina-classica-crema-coffee-beans",
    "name": "Cucina Classica Crema Coffee Beans 500g",
    "image_url": "https://cdn1.woolworths.media/content/wowproductimages/large/955399.jpg",
    "source_id": "Woolworths - 955399",
    "barcode": "9345682001664",
    "category_id": "1_5AF3A0A",
    "shop": "Woolworths",
    "weight": "100G",
    "prices": [
      {
        "state": "SA",
        "price": "1890",
        "price_per_unit": "378",
        "price_unit": "G"
      },
      {
        "state": "NT",
        "price": "1890",
        "price_per_unit": "378",
        "price_unit": "G"
      }
    ]
  },
  {
    "source_url": "https://www.woolworths.com.au/shop/productdetails/955397/cucina-classica-espresso-coffee-beans",
    "name": "Cucina Classica Espresso Coffee Beans 500g",
    "image_url": "https://cdn1.woolworths.media/content/wowproductimages/large/955397.jpg",
    "source_id": "Woolworths - 955397",
    "barcode": "9345682001497",
    "category_id": "1_5AF3A0A",
    "shop": "Woolworths",
    "weight": "100G",
    "prices": [
      {
        "state": "SA",
        "price": "1890",
        "price_per_unit": "378",
        "price_unit": "G"
      },
      {
        "state": "NT",
        "price": "1890",
        "price_per_unit": "378",
        "price_unit": "G"
      }
    ]
  },
  {
    "source_url": "https://www.woolworths.com.au/shop/productdetails/958004/tasmanian-coffee-roasters-coffee-beans-colombian-gold",
    "name": "Tasmanian Coffee Roasters Coffee Beans Colombian Gold 1kg",
    "image_url": "https://cdn1.woolworths.media/content/wowproductimages/large/958004.jpg",
    "source_id": "Woolworths - 958004",
    "barcode": "9323294000343",
    "category_id": "1_5AF3A0A",
    "shop": "Woolworths",
    "weight": "100G",
    "prices": [
      {
        "state": "TAS",
        "price": "4200",
        "price_per_unit": "420",
        "price_unit": "G"
      }
    ]
  },
  {
    "source_url": "https://www.woolworths.com.au/shop/productdetails/362272/tasmanian-coffee-roasters-coffee-beans-colombian-gold-columbian-gold",
    "name": "Tasmanian Coffee Roasters Coffee Beans Colombian Gold Columbian Gold 250g",
    "image_url": "https://cdn1.woolworths.media/content/wowproductimages/large/362272.jpg",
    "source_id": "Woolworths - 362272",
    "barcode": "9323294000220",
    "category_id": "1_5AF3A0A",
    "shop": "Woolworths",
    "weight": "100G",
    "prices": [
      {
        "state": "TAS",
        "price": "1050",
        "price_per_unit": "420",
        "price_unit": "G"
      }
    ]
  },
  {
    "source_url": "https://www.woolworths.com.au/shop/productdetails/362271/tasmanian-coffee-roasters-coffee-beans-rich-asmara-rich-asmara",
    "name": "Tasmanian Coffee Roasters Coffee Beans Rich Asmara Rich Asmara 250g",
    "image_url": "https://cdn1.woolworths.media/content/wowproductimages/large/362271.jpg",
    "source_id": "Woolworths - 362271",
    "barcode": "9323294000213",
    "category_id": "1_5AF3A0A",
    "shop": "Woolworths",
    "weight": "100G",
    "prices": [
      {
        "state": "TAS",
        "price": "1050",
        "price_per_unit": "420",
        "price_unit": "G"
      }
    ]
  },
  {
    "source_url": "https://www.woolworths.com.au/shop/productdetails/424700/macro-coffee-beans-peruvian-dark",
    "name": "Macro Coffee Beans Peruvian Dark 1kg",
    "image_url": "https://cdn1.woolworths.media/content/wowproductimages/large/424700.jpg",
    "source_id": "Woolworths - 424700",
    "barcode": "9300633532918",
    "category_id": "1_5AF3A0A",
    "shop": "Woolworths",
    "weight": "100G",
    "prices": [
      {
        "state": "NT",
        "price": "2900",
        "price_per_unit": "290",
        "price_unit": "G"
      }
    ]
  }
]