[
  {
    "source_url": "https://www.woolworths.com.au/shop/productdetails/878584/alka-power-alkaline-spring-water",
    "name": "Alka Power Alkaline Spring Water 10l",
    "image_url": "https://cdn1.woolworths.media/content/wowproductimages/large/878584.jpg",
    "source_id": "Woolworths - 878584",
    "barcode": "9352271000007",
    "category_id": "1_5AF3A0A",
    "shop": "Woolworths",
    "weight": "1L",
    "prices": [
      {
        "state": "NSW",
        "price": "1650",
        "price_per_unit": "165",
        "price_unit": "L"
      },
      {
        "state": "VIC",
        "price": "1650",
        "price_per_unit": "165",
        "price_unit": "L"
      },
      {
        "state": "QLD",
        "price": "1650",
        "price_per_unit": "165",
        "price_unit": "L"
      },
      {
        "state": "WA",
        "price": "1650",
        "price_per_unit": "165",
        "price_unit": "L"
      },
      {
        "state": "SA",
        "price": "1650",
        "price_per_unit": "165",
        "price_unit": "L"
      },
      {
        "state": "TAS",
        "price": "1650",
        "price_per_unit": "165",
        "price_unit": "L"
      },
      {
        "state": "ACT",
        "price": "1650",
        "price_per_unit": "165",
        "price_unit": "L"
      },
      {
        "state": "NT",
        "price": "1650",
        "price_per_unit": "165",
        "price_unit": "L"
      }
    ]
  },
  {
    "source_url": "https://www.woolworths.com.au/shop/productdetails/507997/alka-power-alkaline-water",
    "name": "Alka Power Alkaline Water 1.5l Bottle",
    "image_url": "https://cdn1.woolworths.media/content/wowproductimages/large/507997.jpg",
    "source_id": "Woolworths - 507997",
    "barcode": "9315858520015",
    "category_id": "1_5AF3A0A",
    "shop": "Woolworths",
    "weight": "1L",
    "prices": [
      {
        "state": "NSW",
        "price": "350",
        "price_per_unit": "233",
        "price_unit": "L"
      },
      {
        "state": "VIC",
        "price": "350",
        "price_per_unit": "233",
        "price_unit": "L"
      },
      {
        "state": "QLD",
        "price": "350",
        "price_per_unit": "233",
        "price_unit": "L"
      },
      {
        "state": "WA",
        "price": "350",
        "price_per_unit": "233",
        "price_unit": "L"
      },
      {
        "state": "SA",
        "price": "350",
        "price_per_unit": "233",
        "price_unit": "L"
      },
      {
        "state": "TAS",
        "price": "350",
        "price_per_unit": "233",
        "price_unit": "L"
      },
      {
        "state": "ACT",
        "price": "350",
        "price_per_unit": "233",
        "price_unit": "L"
      },
      {
        "state": "NT",
        "price": "350",
        "price_per_unit": "233",
        "price_unit": "L"
      }
    ]
  },
  {
    "source_url": "https://www.woolworths.com.au/shop/productdetails/222419/alka-power-ph9-10-alkaline-water",
    "name": "Alka Power Ph9-10 Alkaline Water 12 x600ml",
    "image_url": "https://cdn1.woolworths.media/content/wowproductimages/large/222419.jpg",
    "source_id": "Woolworths - 222419",
    "barcode": "9352271000397",
    "category_id": "1_5AF3A0A",
    "shop": "Woolworths",
    "weight": "1L",
    "prices": [
      {
        "state": "NSW",
        "price": "1650",
        "price_per_unit": "229",
        "price_unit": "L"
      },
      {
        "state": "VIC",
        "price": "1500",
        "price_per_unit": "208",
        "price_unit": "L"
      },
      {
        "state": "QLD",
        "price": "1650",
        "price_per_unit": "229",
        "price_unit": "L"
      },
      {
        "state": "WA",
        "price": "1650",
        "price_per_unit": "229",
        "price_unit": "L"
      },
      {
        "state": "SA",
        "price": "1650",
        "price_per_unit": "229",
        "price_unit": "L"
      },
      {
        "state": "TAS",
        "price": "1650",
        "price_per_unit": "229",
        "price_unit": "L"
      },
      {
        "state": "ACT",
        "price": "1650",
        "price_per_unit": "229",
        "price_unit": "L"
      },
      {
        "state": "NT",
        "price": "1650",
        "price_per_unit": "229",
        "price_unit": "L"
      }
    ]
  },
  {
    "source_url": "https://www.woolworths.com.au/shop/productdetails/170011/australian-mountain-waters-natural-spring-water",
    "name": "Australian Mountain Waters Natural Spring Water 10l",
    "image_url": "https://cdn1.woolworths.media/content/wowproductimages/large/170011.jpg",
    "source_id": "Woolworths - 170011",
    "barcode": "12100001700116",
    "category_id": "1_5AF3A0A",
    "shop": "Woolworths",
    "weight": "1L",
    "prices": [
      {
        "state": "NSW",
        "price": "640",
        "price_per_unit": "64",
        "price_unit": "L"
      },
      {
        "state": "VIC",
        "price": "640",
        "price_per_unit": "64",
        "price_unit": "L"
      },
      {
        "state": "QLD",
        "price": "640",
        "price_per_unit": "64",
        "price_unit": "L"
      },
      {
        "state": "TAS",
        "price": "610",
        "price_per_unit": "61",
        "price_unit": "L"
      },
      {
        "state": "ACT",
        "price": "640",
        "price_per_unit": "64",
        "price_unit": "L"
      }
    ]
  },
  {
    "source_url": "https://www.woolworths.com.au/shop/productdetails/724514/cocobella-coconut-water-straight-up",
    "name": "Cocobella Coconut Water Straight Up 1l",
    "image_url": "https://cdn1.woolworths.media/content/wowproductimages/large/724514.jpg",
    "source_id": "Woolworths - 724514",
    "barcode": "9336243003166",
    "category_id": "1_5AF3A0A",
    "shop": "Woolworths",
    "weight": "1L",
    "prices": [
      {
        "state": "NSW",
        "price": "275",
        "price_per_unit": "275",
        "price_unit": "L"
      },
      {
        "state": "VIC",
        "price": "275",
        "price_per_unit": "275",
        "price_unit": "L"
      },
      {
        "state": "QLD",
        "price": "275",
        "price_per_unit": "275",
        "price_unit": "L"
      },
      {
        "state": "WA",
        "price": "275",
        "price_per_unit": "275",
        "price_unit": "L"
      },
      {
        "state": "SA",
        "price": "275",
        "price_per_unit": "275",
        "price_unit": "L"
      },
      {
        "state": "TAS",
        "price": "275",
        "price_per_unit": "275",
        "price_unit": "L"
      },
      {
        "state": "ACT",
        "price": "275",
        "price_per_unit": "275",
        "price_unit": "L"
      },
      {
        "state": "NT",
        "price": "275",
        "price_per_unit": "275",
        "price_unit": "L"
      }
    ]
  },
  {
    "source_url": "https://www.woolworths.com.au/shop/productdetails/799788/cococoast-natural-coconut-water-lychee",
    "name": "Cococoast Natural Coconut Water Lychee 500ml",
    "image_url": "https://cdn1.woolworths.media/content/wowproductimages/large/799788.jpg",
    "source_id": "Woolworths - 799788",
    "barcode": "9351908000007",
    "category_id": "1_5AF3A0A",
    "shop": "Woolworths",
    "weight": "1L",
    "prices": [
      {
        "state": "NSW",
        "price": "250",
        "price_per_unit": "500",
        "price_unit": "L"
      },
      {
        "state": "VIC",
        "price": "250",
        "price_per_unit": "500",
        "price_unit": "L"
      },
      {
        "state": "WA",
        "price": "260",
        "price_per_unit": "520",
        "price_unit": "L"
      },
      {
        "state": "SA",
        "price": "250",
        "price_per_unit": "500",
        "price_unit": "L"
      },
      {
        "state": "TAS",
        "price": "250",
        "price_per_unit": "500",
        "price_unit": "L"
      },
      {
        "state": "ACT",
        "price": "250",
        "price_per_unit": "500",
        "price_unit": "L"
      },
      {
        "state": "NT",
        "price": "275",
        "price_per_unit": "550",
        "price_unit": "L"
      }
    ]
  },
  {
    "source_url": "https://www.woolworths.com.au/shop/productdetails/799842/cococoast-natural-coconut-water-passionfruit",
    "name": "Cococoast Natural Coconut Water Passionfruit 500ml",
    "image_url": "https://cdn1.woolworths.media/content/wowproductimages/large/799842.jpg",
    "source_id": "Woolworths - 799842",
    "barcode": "9369999072278",
    "category_id": "1_5AF3A0A",
    "shop": "Woolworths",
    "weight": "1L",
    "prices": [
      {
        "state": "NSW",
        "price": "250",
        "price_per_unit": "500",
        "price_unit": "L"
      },
      {
        "state": "VIC",
        "price": "250",
        "price_per_unit": "500",
        "price_unit": "L"
      },
      {
        "state": "WA",
        "price": "260",
        "price_per_unit": "520",
        "price_unit": "L"
      },
      {
        "state": "SA",
        "price": "250",
        "price_per_unit": "500",
        "price_unit": "L"
      },
      {
        "state": "ACT",
        "price": "250",
        "price_per_unit": "500",
        "price_unit": "L"
      },
      {
        "state": "NT",
        "price": "275",
        "price_per_unit": "550",
        "price_unit": "L"
      }
    ]
  },
  {
    "source_url": "https://www.woolworths.com.au/shop/productdetails/839502/cococoast-natural-coconut-water-pure",
    "name": "Cococoast Natural Coconut Water Pure 500ml",
    "image_url": "https://cdn1.woolworths.media/content/wowproductimages/large/839502.jpg",
    "source_id": "Woolworths - 839502",
    "barcode": "9369999312220",
    "category_id": "1_5AF3A0A",
    "shop": "Woolworths",
    "weight": "1L",
    "prices": [
      {
        "state": "NSW",
        "price": "250",
        "price_per_unit": "500",
        "price_unit": "L"
      },
      {
        "state": "VIC",
        "price": "250",
        "price_per_unit": "500",
        "price_unit": "L"
      },
      {
        "state": "SA",
        "price": "250",
        "price_per_unit": "500",
        "price_unit": "L"
      },
      {
        "state": "TAS",
        "price": "250",
        "price_per_unit": "500",
        "price_unit": "L"
      },
      {
        "state": "ACT",
        "price": "250",
        "price_per_unit": "500",
        "price_unit": "L"
      },
      {
        "state": "NT",
        "price": "275",
        "price_per_unit": "550",
        "price_unit": "L"
      }
    ]
  },
  {
    "source_url": "https://www.woolworths.com.au/shop/productdetails/546698/cool-ridge-still-spring-water-bottle-with-cap-australian-100-recycled",
    "name": "Cool Ridge Still Spring Water Bottle With Cap Australian 100% Recycled 750mL",
    "image_url": "https://cdn1.woolworths.media/content/wowproductimages/large/546698.jpg",
    "source_id": "Woolworths - 546698",
    "barcode": "9315596004976",
    "category_id": "1_5AF3A0A",
    "shop": "Woolworths",
    "weight": "1L",
    "prices": [
      {
        "state": "NSW",
        "price": "300",
        "price_per_unit": "400",
        "price_unit": "L"
      },
      {
        "state": "VIC",
        "price": "300",
        "price_per_unit": "400",
        "price_unit": "L"
      },
      {
        "state": "QLD",
        "price": "300",
        "price_per_unit": "400",
        "price_unit": "L"
      },
      {
        "state": "WA",
        "price": "300",
        "price_per_unit": "400",
        "price_unit": "L"
      },
      {
        "state": "SA",
        "price": "300",
        "price_per_unit": "400",
        "price_unit": "L"
      },
      {
        "state": "TAS",
        "price": "300",
        "price_per_unit": "400",
        "price_unit": "L"
      },
      {
        "state": "ACT",
        "price": "300",
        "price_per_unit": "400",
        "price_unit": "L"
      },
      {
        "state": "NT",
        "price": "300",
        "price_per_unit": "400",
        "price_unit": "L"
      }
    ]
  },
  {
    "source_url": "https://www.woolworths.com.au/shop/productdetails/219582/frantelle-australian-still-spring-water-bottles-multipack",
    "name": "Frantelle Australian Still Spring Water Bottles Multipack 600ml x 24 Pack",
    "image_url": "https://cdn1.woolworths.media/content/wowproductimages/large/219582.jpg",
    "source_id": "Woolworths - 219582",
    "barcode": "9315626022048",
    "category_id": "1_5AF3A0A",
    "shop": "Woolworths",
    "weight": "1L",
    "prices": [
      {
        "state": "NSW",
        "price": "1840",
        "price_per_unit": "128",
        "price_unit": "L"
      },
      {
        "state": "VIC",
        "price": "1840",
        "price_per_unit": "128",
        "price_unit": "L"
      },
      {
        "state": "QLD",
        "price": "1840",
        "price_per_unit": "128",
        "price_unit": "L"
      },
      {
        "state": "WA",
        "price": "1840",
        "price_per_unit": "128",
        "price_unit": "L"
      },
      {
        "state": "SA",
        "price": "1840",
        "price_per_unit": "128",
        "price_unit": "L"
      },
      {
        "state": "TAS",
        "price": "1540",
        "price_per_unit": "107",
        "price_unit": "L"
      },
      {
        "state": "NT",
        "price": "1840",
        "price_per_unit": "128",
        "price_unit": "L"
      }
    ]
  },
  {
    "source_url": "https://www.woolworths.com.au/shop/productdetails/594960/gatorade-g-active-sports-drinks-berry-water-electrolytes-vitamins",
    "name": "Gatorade G Active Sports Drinks Berry Water Electrolytes & Vitamins 600ml",
    "image_url": "https://cdn1.woolworths.media/content/wowproductimages/large/594960.jpg",
    "source_id": "Woolworths - 594960",
    "barcode": "9310640000881",
    "category_id": "1_5AF3A0A",
    "shop": "Woolworths",
    "weight": "1L",
    "prices": [
      {
        "state": "NSW",
        "price": "400",
        "price_per_unit": "667",
        "price_unit": "L"
      },
      {
        "state": "VIC",
        "price": "400",
        "price_per_unit": "667",
        "price_unit": "L"
      },
      {
        "state": "QLD",
        "price": "400",
        "price_per_unit": "667",
        "price_unit": "L"
      },
      {
        "state": "WA",
        "price": "400",
        "price_per_unit": "667",
        "price_unit": "L"
      },
      {
        "state": "SA",
        "price": "400",
        "price_per_unit": "667",
        "price_unit": "L"
      },
      {
        "state": "TAS",
        "price": "385",
        "price_per_unit": "642",
        "price_unit": "L"
      },
      {
        "state": "ACT",
        "price": "400",
        "price_per_unit": "667",
        "price_unit": "L"
      },
      {
        "state": "NT",
        "price": "400",
        "price_per_unit": "667",
        "price_unit": "L"
      }
    ]
  },
  {
    "source_url": "https://www.woolworths.com.au/shop/productdetails/173487/gatorade-g-active-sports-drinks-grape-water-electrolytes-vitamins",
    "name": "Gatorade G Active Sports Drinks Grape Water Electrolytes & Vitamins 600ml",
    "image_url": "https://cdn1.woolworths.media/content/wowproductimages/large/173487.jpg",
    "source_id": "Woolworths - 173487",
    "barcode": "9310640001079",
    "category_id": "1_5AF3A0A",
    "shop": "Woolworths",
    "weight": "1L",
    "prices": [
      {
        "state": "NSW",
        "price": "400",
        "price_per_unit": "667",
        "price_unit": "L"
      },
      {
        "state": "VIC",
        "price": "400",
        "price_per_unit": "667",
        "price_unit": "L"
      },
      {
        "state": "QLD",
        "price": "400",
        "price_per_unit": "667",
        "price_unit": "L"
      },
      {
        "state": "WA",
        "price": "400",
        "price_per_unit": "667",
        "price_unit": "L"
      },
      {
        "state": "SA",
        "price": "400",
        "price_per_unit": "667",
        "price_unit": "L"
      },
      {
        "state": "TAS",
        "price": "385",
        "price_per_unit": "642",
        "price_unit": "L"
      },
      {
        "state": "ACT",
        "price": "400",
        "price_per_unit": "667",
        "price_unit": "L"
      },
      {
        "state": "NT",
        "price": "400",
        "price_per_unit": "667",
        "price_unit": "L"
      }
    ]
  },
  {
    "source_url": "https://www.woolworths.com.au/shop/productdetails/786195/h2coco-100-natural-pure-coconut-water",
    "name": "H2Coco 100% Natural Pure Coconut Water 1l",
    "image_url": "https://cdn1.woolworths.media/content/wowproductimages/large/786195.jpg",
    "source_id": "Woolworths - 786195",
    "barcode": "9339655002178",
    "category_id": "1_5AF3A0A",
    "shop": "Woolworths",
    "weight": "1L",
    "prices": [
      {
        "state": "NSW",
        "price": "400",
        "price_per_unit": "400",
        "price_unit": "L"
      },
      {
        "state": "VIC",
        "price": "400",
        "price_per_unit": "400",
        "price_unit": "L"
      },
      {
        "state": "QLD",
        "price": "400",
        "price_per_unit": "400",
        "price_unit": "L"
      },
      {
        "state": "WA",
        "price": "400",
        "price_per_unit": "400",
        "price_unit": "L"
      },
      {
        "state": "SA",
        "price": "400",
        "price_per_unit": "400",
        "price_unit": "L"
      },
      {
        "state": "TAS",
        "price": "400",
        "price_per_unit": "400",
        "price_unit": "L"
      },
      {
        "state": "ACT",
        "price": "400",
        "price_per_unit": "400",
        "price_unit": "L"
      },
      {
        "state": "NT",
        "price": "400",
        "price_per_unit": "400",
        "price_unit": "L"
      }
    ]
  },
  {
    "source_url": "https://www.woolworths.com.au/shop/productdetails/172439/h2coco-pure-coconut-water",
    "name": "H2Coco Pure Coconut Water 2l",
    "image_url": "https://cdn1.woolworths.media/content/wowproductimages/large/172439.jpg",
    "source_id": "Woolworths - 172439",
    "barcode": "9339655002437",
    "category_id": "1_5AF3A0A",
    "shop": "Woolworths",
    "weight": "1L",
    "prices": [
      {
        "state": "NSW",
        "price": "600",
        "price_per_unit": "300",
        "price_unit": "L"
      },
      {
        "state": "VIC",
        "price": "600",
        "price_per_unit": "300",
        "price_unit": "L"
      },
      {
        "state": "QLD",
        "price": "600",
        "price_per_unit": "300",
        "price_unit": "L"
      },
      {
        "state": "WA",
        "price": "600",
        "price_per_unit": "300",
        "price_unit": "L"
      },
      {
        "state": "SA",
        "price": "600",
        "price_per_unit": "300",
        "price_unit": "L"
      },
      {
        "state": "TAS",
        "price": "600",
        "price_per_unit": "300",
        "price_unit": "L"
      },
      {
        "state": "ACT",
        "price": "600",
        "price_per_unit": "300",
        "price_unit": "L"
      },
      {
        "state": "NT",
        "price": "600",
        "price_per_unit": "300",
        "price_unit": "L"
      }
    ]
  },
  {
    "source_url": "https://www.woolworths.com.au/shop/productdetails/545902/liquid-death-mango-chainsaw-flavoured-sparkling-water",
    "name": "Liquid Death Mango Chainsaw Flavoured Sparkling Water 500mL",
    "image_url": "https://cdn1.woolworths.media/content/wowproductimages/large/545902.jpg",
    "source_id": "Woolworths - 545902",
    "barcode": "850031700727",
    "category_id": "1_5AF3A0A",
    "shop": "Woolworths",
    "weight": "1L",
    "prices": [
      {
        "state": "NSW",
        "price": "450",
        "price_per_unit": "900",
        "price_unit": "L"
      },
      {
        "state": "VIC",
        "price": "450",
        "price_per_unit": "900",
        "price_unit": "L"
      },
      {
        "state": "QLD",
        "price": "450",
        "price_per_unit": "900",
        "price_unit": "L"
      },
      {
        "state": "WA",
        "price": "450",
        "price_per_unit": "900",
        "price_unit": "L"
      },
      {
        "state": "SA",
        "price": "450",
        "price_per_unit": "900",
        "price_unit": "L"
      },
      {
        "state": "ACT",
        "price": "450",
        "price_per_unit": "900",
        "price_unit": "L"
      },
      {
        "state": "NT",
        "price": "450",
        "price_per_unit": "900",
        "price_unit": "L"
      }
    ]
  },
  {
    "source_url": "https://www.woolworths.com.au/shop/productdetails/528879/liquid-death-mountain-water",
    "name": "Liquid Death Mountain Water 500mL",
    "image_url": "https://cdn1.woolworths.media/content/wowproductimages/large/528879.jpg",
    "source_id": "Woolworths - 528879",
    "barcode": "850031700680",
    "category_id": "1_5AF3A0A",
    "shop": "Woolworths",
    "weight": "1L",
    "prices": [
      {
        "state": "NSW",
        "price": "450",
        "price_per_unit": "900",
        "price_unit": "L"
      },
      {
        "state": "VIC",
        "price": "450",
        "price_per_unit": "900",
        "price_unit": "L"
      },
      {
        "state": "QLD",
        "price": "450",
        "price_per_unit": "900",
        "price_unit": "L"
      },
      {
        "state": "WA",
        "price": "450",
        "price_per_unit": "900",
        "price_unit": "L"
      },
      {
        "state": "SA",
        "price": "450",
        "price_per_unit": "900",
        "price_unit": "L"
      },
      {
        "state": "ACT",
        "price": "450",
        "price_per_unit": "900",
        "price_unit": "L"
      },
      {
        "state": "NT",
        "price": "450",
        "price_per_unit": "900",
        "price_unit": "L"
      }
    ]
  },
  {
    "source_url": "https://www.woolworths.com.au/shop/productdetails/513467/liquid-death-severed-lime-sparkling-water",
    "name": "Liquid Death Severed Lime Sparkling Water 500mL",
    "image_url": "https://cdn1.woolworths.media/content/wowproductimages/large/513467.jpg",
    "source_id": "Woolworths - 513467",
    "barcode": "850031700703",
    "category_id": "1_5AF3A0A",
    "shop": "Woolworths",
    "weight": "1L",
    "prices": [
      {
        "state": "NSW",
        "price": "450",
        "price_per_unit": "900",
        "price_unit": "L"
      },
      {
        "state": "VIC",
        "price": "450",
        "price_per_unit": "900",
        "price_unit": "L"
      },
      {
        "state": "QLD",
        "price": "450",
        "price_per_unit": "900",
        "price_unit": "L"
      },
      {
        "state": "WA",
        "price": "450",
        "price_per_unit": "900",
        "price_unit": "L"
      },
      {
        "state": "SA",
        "price": "450",
        "price_per_unit": "900",
        "price_unit": "L"
      },
      {
        "state": "ACT",
        "price": "450",
        "price_per_unit": "900",
        "price_unit": "L"
      },
      {
        "state": "NT",
        "price": "450",
        "price_per_unit": "900",
        "price_unit": "L"
      }
    ]
  },
  {
    "source_url": "https://www.woolworths.com.au/shop/productdetails/113395/moore-s-ultra-pure-still-water",
    "name": "Moore's Ultra Pure Still Water 5l",
    "image_url": "https://cdn1.woolworths.media/content/wowproductimages/large/113395.jpg",
    "source_id": "Woolworths - 113395",
    "barcode": "9313270008258",
    "category_id": "1_5AF3A0A",
    "shop": "Woolworths",
    "weight": "1L",
    "prices": [
      {
        "state": "NSW",
        "price": "500",
        "price_per_unit": "100",
        "price_unit": "L"
      },
      {
        "state": "VIC",
        "price": "475",
        "price_per_unit": "95",
        "price_unit": "L"
      },
      {
        "state": "QLD",
        "price": "475",
        "price_per_unit": "95",
        "price_unit": "L"
      },
      {
        "state": "ACT",
        "price": "500",
        "price_per_unit": "100",
        "price_unit": "L"
      }
    ]
  },
  {
    "source_url": "https://www.woolworths.com.au/shop/productdetails/333023/mount-franklin-lightly-sparkling-water",
    "name": "Mount Franklin Lightly Sparkling Water 450ml",
    "image_url": "https://cdn1.woolworths.media/content/wowproductimages/large/333023.jpg",
    "source_id": "Woolworths - 333023",
    "barcode": "9300624017523",
    "category_id": "1_5AF3A0A",
    "shop": "Woolworths",
    "weight": "1L",
    "prices": [
      {
        "state": "NSW",
        "price": "310",
        "price_per_unit": "689",
        "price_unit": "L"
      },
      {
        "state": "VIC",
        "price": "310",
        "price_per_unit": "689",
        "price_unit": "L"
      },
      {
        "state": "QLD",
        "price": "310",
        "price_per_unit": "689",
        "price_unit": "L"
      },
      {
        "state": "WA",
        "price": "310",
        "price_per_unit": "689",
        "price_unit": "L"
      },
      {
        "state": "SA",
        "price": "310",
        "price_per_unit": "689",
        "price_unit": "L"
      },
      {
        "state": "TAS",
        "price": "300",
        "price_per_unit": "667",
        "price_unit": "L"
      },
      {
        "state": "ACT",
        "price": "310",
        "price_per_unit": "689",
        "price_unit": "L"
      },
      {
        "state": "NT",
        "price": "310",
        "price_per_unit": "689",
        "price_unit": "L"
      }
    ]
  },
  {
    "source_url": "https://www.woolworths.com.au/shop/productdetails/760280/mount-franklin-mineral-water-lightly-sparkling-lime-bottle",
    "name": "Mount Franklin Mineral Water Lightly Sparkling Lime Bottle 450ml",
    "image_url": "https://cdn1.woolworths.media/content/wowproductimages/large/760280.jpg",
    "source_id": "Woolworths - 760280",
    "barcode": "9300624022589",
    "category_id": "1_5AF3A0A",
    "shop": "Woolworths",
    "weight": "1L",
    "prices": [
      {
        "state": "NSW",
        "price": "310",
        "price_per_unit": "689",
        "price_unit": "L"
      },
      {
        "state": "VIC",
        "price": "310",
        "price_per_unit": "689",
        "price_unit": "L"
      },
      {
        "state": "QLD",
        "price": "310",
        "price_per_unit": "689",
        "price_unit": "L"
      },
      {
        "state": "WA",
        "price": "310",
        "price_per_unit": "689",
        "price_unit": "L"
      },
      {
        "state": "SA",
        "price": "310",
        "price_per_unit": "689",
        "price_unit": "L"
      },
      {
        "state": "TAS",
        "price": "300",
        "price_per_unit": "667",
        "price_unit": "L"
      },
      {
        "state": "ACT",
        "price": "310",
        "price_per_unit": "689",
        "price_unit": "L"
      },
      {
        "state": "NT",
        "price": "310",
        "price_per_unit": "689",
        "price_unit": "L"
      }
    ]
  },
  {
    "source_url": "https://www.woolworths.com.au/shop/productdetails/15917/mount-franklin-spring-water-bottle",
    "name": "Mount Franklin Spring Water Bottle 1.5l",
    "image_url": "https://cdn1.woolworths.media/content/wowproductimages/large/015917.jpg",
    "source_id": "Woolworths - 15917",
    "barcode": "9300624364061",
    "category_id": "1_5AF3A0A",
    "shop": "Woolworths",
    "weight": "1L",
    "prices": [
      {
        "state": "NSW",
        "price": "310",
        "price_per_unit": "207",
        "price_unit": "L"
      },
      {
        "state": "VIC",
        "price": "310",
        "price_per_unit": "207",
        "price_unit": "L"
      },
      {
        "state": "QLD",
        "price": "310",
        "price_per_unit": "207",
        "price_unit": "L"
      },
      {
        "state": "WA",
        "price": "310",
        "price_per_unit": "207",
        "price_unit": "L"
      },
      {
        "state": "SA",
        "price": "310",
        "price_per_unit": "207",
        "price_unit": "L"
      },
      {
        "state": "NT",
        "price": "330",
        "price_per_unit": "220",
        "price_unit": "L"
      }
    ]
  },
  {
    "source_url": "https://www.woolworths.com.au/shop/productdetails/45533/mount-franklin-spring-water-bottle",
    "name": "Mount Franklin Spring Water Bottle 600ml",
    "image_url": "https://cdn1.woolworths.media/content/wowproductimages/large/045533.jpg",
    "source_id": "Woolworths - 45533",
    "barcode": "9300624005377",
    "category_id": "1_5AF3A0A",
    "shop": "Woolworths",
    "weight": "1L",
    "prices": [
      {
        "state": "NSW",
        "price": "230",
        "price_per_unit": "383",
        "price_unit": "L"
      },
      {
        "state": "VIC",
        "price": "230",
        "price_per_unit": "383",
        "price_unit": "L"
      },
      {
        "state": "QLD",
        "price": "230",
        "price_per_unit": "383",
        "price_unit": "L"
      },
      {
        "state": "WA",
        "price": "230",
        "price_per_unit": "383",
        "price_unit": "L"
      },
      {
        "state": "SA",
        "price": "230",
        "price_per_unit": "383",
        "price_unit": "L"
      },
      {
        "state": "TAS",
        "price": "225",
        "price_per_unit": "375",
        "price_unit": "L"
      },
      {
        "state": "ACT",
        "price": "230",
        "price_per_unit": "383",
        "price_unit": "L"
      },
      {
        "state": "NT",
        "price": "230",
        "price_per_unit": "383",
        "price_unit": "L"
      }
    ]
  },
  {
    "source_url": "https://www.woolworths.com.au/shop/productdetails/81274/nu-pure-still-spring-water",
    "name": "Nu Pure Still Spring Water 20x600ml",
    "image_url": "https://cdn1.woolworths.media/content/wowproductimages/large/081274.jpg",
    "source_id": "Woolworths - 81274",
    "barcode": "9335388001785",
    "category_id": "1_5AF3A0A",
    "shop": "Woolworths",
    "weight": "1L",
    "prices": [
      {
        "state": "NSW",
        "price": "1050",
        "price_per_unit": "88",
        "price_unit": "L"
      },
      {
        "state": "VIC",
        "price": "1050",
        "price_per_unit": "88",
        "price_unit": "L"
      },
      {
        "state": "QLD",
        "price": "1050",
        "price_per_unit": "88",
        "price_unit": "L"
      },
      {
        "state": "WA",
        "price": "1050",
        "price_per_unit": "88",
        "price_unit": "L"
      },
      {
        "state": "SA",
        "price": "1050",
        "price_per_unit": "88",
        "price_unit": "L"
      },
      {
        "state": "ACT",
        "price": "1050",
        "price_per_unit": "88",
        "price_unit": "L"
      },
      {
        "state": "NT",
        "price": "1050",
        "price_per_unit": "88",
        "price_unit": "L"
      }
    ]
  },
  {
    "source_url": "https://www.woolworths.com.au/shop/productdetails/109915/nu-pure-still-spring-water",
    "name": "Nu Pure Still Spring Water 600ml",
    "image_url": "https://cdn1.woolworths.media/content/wowproductimages/large/109915.jpg",
    "source_id": "Woolworths - 109915",
    "barcode": "9335388001884",
    "category_id": "1_5AF3A0A",
    "shop": "Woolworths",
    "weight": "1L",
    "prices": [
      {
        "state": "NSW",
        "price": "125",
        "price_per_unit": "208",
        "price_unit": "L"
      },
      {
        "state": "VIC",
        "price": "125",
        "price_per_unit": "208",
        "price_unit": "L"
      },
      {
        "state": "QLD",
        "price": "125",
        "price_per_unit": "208",
        "price_unit": "L"
      },
      {
        "state": "WA",
        "price": "125",
        "price_per_unit": "208",
        "price_unit": "L"
      },
      {
        "state": "SA",
        "price": "125",
        "price_per_unit": "208",
        "price_unit": "L"
      },
      {
        "state": "TAS",
        "price": "110",
        "price_per_unit": "183",
        "price_unit": "L"
      },
      {
        "state": "ACT",
        "price": "125",
        "price_per_unit": "208",
        "price_unit": "L"
      },
      {
        "state": "NT",
        "price": "125",
        "price_per_unit": "208",
        "price_unit": "L"
      }
    ]
  },
  {
    "source_url": "https://www.woolworths.com.au/shop/productdetails/51557/powerade-active-water-apple-peach-sports-drink-sipper-cap",
    "name": "Powerade Active Water Apple & Peach Sports Drink Sipper Cap 600ml",
    "image_url": "https://cdn1.woolworths.media/content/wowproductimages/large/051557.jpg",
    "source_id": "Woolworths - 51557",
    "barcode": "9300675087902",
    "category_id": "1_5AF3A0A",
    "shop": "Woolworths",
    "weight": "1L",
    "prices": [
      {
        "state": "NSW",
        "price": "420",
        "price_per_unit": "700",
        "price_unit": "L"
      },
      {
        "state": "VIC",
        "price": "420",
        "price_per_unit": "700",
        "price_unit": "L"
      },
      {
        "state": "QLD",
        "price": "420",
        "price_per_unit": "700",
        "price_unit": "L"
      },
      {
        "state": "WA",
        "price": "420",
        "price_per_unit": "700",
        "price_unit": "L"
      },
      {
        "state": "SA",
        "price": "420",
        "price_per_unit": "700",
        "price_unit": "L"
      },
      {
        "state": "TAS",
        "price": "410",
        "price_per_unit": "683",
        "price_unit": "L"
      },
      {
        "state": "ACT",
        "price": "420",
        "price_per_unit": "700",
        "price_unit": "L"
      },
      {
        "state": "NT",
        "price": "445",
        "price_per_unit": "742",
        "price_unit": "L"
      }
    ]
  },
  {
    "source_url": "https://www.woolworths.com.au/shop/productdetails/51569/powerade-active-water-mango-sports-drink-sipper-cap",
    "name": "Powerade Active Water Mango Sports Drink Sipper Cap 600ml",
    "image_url": "https://cdn1.woolworths.media/content/wowproductimages/large/051569.jpg",
    "source_id": "Woolworths - 51569",
    "barcode": "9300675087889",
    "category_id": "1_5AF3A0A",
    "shop": "Woolworths",
    "weight": "1L",
    "prices": [
      {
        "state": "NSW",
        "price": "420",
        "price_per_unit": "700",
        "price_unit": "L"
      },
      {
        "state": "VIC",
        "price": "420",
        "price_per_unit": "700",
        "price_unit": "L"
      },
      {
        "state": "QLD",
        "price": "420",
        "price_per_unit": "700",
        "price_unit": "L"
      },
      {
        "state": "WA",
        "price": "420",
        "price_per_unit": "700",
        "price_unit": "L"
      },
      {
        "state": "SA",
        "price": "420",
        "price_per_unit": "700",
        "price_unit": "L"
      },
      {
        "state": "TAS",
        "price": "410",
        "price_per_unit": "683",
        "price_unit": "L"
      },
      {
        "state": "ACT",
        "price": "420",
        "price_per_unit": "700",
        "price_unit": "L"
      },
      {
        "state": "NT",
        "price": "445",
        "price_per_unit": "742",
        "price_unit": "L"
      }
    ]
  },
  {
    "source_url": "https://www.woolworths.com.au/shop/productdetails/315123/pump-berry-storm-water-bottle-berry-bottle",
    "name": "Pump Berry Storm Water Bottle Berry Bottle 750ml",
    "image_url": "https://cdn1.woolworths.media/content/wowproductimages/large/315123.jpg",
    "source_id": "Woolworths - 315123",
    "barcode": "9300675046213",
    "category_id": "1_5AF3A0A",
    "shop": "Woolworths",
    "weight": "1L",
    "prices": [
      {
        "state": "NSW",
        "price": "400",
        "price_per_unit": "533",
        "price_unit": "L"
      },
      {
        "state": "VIC",
        "price": "400",
        "price_per_unit": "533",
        "price_unit": "L"
      },
      {
        "state": "QLD",
        "price": "400",
        "price_per_unit": "533",
        "price_unit": "L"
      },
      {
        "state": "WA",
        "price": "400",
        "price_per_unit": "533",
        "price_unit": "L"
      },
      {
        "state": "SA",
        "price": "400",
        "price_per_unit": "533",
        "price_unit": "L"
      },
      {
        "state": "TAS",
        "price": "390",
        "price_per_unit": "520",
        "price_unit": "L"
      },
      {
        "state": "ACT",
        "price": "400",
        "price_per_unit": "533",
        "price_unit": "L"
      }
    ]
  },
  {
    "source_url": "https://www.woolworths.com.au/shop/productdetails/325530/pump-lime-rush-water-bottle-lime-rush-bottle",
    "name": "Pump Lime Rush Water Bottle Lime Rush Bottle 750ml",
    "image_url": "https://cdn1.woolworths.media/content/wowproductimages/large/325530.jpg",
    "source_id": "Woolworths - 325530",
    "barcode": "9300675046190",
    "category_id": "1_5AF3A0A",
    "shop": "Woolworths",
    "weight": "1L",
    "prices": [
      {
        "state": "NSW",
        "price": "400",
        "price_per_unit": "533",
        "price_unit": "L"
      },
      {
        "state": "VIC",
        "price": "400",
        "price_per_unit": "533",
        "price_unit": "L"
      },
      {
        "state": "QLD",
        "price": "400",
        "price_per_unit": "533",
        "price_unit": "L"
      },
      {
        "state": "WA",
        "price": "400",
        "price_per_unit": "533",
        "price_unit": "L"
      },
      {
        "state": "SA",
        "price": "400",
        "price_per_unit": "533",
        "price_unit": "L"
      },
      {
        "state": "TAS",
        "price": "390",
        "price_per_unit": "520",
        "price_unit": "L"
      },
      {
        "state": "ACT",
        "price": "400",
        "price_per_unit": "533",
        "price_unit": "L"
      },
      {
        "state": "NT",
        "price": "420",
        "price_per_unit": "560",
        "price_unit": "L"
      }
    ]
  },
  {
    "source_url": "https://www.woolworths.com.au/shop/productdetails/148409/pump-spring-water-bottle",
    "name": "Pump Spring Water Bottle 1.25l",
    "image_url": "https://cdn1.woolworths.media/content/wowproductimages/large/148409.jpg",
    "source_id": "Woolworths - 148409",
    "barcode": "9300675016919",
    "category_id": "1_5AF3A0A",
    "shop": "Woolworths",
    "weight": "1L",
    "prices": [
      {
        "state": "NSW",
        "price": "310",
        "price_per_unit": "248",
        "price_unit": "L"
      },
      {
        "state": "VIC",
        "price": "310",
        "price_per_unit": "248",
        "price_unit": "L"
      },
      {
        "state": "QLD",
        "price": "310",
        "price_per_unit": "248",
        "price_unit": "L"
      },
      {
        "state": "WA",
        "price": "310",
        "price_per_unit": "248",
        "price_unit": "L"
      },
      {
        "state": "SA",
        "price": "310",
        "price_per_unit": "248",
        "price_unit": "L"
      },
      {
        "state": "TAS",
        "price": "310",
        "price_per_unit": "248",
        "price_unit": "L"
      },
      {
        "state": "ACT",
        "price": "310",
        "price_per_unit": "248",
        "price_unit": "L"
      },
      {
        "state": "NT",
        "price": "310",
        "price_per_unit": "248",
        "price_unit": "L"
      }
    ]
  },
  {
    "source_url": "https://www.woolworths.com.au/shop/productdetails/153622/pump-spring-water-bottle",
    "name": "Pump Spring Water Bottle 750ml",
    "image_url": "https://cdn1.woolworths.media/content/wowproductimages/large/153622.jpg",
    "source_id": "Woolworths - 153622",
    "barcode": "9300675016902",
    "category_id": "1_5AF3A0A",
    "shop": "Woolworths",
    "weight": "1L",
    "prices": [
      {
        "state": "NSW",
        "price": "300",
        "price_per_unit": "400",
        "price_unit": "L"
      },
      {
        "state": "VIC",
        "price": "300",
        "price_per_unit": "400",
        "price_unit": "L"
      },
      {
        "state": "QLD",
        "price": "300",
        "price_per_unit": "400",
        "price_unit": "L"
      },
      {
        "state": "WA",
        "price": "300",
        "price_per_unit": "400",
        "price_unit": "L"
      },
      {
        "state": "SA",
        "price": "300",
        "price_per_unit": "400",
        "price_unit": "L"
      },
      {
        "state": "TAS",
        "price": "295",
        "price_per_unit": "393",
        "price_unit": "L"
      },
      {
        "state": "ACT",
        "price": "300",
        "price_per_unit": "400",
        "price_unit": "L"
      },
      {
        "state": "NT",
        "price": "300",
        "price_per_unit": "400",
        "price_unit": "L"
      }
    ]
  },
  {
    "source_url": "https://www.woolworths.com.au/shop/productdetails/594964/pureau-pure-water",
    "name": "Pureau Pure Water 2l",
    "image_url": "https://cdn1.woolworths.media/content/wowproductimages/large/594964.jpg",
    "source_id": "Woolworths - 594964",
    "barcode": "9311357000010",
    "category_id": "1_5AF3A0A",
    "shop": "Woolworths",
    "weight": "1L",
    "prices": [
      {
        "state": "NSW",
        "price": "295",
        "price_per_unit": "148",
        "price_unit": "L"
      },
      {
        "state": "VIC",
        "price": "295",
        "price_per_unit": "148",
        "price_unit": "L"
      },
      {
        "state": "QLD",
        "price": "295",
        "price_per_unit": "148",
        "price_unit": "L"
      },
      {
        "state": "WA",
        "price": "340",
        "price_per_unit": "170",
        "price_unit": "L"
      },
      {
        "state": "SA",
        "price": "295",
        "price_per_unit": "148",
        "price_unit": "L"
      },
      {
        "state": "TAS",
        "price": "275",
        "price_per_unit": "138",
        "price_unit": "L"
      },
      {
        "state": "ACT",
        "price": "295",
        "price_per_unit": "148",
        "price_unit": "L"
      },
      {
        "state": "NT",
        "price": "295",
        "price_per_unit": "148",
        "price_unit": "L"
      }
    ]
  },
  {
    "source_url": "https://www.woolworths.com.au/shop/productdetails/38724/pureau-pure-water",
    "name": "Pureau Pure Water 5l",
    "image_url": "https://cdn1.woolworths.media/content/wowproductimages/large/038724.jpg",
    "source_id": "Woolworths - 38724",
    "barcode": "9311357000034",
    "category_id": "1_5AF3A0A",
    "shop": "Woolworths",
    "weight": "1L",
    "prices": [
      {
        "state": "NSW",
        "price": "585",
        "price_per_unit": "117",
        "price_unit": "L"
      },
      {
        "state": "VIC",
        "price": "585",
        "price_per_unit": "117",
        "price_unit": "L"
      },
      {
        "state": "QLD",
        "price": "585",
        "price_per_unit": "117",
        "price_unit": "L"
      },
      {
        "state": "WA",
        "price": "750",
        "price_per_unit": "150",
        "price_unit": "L"
      },
      {
        "state": "SA",
        "price": "585",
        "price_per_unit": "117",
        "price_unit": "L"
      },
      {
        "state": "TAS",
        "price": "585",
        "price_per_unit": "117",
        "price_unit": "L"
      },
      {
        "state": "ACT",
        "price": "585",
        "price_per_unit": "117",
        "price_unit": "L"
      },
      {
        "state": "NT",
        "price": "585",
        "price_per_unit": "117",
        "price_unit": "L"
      }
    ]
  },
  {
    "source_url": "https://www.woolworths.com.au/shop/productdetails/94005/pureau-pure-water-water",
    "name": "Pureau Pure Water Water 10l",
    "image_url": "https://cdn1.woolworths.media/content/wowproductimages/large/094005.jpg",
    "source_id": "Woolworths - 94005",
    "barcode": "9311357000041",
    "category_id": "1_5AF3A0A",
    "shop": "Woolworths",
    "weight": "1L",
    "prices": [
      {
        "state": "NSW",
        "price": "960",
        "price_per_unit": "96",
        "price_unit": "L"
      },
      {
        "state": "VIC",
        "price": "960",
        "price_per_unit": "96",
        "price_unit": "L"
      },
      {
        "state": "QLD",
        "price": "960",
        "price_per_unit": "96",
        "price_unit": "L"
      },
      {
        "state": "WA",
        "price": "1110",
        "price_per_unit": "111",
        "price_unit": "L"
      },
      {
        "state": "SA",
        "price": "960",
        "price_per_unit": "96",
        "price_unit": "L"
      },
      {
        "state": "TAS",
        "price": "960",
        "price_per_unit": "96",
        "price_unit": "L"
      },
      {
        "state": "ACT",
        "price": "960",
        "price_per_unit": "96",
        "price_unit": "L"
      },
      {
        "state": "NT",
        "price": "960",
        "price_per_unit": "96",
        "price_unit": "L"
      }
    ]
  },
  {
    "source_url": "https://www.woolworths.com.au/shop/productdetails/175497/pureau-ultra-pure-water",
    "name": "Pureau Ultra Pure Water 600ml x 12 Pack",
    "image_url": "https://cdn1.woolworths.media/content/wowproductimages/large/175497.jpg",
    "source_id": "Woolworths - 175497",
    "barcode": "9311357001246",
    "category_id": "1_5AF3A0A",
    "shop": "Woolworths",
    "weight": "1L",
    "prices": [
      {
        "state": "NSW",
        "price": "930",
        "price_per_unit": "129",
        "price_unit": "L"
      },
      {
        "state": "VIC",
        "price": "930",
        "price_per_unit": "129",
        "price_unit": "L"
      },
      {
        "state": "QLD",
        "price": "930",
        "price_per_unit": "129",
        "price_unit": "L"
      },
      {
        "state": "WA",
        "price": "1300",
        "price_per_unit": "181",
        "price_unit": "L"
      },
      {
        "state": "SA",
        "price": "930",
        "price_per_unit": "129",
        "price_unit": "L"
      },
      {
        "state": "TAS",
        "price": "790",
        "price_per_unit": "110",
        "price_unit": "L"
      },
      {
        "state": "ACT",
        "price": "930",
        "price_per_unit": "129",
        "price_unit": "L"
      },
      {
        "state": "NT",
        "price": "930",
        "price_per_unit": "129",
        "price_unit": "L"
      }
    ]
  },
  {
    "source_url": "https://www.woolworths.com.au/shop/productdetails/785627/raw-c-coconut-water-pure-natural",
    "name": "Raw C Coconut Water Pure Natural 1l",
    "image_url": "https://cdn1.woolworths.media/content/wowproductimages/large/785627.jpg",
    "source_id": "Woolworths - 785627",
    "barcode": "9369999603052",
    "category_id": "1_5AF3A0A",
    "shop": "Woolworths",
    "weight": "1L",
    "prices": [
      {
        "state": "NSW",
        "price": "550",
        "price_per_unit": "550",
        "price_unit": "L"
      },
      {
        "state": "VIC",
        "price": "550",
        "price_per_unit": "550",
        "price_unit": "L"
      },
      {
        "state": "QLD",
        "price": "550",
        "price_per_unit": "550",
        "price_unit": "L"
      },
      {
        "state": "WA",
        "price": "550",
        "price_per_unit": "550",
        "price_unit": "L"
      },
      {
        "state": "SA",
        "price": "550",
        "price_per_unit": "550",
        "price_unit": "L"
      },
      {
        "state": "TAS",
        "price": "550",
        "price_per_unit": "550",
        "price_unit": "L"
      },
      {
        "state": "ACT",
        "price": "550",
        "price_per_unit": "550",
        "price_unit": "L"
      },
      {
        "state": "NT",
        "price": "550",
        "price_per_unit": "550",
        "price_unit": "L"
      }
    ]
  },
  {
    "source_url": "https://www.woolworths.com.au/shop/productdetails/930018/vessel-dtill-spring-water",
    "name": "Vessel Dtill Spring Water 473mL",
    "image_url": "https://cdn1.woolworths.media/content/wowproductimages/large/930018.jpg",
    "source_id": "Woolworths - 930018",
    "barcode": "9369999339272",
    "category_id": "1_5AF3A0A",
    "shop": "Woolworths",
    "weight": "1L",
    "prices": [
      {
        "state": "NSW",
        "price": "360",
        "price_per_unit": "761",
        "price_unit": "L"
      },
      {
        "state": "VIC",
        "price": "360",
        "price_per_unit": "761",
        "price_unit": "L"
      },
      {
        "state": "QLD",
        "price": "360",
        "price_per_unit": "761",
        "price_unit": "L"
      },
      {
        "state": "SA",
        "price": "360",
        "price_per_unit": "761",
        "price_unit": "L"
      },
      {
        "state": "TAS",
        "price": "360",
        "price_per_unit": "761",
        "price_unit": "L"
      },
      {
        "state": "ACT",
        "price": "360",
        "price_per_unit": "761",
        "price_unit": "L"
      }
    ]
  },
  {
    "source_url": "https://www.woolworths.com.au/shop/productdetails/546615/woolworths-100-pure-coconut-water",
    "name": "Woolworths 100% Pure Coconut Water 1l",
    "image_url": "https://cdn1.woolworths.media/content/wowproductimages/large/546615.jpg",
    "source_id": "Woolworths - 546615",
    "barcode": "9300633626211",
    "category_id": "1_5AF3A0A",
    "shop": "Woolworths",
    "weight": "1L",
    "prices": [
      {
        "state": "NSW",
        "price": "280",
        "price_per_unit": "280",
        "price_unit": "L"
      },
      {
        "state": "VIC",
        "price": "280",
        "price_per_unit": "280",
        "price_unit": "L"
      },
      {
        "state": "QLD",
        "price": "280",
        "price_per_unit": "280",
        "price_unit": "L"
      },
      {
        "state": "WA",
        "price": "280",
        "price_per_unit": "280",
        "price_unit": "L"
      },
      {
        "state": "SA",
        "price": "280",
        "price_per_unit": "280",
        "price_unit": "L"
      },
      {
        "state": "TAS",
        "price": "280",
        "price_per_unit": "280",
        "price_unit": "L"
      },
      {
        "state": "ACT",
        "price": "280",
        "price_per_unit": "280",
        "price_unit": "L"
      },
      {
        "state": "NT",
        "price": "280",
        "price_per_unit": "280",
        "price_unit": "L"
      }
    ]
  },
  {
    "source_url": "https://www.woolworths.com.au/shop/productdetails/546840/woolworths-100-pure-coconut-water",
    "name": "Woolworths 100% Pure Coconut Water 1l x4 Pack",
    "image_url": "https://cdn1.woolworths.media/content/wowproductimages/large/546840.jpg",
    "source_id": "Woolworths - 546840",
    "barcode": "9300633626228",
    "category_id": "1_5AF3A0A",
    "shop": "Woolworths",
    "weight": "1L",
    "prices": [
      {
        "state": "NSW",
        "price": "1000",
        "price_per_unit": "250",
        "price_unit": "L"
      },
      {
        "state": "VIC",
        "price": "1000",
        "price_per_unit": "250",
        "price_unit": "L"
      },
      {
        "state": "QLD",
        "price": "1000",
        "price_per_unit": "250",
        "price_unit": "L"
      },
      {
        "state": "WA",
        "price": "1000",
        "price_per_unit": "250",
        "price_unit": "L"
      },
      {
        "state": "SA",
        "price": "1000",
        "price_per_unit": "250",
        "price_unit": "L"
      },
      {
        "state": "TAS",
        "price": "1000",
        "price_per_unit": "250",
        "price_unit": "L"
      },
      {
        "state": "ACT",
        "price": "1000",
        "price_per_unit": "250",
        "price_unit": "L"
      },
      {
        "state": "NT",
        "price": "1000",
        "price_per_unit": "250",
        "price_unit": "L"
      }
    ]
  },
  {
    "source_url": "https://www.woolworths.com.au/shop/productdetails/749793/woolworths-spring-water",
    "name": "Woolworths Spring Water 1.5l Bottle",
    "image_url": "https://cdn1.woolworths.media/content/wowproductimages/large/749793.jpg",
    "source_id": "Woolworths - 749793",
    "barcode": "9300633394189",
    "category_id": "1_5AF3A0A",
    "shop": "Woolworths",
    "weight": "1L",
    "prices": [
      {
        "state": "NSW",
        "price": "80",
        "price_per_unit": "53",
        "price_unit": "L"
      },
      {
        "state": "VIC",
        "price": "80",
        "price_per_unit": "53",
        "price_unit": "L"
      },
      {
        "state": "QLD",
        "price": "80",
        "price_per_unit": "53",
        "price_unit": "L"
      },
      {
        "state": "WA",
        "price": "80",
        "price_per_unit": "53",
        "price_unit": "L"
      },
      {
        "state": "SA",
        "price": "80",
        "price_per_unit": "53",
        "price_unit": "L"
      },
      {
        "state": "TAS",
        "price": "80",
        "price_per_unit": "53",
        "price_unit": "L"
      },
      {
        "state": "ACT",
        "price": "80",
        "price_per_unit": "53",
        "price_unit": "L"
      },
      {
        "state": "NT",
        "price": "85",
        "price_per_unit": "57",
        "price_unit": "L"
      }
    ]
  },
  {
    "source_url": "https://www.woolworths.com.au/shop/productdetails/770183/woolworths-spring-water",
    "name": "Woolworths Spring Water 12x600ml",
    "image_url": "https://cdn1.woolworths.media/content/wowproductimages/large/770183.jpg",
    "source_id": "Woolworths - 770183",
    "barcode": "9339687061167",
    "category_id": "1_5AF3A0A",
    "shop": "Woolworths",
    "weight": "1L",
    "prices": [
      {
        "state": "NSW",
        "price": "560",
        "price_per_unit": "78",
        "price_unit": "L"
      },
      {
        "state": "VIC",
        "price": "500",
        "price_per_unit": "69",
        "price_unit": "L"
      },
      {
        "state": "QLD",
        "price": "560",
        "price_per_unit": "78",
        "price_unit": "L"
      },
      {
        "state": "WA",
        "price": "560",
        "price_per_unit": "78",
        "price_unit": "L"
      },
      {
        "state": "SA",
        "price": "560",
        "price_per_unit": "78",
        "price_unit": "L"
      },
      {
        "state": "TAS",
        "price": "380",
        "price_per_unit": "53",
        "price_unit": "L"
      },
      {
        "state": "ACT",
        "price": "560",
        "price_per_unit": "78",
        "price_unit": "L"
      },
      {
        "state": "NT",
        "price": "500",
        "price_per_unit": "69",
        "price_unit": "L"
      }
    ]
  },
  {
    "source_url": "https://www.woolworths.com.au/shop/productdetails/749792/woolworths-spring-water",
    "name": "Woolworths Spring Water 6x1.5l Bottles",
    "image_url": "https://cdn1.woolworths.media/content/wowproductimages/large/749792.jpg",
    "source_id": "Woolworths - 749792",
    "barcode": "9300633394172",
    "category_id": "1_5AF3A0A",
    "shop": "Woolworths",
    "weight": "1L",
    "prices": [
      {
        "state": "NSW",
        "price": "480",
        "price_per_unit": "53",
        "price_unit": "L"
      },
      {
        "state": "VIC",
        "price": "480",
        "price_per_unit": "53",
        "price_unit": "L"
      },
      {
        "state": "QLD",
        "price": "480",
        "price_per_unit": "53",
        "price_unit": "L"
      },
      {
        "state": "WA",
        "price": "480",
        "price_per_unit": "53",
        "price_unit": "L"
      },
      {
        "state": "SA",
        "price": "480",
        "price_per_unit": "53",
        "price_unit": "L"
      },
      {
        "state": "TAS",
        "price": "415",
        "price_per_unit": "46",
        "price_unit": "L"
      },
      {
        "state": "ACT",
        "price": "480",
        "price_per_unit": "53",
        "price_unit": "L"
      },
      {
        "state": "NT",
        "price": "505",
        "price_per_unit": "56",
        "price_unit": "L"
      }
    ]
  },
  {
    "source_url": "https://www.woolworths.com.au/shop/productdetails/116784/woolworths-spring-water-bottles",
    "name": "Woolworths Spring Water Bottles 600ml x24 Pack",
    "image_url": "https://cdn1.woolworths.media/content/wowproductimages/large/116784.jpg",
    "source_id": "Woolworths - 116784",
    "barcode": "9339687216253",
    "category_id": "1_5AF3A0A",
    "shop": "Woolworths",
    "weight": "1L",
    "prices": [
      {
        "state": "NSW",
        "price": "950",
        "price_per_unit": "66",
        "price_unit": "L"
      },
      {
        "state": "VIC",
        "price": "950",
        "price_per_unit": "66",
        "price_unit": "L"
      },
      {
        "state": "QLD",
        "price": "950",
        "price_per_unit": "66",
        "price_unit": "L"
      },
      {
        "state": "WA",
        "price": "950",
        "price_per_unit": "66",
        "price_unit": "L"
      },
      {
        "state": "SA",
        "price": "950",
        "price_per_unit": "66",
        "price_unit": "L"
      },
      {
        "state": "TAS",
        "price": "640",
        "price_per_unit": "44",
        "price_unit": "L"
      },
      {
        "state": "ACT",
        "price": "950",
        "price_per_unit": "66",
        "price_unit": "L"
      },
      {
        "state": "NT",
        "price": "975",
        "price_per_unit": "68",
        "price_unit": "L"
      }
    ]
  },
  {
    "source_url": "https://www.woolworths.com.au/shop/productdetails/633876/woolworths-spring-water-minis",
    "name": "Woolworths Spring Water Minis 20x250ml",
    "image_url": "https://cdn1.woolworths.media/content/wowproductimages/large/633876.jpg",
    "source_id": "Woolworths - 633876",
    "barcode": "9300633680497",
    "category_id": "1_5AF3A0A",
    "shop": "Woolworths",
    "weight": "1L",
    "prices": [
      {
        "state": "NSW",
        "price": "650",
        "price_per_unit": "130",
        "price_unit": "L"
      },
      {
        "state": "VIC",
        "price": "650",
        "price_per_unit": "130",
        "price_unit": "L"
      },
      {
        "state": "QLD",
        "price": "650",
        "price_per_unit": "130",
        "price_unit": "L"
      },
      {
        "state": "WA",
        "price": "650",
        "price_per_unit": "130",
        "price_unit": "L"
      },
      {
        "state": "SA",
        "price": "650",
        "price_per_unit": "130",
        "price_unit": "L"
      },
      {
        "state": "TAS",
        "price": "650",
        "price_per_unit": "130",
        "price_unit": "L"
      },
      {
        "state": "ACT",
        "price": "650",
        "price_per_unit": "130",
        "price_unit": "L"
      }
    ]
  },
  {
    "source_url": "https://www.woolworths.com.au/shop/productdetails/130769/woolworths-spring-water-sipper",
    "name": "Woolworths Spring Water Sipper 1l",
    "image_url": "https://cdn1.woolworths.media/content/wowproductimages/large/130769.jpg",
    "source_id": "Woolworths - 130769",
    "barcode": "9339687219643",
    "category_id": "1_5AF3A0A",
    "shop": "Woolworths",
    "weight": "1L",
    "prices": [
      {
        "state": "NSW",
        "price": "130",
        "price_per_unit": "130",
        "price_unit": "L"
      },
      {
        "state": "VIC",
        "price": "120",
        "price_per_unit": "120",
        "price_unit": "L"
      },
      {
        "state": "QLD",
        "price": "130",
        "price_per_unit": "130",
        "price_unit": "L"
      },
      {
        "state": "WA",
        "price": "130",
        "price_per_unit": "130",
        "price_unit": "L"
      },
      {
        "state": "SA",
        "price": "130",
        "price_per_unit": "130",
        "price_unit": "L"
      },
      {
        "state": "TAS",
        "price": "115",
        "price_per_unit": "115",
        "price_unit": "L"
      },
      {
        "state": "ACT",
        "price": "130",
        "price_per_unit": "130",
        "price_unit": "L"
      },
      {
        "state": "NT",
        "price": "140",
        "price_per_unit": "140",
        "price_unit": "L"
      }
    ]
  },
  {
    "source_url": "https://www.woolworths.com.au/shop/productdetails/130504/cool-ridge-still-spring-water-bottle-australian-100-recycled",
    "name": "Cool Ridge Still Spring Water Bottle Australian 100% Recycled 600ml",
    "image_url": "https://cdn1.woolworths.media/content/wowproductimages/large/130504.jpg",
    "source_id": "Woolworths - 130504",
    "barcode": "9315596302102",
    "category_id": "1_5AF3A0A",
    "shop": "Woolworths",
    "weight": "1L",
    "prices": [
      {
        "state": "VIC",
        "price": "260",
        "price_per_unit": "433",
        "price_unit": "L"
      },
      {
        "state": "NT",
        "price": "260",
        "price_per_unit": "433",
        "price_unit": "L"
      }
    ]
  },
  {
    "source_url": "https://www.woolworths.com.au/shop/productdetails/743186/evian-natural-mineral-water",
    "name": "Evian Natural Mineral Water 1l",
    "image_url": "https://cdn1.woolworths.media/content/wowproductimages/large/743186.jpg",
    "source_id": "Woolworths - 743186",
    "barcode": "3068320080000",
    "category_id": "1_5AF3A0A",
    "shop": "Woolworths",
    "weight": "1L",
    "prices": [
      {
        "state": "VIC",
        "price": "385",
        "price_per_unit": "385",
        "price_unit": "L"
      },
      {
        "state": "QLD",
        "price": "385",
        "price_per_unit": "385",
        "price_unit": "L"
      },
      {
        "state": "WA",
        "price": "385",
        "price_per_unit": "385",
        "price_unit": "L"
      },
      {
        "state": "SA",
        "price": "385",
        "price_per_unit": "385",
        "price_unit": "L"
      },
      {
        "state": "TAS",
        "price": "375",
        "price_per_unit": "375",
        "price_unit": "L"
      },
      {
        "state": "ACT",
        "price": "385",
        "price_per_unit": "385",
        "price_unit": "L"
      },
      {
        "state": "NT",
        "price": "385",
        "price_per_unit": "385",
        "price_unit": "L"
      }
    ]
  },
  {
    "source_url": "https://www.woolworths.com.au/shop/productdetails/802510/gatorade-g-active-sports-drinks-mango-water-electrolytes-vitamins",
    "name": "Gatorade G Active Sports Drinks Mango Water Electrolytes & Vitamins 600ml",
    "image_url": "https://cdn1.woolworths.media/content/wowproductimages/large/802510.jpg",
    "source_id": "Woolworths - 802510",
    "barcode": "9310640000966",
    "category_id": "1_5AF3A0A",
    "shop": "Woolworths",
    "weight": "1L",
    "prices": [
      {
        "state": "VIC",
        "price": "400",
        "price_per_unit": "667",
        "price_unit": "L"
      },
      {
        "state": "QLD",
        "price": "400",
        "price_per_unit": "667",
        "price_unit": "L"
      },
      {
        "state": "WA",
        "price": "400",
        "price_per_unit": "667",
        "price_unit": "L"
      },
      {
        "state": "SA",
        "price": "400",
        "price_per_unit": "667",
        "price_unit": "L"
      },
      {
        "state": "TAS",
        "price": "385",
        "price_per_unit": "642",
        "price_unit": "L"
      },
      {
        "state": "ACT",
        "price": "400",
        "price_per_unit": "667",
        "price_unit": "L"
      },
      {
        "state": "NT",
        "price": "400",
        "price_per_unit": "667",
        "price_unit": "L"
      }
    ]
  },
  {
    "source_url": "https://www.woolworths.com.au/shop/productdetails/688226/macro-organic-coconut-water",
    "name": "Macro Organic Coconut Water 1l",
    "image_url": "https://cdn1.woolworths.media/content/wowproductimages/large/688226.jpg",
    "source_id": "Woolworths - 688226",
    "barcode": "9339687045280",
    "category_id": "1_5AF3A0A",
    "shop": "Woolworths",
    "weight": "1L",
    "prices": [
      {
        "state": "VIC",
        "price": "500",
        "price_per_unit": "500",
        "price_unit": "L"
      },
      {
        "state": "WA",
        "price": "500",
        "price_per_unit": "500",
        "price_unit": "L"
      },
      {
        "state": "TAS",
        "price": "500",
        "price_per_unit": "500",
        "price_unit": "L"
      }
    ]
  },
  {
    "source_url": "https://www.woolworths.com.au/shop/productdetails/803864/noosa-natural-spring-water",
    "name": "Noosa Natural Spring Water 1l",
    "image_url": "https://cdn1.woolworths.media/content/wowproductimages/large/803864.jpg",
    "source_id": "Woolworths - 803864",
    "barcode": "9316555002101",
    "category_id": "1_5AF3A0A",
    "shop": "Woolworths",
    "weight": "1L",
    "prices": [
      {
        "state": "QLD",
        "price": "220",
        "price_per_unit": "220",
        "price_unit": "L"
      }
    ]
  },
  {
    "source_url": "https://www.woolworths.com.au/shop/productdetails/803866/noosa-natural-spring-water",
    "name": "Noosa Natural Spring Water 3l",
    "image_url": "https://cdn1.woolworths.media/content/wowproductimages/large/803866.jpg",
    "source_id": "Woolworths - 803866",
    "barcode": "9316555002507",
    "category_id": "1_5AF3A0A",
    "shop": "Woolworths",
    "weight": "1L",
    "prices": [
      {
        "state": "QLD",
        "price": "340",
        "price_per_unit": "113",
        "price_unit": "L"
      }
    ]
  },
  {
    "source_url": "https://www.woolworths.com.au/shop/productdetails/679385/aussie-natural-spring-water",
    "name": "Aussie Natural Spring Water 15l",
    "image_url": "https://cdn1.woolworths.media/content/wowproductimages/large/679385.jpg",
    "source_id": "Woolworths - 679385",
    "barcode": "9316531000282",
    "category_id": "1_5AF3A0A",
    "shop": "Woolworths",
    "weight": "1L",
    "prices": [
      {
        "state": "WA",
        "price": "1000",
        "price_per_unit": "67",
        "price_unit": "L"
      }
    ]
  },
  {
    "source_url": "https://www.woolworths.com.au/shop/productdetails/629696/nu-pure-pure-spring-water",
    "name": "Nu Pure Pure Spring Water 1.5l",
    "image_url": "https://cdn1.woolworths.media/content/wowproductimages/large/629696.jpg",
    "source_id": "Woolworths - 629696",
    "barcode": "9335388000054",
    "category_id": "1_5AF3A0A",
    "shop": "Woolworths",
    "weight": "1L",
    "prices": [
      {
        "state": "WA",
        "price": "130",
        "price_per_unit": "87",
        "price_unit": "L"
      }
    ]
  },
  {
    "source_url": "https://www.woolworths.com.au/shop/productdetails/296647/nu-pure-spring-water",
    "name": "Nu Pure Spring Water 10l",
    "image_url": "https://cdn1.woolworths.media/content/wowproductimages/large/296647.jpg",
    "source_id": "Woolworths - 296647",
    "barcode": "9335388000139",
    "category_id": "1_5AF3A0A",
    "shop": "Woolworths",
    "weight": "1L",
    "prices": [
      {
        "state": "WA",
        "price": "450",
        "price_per_unit": "45",
        "price_unit": "L"
      }
    ]
  },
  {
    "source_url": "https://www.woolworths.com.au/shop/productdetails/681121/refresh-western-australian-ultra-pure-still-water",
    "name": "Refresh Western Australian Ultra Pure Still Water 5l",
    "image_url": "https://cdn1.woolworths.media/content/wowproductimages/large/681121.jpg",
    "source_id": "Woolworths - 681121",
    "barcode": "9324096000500",
    "category_id": "1_5AF3A0A",
    "shop": "Woolworths",
    "weight": "1L",
    "prices": [
      {
        "state": "WA",
        "price": "475",
        "price_per_unit": "95",
        "price_unit": "L"
      }
    ]
  },
  {
    "source_url": "https://www.woolworths.com.au/shop/productdetails/695494/woolworths-spring-water",
    "name": "Woolworths Spring Water 10l",
    "image_url": "https://cdn1.woolworths.media/content/wowproductimages/large/695494.jpg",
    "source_id": "Woolworths - 695494",
    "barcode": "9300633326494",
    "category_id": "1_5AF3A0A",
    "shop": "Woolworths",
    "weight": "1L",
    "prices": [
      {
        "state": "WA",
        "price": "440",
        "price_per_unit": "44",
        "price_unit": "L"
      }
    ]
  },
  {
    "source_url": "https://www.woolworths.com.au/shop/productdetails/92793/marble-hill-natural-spring-water",
    "name": "Marble Hill Natural Spring Water 10l",
    "image_url": "https://cdn1.woolworths.media/content/wowproductimages/large/092793.jpg",
    "source_id": "Woolworths - 92793",
    "barcode": "9312983000016",
    "category_id": "1_5AF3A0A",
    "shop": "Woolworths",
    "weight": "1L",
    "prices": [
      {
        "state": "SA",
        "price": "380",
        "price_per_unit": "38",
        "price_unit": "L"
      },
      {
        "state": "NT",
        "price": "400",
        "price_per_unit": "40",
        "price_unit": "L"
      }
    ]
  },
  {
    "source_url": "https://www.woolworths.com.au/shop/productdetails/819793/woolworths-spring-water-bag-in-box",
    "name": "Woolworths Spring Water Bag In Box 10l",
    "image_url": "https://cdn1.woolworths.media/content/wowproductimages/large/819793.jpg",
    "source_id": "Woolworths - 819793",
    "barcode": "9339687158294",
    "category_id": "1_5AF3A0A",
    "shop": "Woolworths",
    "weight": "1L",
    "prices": [
      {
        "state": "SA",
        "price": "400",
        "price_per_unit": "40",
        "price_unit": "L"
      },
      {
        "state": "NT",
        "price": "400",
        "price_per_unit": "40",
        "price_unit": "L"
      }
    ]
  },
  {
    "source_url": "https://www.woolworths.com.au/shop/productdetails/54686/bodiez-vitalise-berry-15g-protein-water",
    "name": "Bodiez Vitalise Berry 15g Protein Water 500ml",
    "image_url": "https://cdn1.woolworths.media/content/wowproductimages/large/054686.jpg",
    "source_id": "Woolworths - 54686",
    "barcode": "9349282000638",
    "category_id": "1_5AF3A0A",
    "shop": "Woolworths",
    "weight": "1L",
    "prices": [
      {
        "state": "ACT",
        "price": "400",
        "price_per_unit": "800",
        "price_unit": "L"
      }
    ]
  }
]