[
  {
    "source_url": "https://www.woolworths.com.au/shop/productdetails/483339/acqua-bella-sparkling-italian-mineral-water",
    "name": "Acqua Bella Sparkling Italian Mineral Water 1.5L",
    "image_url": "https://cdn1.woolworths.media/content/wowproductimages/large/483339.jpg",
    "source_id": "Woolworths - 483339",
    "barcode": "9348641031931",
    "category_id": "1_5AF3A0A",
    "shop": "Woolworths",
    "weight": "1L",
    "prices": [
      {
        "state": "NSW",
        "price": "240",
        "price_per_unit": "160",
        "price_unit": "L"
      },
      {
        "state": "VIC",
        "price": "240",
        "price_per_unit": "160",
        "price_unit": "L"
      },
      {
        "state": "QLD",
        "price": "240",
        "price_per_unit": "160",
        "price_unit": "L"
      },
      {
        "state": "WA",
        "price": "240",
        "price_per_unit": "160",
        "price_unit": "L"
      },
      {
        "state": "SA",
        "price": "240",
        "price_per_unit": "160",
        "price_unit": "L"
      },
      {
        "state": "TAS",
        "price": "240",
        "price_per_unit": "160",
        "price_unit": "L"
      },
      {
        "state": "ACT",
        "price": "240",
        "price_per_unit": "160",
        "price_unit": "L"
      }
    ]
  },
  {
    "source_url": "https://www.woolworths.com.au/shop/productdetails/285271/capi-australian-sparkling-water",
    "name": "Capi Australian Sparkling Water 750ml",
    "image_url": "https://cdn1.woolworths.media/content/wowproductimages/large/285271.jpg",
    "source_id": "Woolworths - 285271",
    "barcode": "9346801001534",
    "category_id": "1_5AF3A0A",
    "shop": "Woolworths",
    "weight": "1L",
    "prices": [
      {
        "state": "NSW",
        "price": "295",
        "price_per_unit": "393",
        "price_unit": "L"
      },
      {
        "state": "VIC",
        "price": "295",
        "price_per_unit": "393",
        "price_unit": "L"
      },
      {
        "state": "QLD",
        "price": "295",
        "price_per_unit": "393",
        "price_unit": "L"
      },
      {
        "state": "SA",
        "price": "295",
        "price_per_unit": "393",
        "price_unit": "L"
      },
      {
        "state": "TAS",
        "price": "295",
        "price_per_unit": "393",
        "price_unit": "L"
      },
      {
        "state": "ACT",
        "price": "295",
        "price_per_unit": "393",
        "price_unit": "L"
      }
    ]
  },
  {
    "source_url": "https://www.woolworths.com.au/shop/productdetails/990001/fever-tree-refreshingly-light-premium-indian-tonic-water-bottles",
    "name": "Fever-Tree Refreshingly Light Premium Indian Tonic Water Bottles 200ml x 4 Pack",
    "image_url": "https://cdn1.woolworths.media/content/wowproductimages/large/990001.jpg",
    "source_id": "Woolworths - 990001",
    "barcode": "5060108450232",
    "category_id": "1_5AF3A0A",
    "shop": "Woolworths",
    "weight": "1L",
    "prices": [
      {
        "state": "NSW",
        "price": "900",
        "price_per_unit": "1125",
        "price_unit": "L"
      },
      {
        "state": "VIC",
        "price": "900",
        "price_per_unit": "1125",
        "price_unit": "L"
      },
      {
        "state": "QLD",
        "price": "900",
        "price_per_unit": "1125",
        "price_unit": "L"
      },
      {
        "state": "WA",
        "price": "900",
        "price_per_unit": "1125",
        "price_unit": "L"
      },
      {
        "state": "SA",
        "price": "900",
        "price_per_unit": "1125",
        "price_unit": "L"
      },
      {
        "state": "TAS",
        "price": "850",
        "price_per_unit": "1063",
        "price_unit": "L"
      },
      {
        "state": "ACT",
        "price": "900",
        "price_per_unit": "1125",
        "price_unit": "L"
      },
      {
        "state": "NT",
        "price": "900",
        "price_per_unit": "1125",
        "price_unit": "L"
      }
    ]
  },
  {
    "source_url": "https://www.woolworths.com.au/shop/productdetails/333023/mount-franklin-lightly-sparkling-water",
    "name": "Mount Franklin Lightly Sparkling Water 450ml",
    "image_url": "https://cdn1.woolworths.media/content/wowproductimages/large/333023.jpg",
    "source_id": "Woolworths - 333023",
    "barcode": "9300624017523",
    "category_id": "1_5AF3A0A",
    "shop": "Woolworths",
    "weight": "1L",
    "prices": [
      {
        "state": "NSW",
        "price": "310",
        "price_per_unit": "689",
        "price_unit": "L"
      },
      {
        "state": "VIC",
        "price": "310",
        "price_per_unit": "689",
        "price_unit": "L"
      },
      {
        "state": "QLD",
        "price": "310",
        "price_per_unit": "689",
        "price_unit": "L"
      },
      {
        "state": "WA",
        "price": "310",
        "price_per_unit": "689",
        "price_unit": "L"
      },
      {
        "state": "SA",
        "price": "310",
        "price_per_unit": "689",
        "price_unit": "L"
      },
      {
        "state": "TAS",
        "price": "300",
        "price_per_unit": "667",
        "price_unit": "L"
      },
      {
        "state": "ACT",
        "price": "310",
        "price_per_unit": "689",
        "price_unit": "L"
      },
      {
        "state": "NT",
        "price": "310",
        "price_per_unit": "689",
        "price_unit": "L"
      }
    ]
  },
  {
    "source_url": "https://www.woolworths.com.au/shop/productdetails/332730/mount-franklin-lightly-sparkling-water-natural-bottle",
    "name": "Mount Franklin Lightly Sparkling Water Natural Bottle 1.25l",
    "image_url": "https://cdn1.woolworths.media/content/wowproductimages/large/332730.jpg",
    "source_id": "Woolworths - 332730",
    "barcode": "9300624017585",
    "category_id": "1_5AF3A0A",
    "shop": "Woolworths",
    "weight": "1L",
    "prices": [
      {
        "state": "NSW",
        "price": "310",
        "price_per_unit": "248",
        "price_unit": "L"
      },
      {
        "state": "VIC",
        "price": "310",
        "price_per_unit": "248",
        "price_unit": "L"
      },
      {
        "state": "QLD",
        "price": "310",
        "price_per_unit": "248",
        "price_unit": "L"
      },
      {
        "state": "WA",
        "price": "310",
        "price_per_unit": "248",
        "price_unit": "L"
      },
      {
        "state": "SA",
        "price": "310",
        "price_per_unit": "248",
        "price_unit": "L"
      },
      {
        "state": "TAS",
        "price": "300",
        "price_per_unit": "240",
        "price_unit": "L"
      },
      {
        "state": "ACT",
        "price": "310",
        "price_per_unit": "248",
        "price_unit": "L"
      },
      {
        "state": "NT",
        "price": "325",
        "price_per_unit": "260",
        "price_unit": "L"
      }
    ]
  },
  {
    "source_url": "https://www.woolworths.com.au/shop/productdetails/296807/perrier-sparkling-natural-mineral-water",
    "name": "Perrier Sparkling Natural Mineral Water 1l",
    "image_url": "https://cdn1.woolworths.media/content/wowproductimages/large/296807.jpg",
    "source_id": "Woolworths - 296807",
    "barcode": "3179732348913",
    "category_id": "1_5AF3A0A",
    "shop": "Woolworths",
    "weight": "1L",
    "prices": [
      {
        "state": "NSW",
        "price": "325",
        "price_per_unit": "325",
        "price_unit": "L"
      },
      {
        "state": "VIC",
        "price": "325",
        "price_per_unit": "325",
        "price_unit": "L"
      },
      {
        "state": "QLD",
        "price": "325",
        "price_per_unit": "325",
        "price_unit": "L"
      },
      {
        "state": "SA",
        "price": "325",
        "price_per_unit": "325",
        "price_unit": "L"
      },
      {
        "state": "TAS",
        "price": "325",
        "price_per_unit": "325",
        "price_unit": "L"
      },
      {
        "state": "ACT",
        "price": "325",
        "price_per_unit": "325",
        "price_unit": "L"
      },
      {
        "state": "NT",
        "price": "325",
        "price_per_unit": "325",
        "price_unit": "L"
      }
    ]
  },
  {
    "source_url": "https://www.woolworths.com.au/shop/productdetails/31057/perrier-sparkling-natural-mineral-water",
    "name": "Perrier Sparkling Natural Mineral Water 750ml",
    "image_url": "https://cdn1.woolworths.media/content/wowproductimages/large/031057.jpg",
    "source_id": "Woolworths - 31057",
    "barcode": "3179730010515",
    "category_id": "1_5AF3A0A",
    "shop": "Woolworths",
    "weight": "1L",
    "prices": [
      {
        "state": "NSW",
        "price": "375",
        "price_per_unit": "500",
        "price_unit": "L"
      },
      {
        "state": "VIC",
        "price": "375",
        "price_per_unit": "500",
        "price_unit": "L"
      },
      {
        "state": "QLD",
        "price": "375",
        "price_per_unit": "500",
        "price_unit": "L"
      },
      {
        "state": "ACT",
        "price": "375",
        "price_per_unit": "500",
        "price_unit": "L"
      }
    ]
  },
  {
    "source_url": "https://www.woolworths.com.au/shop/productdetails/15806/sanpellegrino-natural-mineral-water",
    "name": "Sanpellegrino Natural Mineral Water 250ml x6 Pack",
    "image_url": "https://cdn1.woolworths.media/content/wowproductimages/large/015806.jpg",
    "source_id": "Woolworths - 15806",
    "barcode": "8002270021060",
    "category_id": "1_5AF3A0A",
    "shop": "Woolworths",
    "weight": "1L",
    "prices": [
      {
        "state": "NSW",
        "price": "1120",
        "price_per_unit": "747",
        "price_unit": "L"
      },
      {
        "state": "VIC",
        "price": "1120",
        "price_per_unit": "747",
        "price_unit": "L"
      },
      {
        "state": "QLD",
        "price": "1120",
        "price_per_unit": "747",
        "price_unit": "L"
      },
      {
        "state": "WA",
        "price": "1120",
        "price_per_unit": "747",
        "price_unit": "L"
      },
      {
        "state": "TAS",
        "price": "1120",
        "price_per_unit": "747",
        "price_unit": "L"
      },
      {
        "state": "ACT",
        "price": "1120",
        "price_per_unit": "747",
        "price_unit": "L"
      }
    ]
  },
  {
    "source_url": "https://www.woolworths.com.au/shop/productdetails/357252/sanpellegrino-sparkling-mineral-water-mineral-water",
    "name": "Sanpellegrino Sparkling Mineral Water 1l",
    "image_url": "https://cdn1.woolworths.media/content/wowproductimages/large/357252.jpg",
    "source_id": "Woolworths - 357252",
    "barcode": "8002710011057",
    "category_id": "1_5AF3A0A",
    "shop": "Woolworths",
    "weight": "1L",
    "prices": [
      {
        "state": "NSW",
        "price": "415",
        "price_per_unit": "415",
        "price_unit": "L"
      },
      {
        "state": "VIC",
        "price": "415",
        "price_per_unit": "415",
        "price_unit": "L"
      },
      {
        "state": "WA",
        "price": "415",
        "price_per_unit": "415",
        "price_unit": "L"
      },
      {
        "state": "TAS",
        "price": "400",
        "price_per_unit": "400",
        "price_unit": "L"
      },
      {
        "state": "ACT",
        "price": "415",
        "price_per_unit": "415",
        "price_unit": "L"
      },
      {
        "state": "NT",
        "price": "435",
        "price_per_unit": "435",
        "price_unit": "L"
      }
    ]
  },
  {
    "source_url": "https://www.woolworths.com.au/shop/productdetails/162547/sanpellegrino-sparkling-natural-mineral-water",
    "name": "Sanpellegrino Sparkling Natural Mineral Water 750mL",
    "image_url": "https://cdn1.woolworths.media/content/wowproductimages/large/162547.jpg",
    "source_id": "Woolworths - 162547",
    "barcode": "8002270011054",
    "category_id": "1_5AF3A0A",
    "shop": "Woolworths",
    "weight": "1L",
    "prices": [
      {
        "state": "NSW",
        "price": "325",
        "price_per_unit": "433",
        "price_unit": "L"
      },
      {
        "state": "VIC",
        "price": "325",
        "price_per_unit": "433",
        "price_unit": "L"
      },
      {
        "state": "QLD",
        "price": "325",
        "price_per_unit": "433",
        "price_unit": "L"
      },
      {
        "state": "WA",
        "price": "325",
        "price_per_unit": "433",
        "price_unit": "L"
      },
      {
        "state": "SA",
        "price": "325",
        "price_per_unit": "433",
        "price_unit": "L"
      },
      {
        "state": "TAS",
        "price": "310",
        "price_per_unit": "413",
        "price_unit": "L"
      },
      {
        "state": "ACT",
        "price": "325",
        "price_per_unit": "433",
        "price_unit": "L"
      },
      {
        "state": "NT",
        "price": "340",
        "price_per_unit": "453",
        "price_unit": "L"
      }
    ]
  },
  {
    "source_url": "https://www.woolworths.com.au/shop/productdetails/307290/sanpellegrino-sparkling-natural-mineral-water",
    "name": "Sanpellegrino Sparkling Natural Mineral Water 750ml x12 Pack",
    "image_url": "https://cdn1.woolworths.media/content/wowproductimages/large/307290.jpg",
    "source_id": "Woolworths - 307290",
    "barcode": "8002270023590",
    "category_id": "1_5AF3A0A",
    "shop": "Woolworths",
    "weight": "1L",
    "prices": [
      {
        "state": "NSW",
        "price": "3150",
        "price_per_unit": "350",
        "price_unit": "L"
      },
      {
        "state": "VIC",
        "price": "3000",
        "price_per_unit": "333",
        "price_unit": "L"
      },
      {
        "state": "QLD",
        "price": "3150",
        "price_per_unit": "350",
        "price_unit": "L"
      },
      {
        "state": "WA",
        "price": "3150",
        "price_per_unit": "350",
        "price_unit": "L"
      },
      {
        "state": "SA",
        "price": "3150",
        "price_per_unit": "350",
        "price_unit": "L"
      },
      {
        "state": "TAS",
        "price": "3000",
        "price_per_unit": "333",
        "price_unit": "L"
      },
      {
        "state": "ACT",
        "price": "3150",
        "price_per_unit": "350",
        "price_unit": "L"
      }
    ]
  },
  {
    "source_url": "https://www.woolworths.com.au/shop/productdetails/80504/sanpellegrino-sparkling-natural-mineral-water-slim-cans",
    "name": "Sanpellegrino Sparkling Natural Mineral Water Slim Cans 330ml x8 Pack",
    "image_url": "https://cdn1.woolworths.media/content/wowproductimages/large/080504.jpg",
    "source_id": "Woolworths - 80504",
    "barcode": "8002270286667",
    "category_id": "1_5AF3A0A",
    "shop": "Woolworths",
    "weight": "1L",
    "prices": [
      {
        "state": "NSW",
        "price": "1560",
        "price_per_unit": "591",
        "price_unit": "L"
      },
      {
        "state": "VIC",
        "price": "1560",
        "price_per_unit": "591",
        "price_unit": "L"
      },
      {
        "state": "QLD",
        "price": "1560",
        "price_per_unit": "591",
        "price_unit": "L"
      },
      {
        "state": "WA",
        "price": "1560",
        "price_per_unit": "591",
        "price_unit": "L"
      },
      {
        "state": "SA",
        "price": "1560",
        "price_per_unit": "591",
        "price_unit": "L"
      },
      {
        "state": "ACT",
        "price": "1560",
        "price_per_unit": "591",
        "price_unit": "L"
      },
      {
        "state": "NT",
        "price": "1630",
        "price_per_unit": "617",
        "price_unit": "L"
      }
    ]
  },
  {
    "source_url": "https://www.woolworths.com.au/shop/productdetails/647107/santa-vittoria-sparkling-mineral-water",
    "name": "Santa Vittoria Sparkling Mineral Water 6x750ml",
    "image_url": "https://cdn1.woolworths.media/content/wowproductimages/large/647107.jpg",
    "source_id": "Woolworths - 647107",
    "barcode": "9310631623853",
    "category_id": "1_5AF3A0A",
    "shop": "Woolworths",
    "weight": "1L",
    "prices": [
      {
        "state": "NSW",
        "price": "1180",
        "price_per_unit": "262",
        "price_unit": "L"
      },
      {
        "state": "VIC",
        "price": "1180",
        "price_per_unit": "262",
        "price_unit": "L"
      },
      {
        "state": "QLD",
        "price": "1180",
        "price_per_unit": "262",
        "price_unit": "L"
      },
      {
        "state": "WA",
        "price": "1185",
        "price_per_unit": "263",
        "price_unit": "L"
      },
      {
        "state": "SA",
        "price": "1180",
        "price_per_unit": "262",
        "price_unit": "L"
      },
      {
        "state": "TAS",
        "price": "1090",
        "price_per_unit": "242",
        "price_unit": "L"
      },
      {
        "state": "ACT",
        "price": "1180",
        "price_per_unit": "262",
        "price_unit": "L"
      }
    ]
  },
  {
    "source_url": "https://www.woolworths.com.au/shop/productdetails/352601/santa-vittoria-sparkling-mineral-water",
    "name": "Santa Vittoria Sparkling Mineral Water 750ml",
    "image_url": "https://cdn1.woolworths.media/content/wowproductimages/large/352601.jpg",
    "source_id": "Woolworths - 352601",
    "barcode": "9310631623846",
    "category_id": "1_5AF3A0A",
    "shop": "Woolworths",
    "weight": "1L",
    "prices": [
      {
        "state": "NSW",
        "price": "235",
        "price_per_unit": "313",
        "price_unit": "L"
      },
      {
        "state": "VIC",
        "price": "235",
        "price_per_unit": "313",
        "price_unit": "L"
      },
      {
        "state": "QLD",
        "price": "235",
        "price_per_unit": "313",
        "price_unit": "L"
      },
      {
        "state": "WA",
        "price": "235",
        "price_per_unit": "313",
        "price_unit": "L"
      },
      {
        "state": "SA",
        "price": "235",
        "price_per_unit": "313",
        "price_unit": "L"
      },
      {
        "state": "TAS",
        "price": "235",
        "price_per_unit": "313",
        "price_unit": "L"
      },
      {
        "state": "ACT",
        "price": "235",
        "price_per_unit": "313",
        "price_unit": "L"
      }
    ]
  },
  {
    "source_url": "https://www.woolworths.com.au/shop/productdetails/253762/schweppes-natural-mineral-water-bottle-glass-multipack",
    "name": "Schweppes Natural Mineral Water Bottle Glass Multipack 300ml x 4 Pack",
    "image_url": "https://cdn1.woolworths.media/content/wowproductimages/large/253762.jpg",
    "source_id": "Woolworths - 253762",
    "barcode": "9315596000596",
    "category_id": "1_5AF3A0A",
    "shop": "Woolworths",
    "weight": "1L",
    "prices": [
      {
        "state": "NSW",
        "price": "740",
        "price_per_unit": "617",
        "price_unit": "L"
      },
      {
        "state": "VIC",
        "price": "740",
        "price_per_unit": "617",
        "price_unit": "L"
      },
      {
        "state": "QLD",
        "price": "740",
        "price_per_unit": "617",
        "price_unit": "L"
      },
      {
        "state": "WA",
        "price": "740",
        "price_per_unit": "617",
        "price_unit": "L"
      },
      {
        "state": "SA",
        "price": "740",
        "price_per_unit": "617",
        "price_unit": "L"
      },
      {
        "state": "ACT",
        "price": "740",
        "price_per_unit": "617",
        "price_unit": "L"
      }
    ]
  },
  {
    "source_url": "https://www.woolworths.com.au/shop/productdetails/634292/schweppes-natural-mineral-water-bottle-natural",
    "name": "Schweppes Natural Mineral Water Bottle Natural 1.1l",
    "image_url": "https://cdn1.woolworths.media/content/wowproductimages/large/634292.jpg",
    "source_id": "Woolworths - 634292",
    "barcode": "9315596006376",
    "category_id": "1_5AF3A0A",
    "shop": "Woolworths",
    "weight": "1L",
    "prices": [
      {
        "state": "NSW",
        "price": "150",
        "price_per_unit": "136",
        "price_unit": "L"
      },
      {
        "state": "VIC",
        "price": "150",
        "price_per_unit": "136",
        "price_unit": "L"
      },
      {
        "state": "QLD",
        "price": "150",
        "price_per_unit": "136",
        "price_unit": "L"
      },
      {
        "state": "WA",
        "price": "150",
        "price_per_unit": "136",
        "price_unit": "L"
      },
      {
        "state": "SA",
        "price": "150",
        "price_per_unit": "136",
        "price_unit": "L"
      },
      {
        "state": "TAS",
        "price": "140",
        "price_per_unit": "127",
        "price_unit": "L"
      },
      {
        "state": "ACT",
        "price": "150",
        "price_per_unit": "136",
        "price_unit": "L"
      },
      {
        "state": "NT",
        "price": "150",
        "price_per_unit": "136",
        "price_unit": "L"
      }
    ]
  },
  {
    "source_url": "https://www.woolworths.com.au/shop/productdetails/756086/woolworths-lightly-sparkling-spring-water",
    "name": "Woolworths Lightly Sparkling Spring Water 1.25l",
    "image_url": "https://cdn1.woolworths.media/content/wowproductimages/large/756086.jpg",
    "source_id": "Woolworths - 756086",
    "barcode": "9300633417895",
    "category_id": "1_5AF3A0A",
    "shop": "Woolworths",
    "weight": "1L",
    "prices": [
      {
        "state": "NSW",
        "price": "180",
        "price_per_unit": "144",
        "price_unit": "L"
      },
      {
        "state": "VIC",
        "price": "180",
        "price_per_unit": "144",
        "price_unit": "L"
      },
      {
        "state": "QLD",
        "price": "180",
        "price_per_unit": "144",
        "price_unit": "L"
      },
      {
        "state": "WA",
        "price": "180",
        "price_per_unit": "144",
        "price_unit": "L"
      },
      {
        "state": "SA",
        "price": "180",
        "price_per_unit": "144",
        "price_unit": "L"
      },
      {
        "state": "TAS",
        "price": "180",
        "price_per_unit": "144",
        "price_unit": "L"
      },
      {
        "state": "ACT",
        "price": "180",
        "price_per_unit": "144",
        "price_unit": "L"
      },
      {
        "state": "NT",
        "price": "180",
        "price_per_unit": "144",
        "price_unit": "L"
      }
    ]
  },
  {
    "source_url": "https://www.woolworths.com.au/shop/productdetails/561890/woolworths-lightly-sparkling-spring-water",
    "name": "Woolworths Lightly Sparkling Spring Water 500ml x 20 Pack",
    "image_url": "https://cdn1.woolworths.media/content/wowproductimages/large/561890.jpg",
    "source_id": "Woolworths - 561890",
    "barcode": "9300633629755",
    "category_id": "1_5AF3A0A",
    "shop": "Woolworths",
    "weight": "1L",
    "prices": [
      {
        "state": "NSW",
        "price": "1200",
        "price_per_unit": "120",
        "price_unit": "L"
      },
      {
        "state": "VIC",
        "price": "1200",
        "price_per_unit": "120",
        "price_unit": "L"
      },
      {
        "state": "QLD",
        "price": "1200",
        "price_per_unit": "120",
        "price_unit": "L"
      },
      {
        "state": "WA",
        "price": "1200",
        "price_per_unit": "120",
        "price_unit": "L"
      },
      {
        "state": "SA",
        "price": "1200",
        "price_per_unit": "120",
        "price_unit": "L"
      },
      {
        "state": "TAS",
        "price": "950",
        "price_per_unit": "95",
        "price_unit": "L"
      },
      {
        "state": "ACT",
        "price": "1200",
        "price_per_unit": "120",
        "price_unit": "L"
      },
      {
        "state": "NT",
        "price": "1200",
        "price_per_unit": "120",
        "price_unit": "L"
      }
    ]
  },
  {
    "source_url": "https://www.woolworths.com.au/shop/productdetails/756076/woolworths-sparkling-mineral-water",
    "name": "Woolworths Sparkling Mineral Water 1.25l",
    "image_url": "https://cdn1.woolworths.media/content/wowproductimages/large/756076.jpg",
    "source_id": "Woolworths - 756076",
    "barcode": "9300633417802",
    "category_id": "1_5AF3A0A",
    "shop": "Woolworths",
    "weight": "1L",
    "prices": [
      {
        "state": "NSW",
        "price": "120",
        "price_per_unit": "96",
        "price_unit": "L"
      },
      {
        "state": "QLD",
        "price": "120",
        "price_per_unit": "96",
        "price_unit": "L"
      },
      {
        "state": "WA",
        "price": "110",
        "price_per_unit": "88",
        "price_unit": "L"
      },
      {
        "state": "SA",
        "price": "120",
        "price_per_unit": "96",
        "price_unit": "L"
      },
      {
        "state": "TAS",
        "price": "90",
        "price_per_unit": "72",
        "price_unit": "L"
      },
      {
        "state": "ACT",
        "price": "120",
        "price_per_unit": "96",
        "price_unit": "L"
      },
      {
        "state": "NT",
        "price": "120",
        "price_per_unit": "96",
        "price_unit": "L"
      }
    ]
  },
  {
    "source_url": "https://www.woolworths.com.au/shop/productdetails/634293/schweppes-lemon-lime-natural-mineral-water-bottle",
    "name": "Schweppes Lemon Lime Natural Mineral Water Bottle 1.1l",
    "image_url": "https://cdn1.woolworths.media/content/wowproductimages/large/634293.jpg",
    "source_id": "Woolworths - 634293",
    "barcode": "9315596006383",
    "category_id": "1_5AF3A0A",
    "shop": "Woolworths",
    "weight": "1L",
    "prices": [
      {
        "state": "VIC",
        "price": "300",
        "price_per_unit": "273",
        "price_unit": "L"
      },
      {
        "state": "QLD",
        "price": "300",
        "price_per_unit": "273",
        "price_unit": "L"
      },
      {
        "state": "WA",
        "price": "300",
        "price_per_unit": "273",
        "price_unit": "L"
      },
      {
        "state": "SA",
        "price": "300",
        "price_per_unit": "273",
        "price_unit": "L"
      },
      {
        "state": "NT",
        "price": "315",
        "price_per_unit": "286",
        "price_unit": "L"
      }
    ]
  },
  {
    "source_url": "https://www.woolworths.com.au/shop/productdetails/634284/schweppes-orange-mango-natural-mineral-water-bottle",
    "name": "Schweppes Orange Mango Natural Mineral Water Bottle 1.1l",
    "image_url": "https://cdn1.woolworths.media/content/wowproductimages/large/634284.jpg",
    "source_id": "Woolworths - 634284",
    "barcode": "9315596006390",
    "category_id": "1_5AF3A0A",
    "shop": "Woolworths",
    "weight": "1L",
    "prices": [
      {
        "state": "VIC",
        "price": "300",
        "price_per_unit": "273",
        "price_unit": "L"
      },
      {
        "state": "QLD",
        "price": "300",
        "price_per_unit": "273",
        "price_unit": "L"
      },
      {
        "state": "WA",
        "price": "300",
        "price_per_unit": "273",
        "price_unit": "L"
      },
      {
        "state": "SA",
        "price": "300",
        "price_per_unit": "273",
        "price_unit": "L"
      },
      {
        "state": "TAS",
        "price": "285",
        "price_per_unit": "259",
        "price_unit": "L"
      },
      {
        "state": "ACT",
        "price": "300",
        "price_per_unit": "273",
        "price_unit": "L"
      },
      {
        "state": "NT",
        "price": "315",
        "price_per_unit": "286",
        "price_unit": "L"
      }
    ]
  },
  {
    "source_url": "https://www.woolworths.com.au/shop/productdetails/130685/woolworths-diet-apple-berry-flavoured-sparkling-mineral-water",
    "name": "Woolworths Diet Apple & Berry Flavoured Sparkling Mineral Water 1.25l",
    "image_url": "https://cdn1.woolworths.media/content/wowproductimages/large/130685.jpg",
    "source_id": "Woolworths - 130685",
    "barcode": "9339687219629",
    "category_id": "1_5AF3A0A",
    "shop": "Woolworths",
    "weight": "1L",
    "prices": [
      {
        "state": "VIC",
        "price": "130",
        "price_per_unit": "104",
        "price_unit": "L"
      },
      {
        "state": "QLD",
        "price": "130",
        "price_per_unit": "104",
        "price_unit": "L"
      },
      {
        "state": "WA",
        "price": "130",
        "price_per_unit": "104",
        "price_unit": "L"
      },
      {
        "state": "NT",
        "price": "130",
        "price_per_unit": "104",
        "price_unit": "L"
      }
    ]
  },
  {
    "source_url": "https://www.woolworths.com.au/shop/productdetails/756078/woolworths-diet-blood-orange-sparkling-mineral-water",
    "name": "Woolworths Diet Blood Orange Sparkling Mineral Water 1.25l",
    "image_url": "https://cdn1.woolworths.media/content/wowproductimages/large/756078.jpg",
    "source_id": "Woolworths - 756078",
    "barcode": "9339687219452",
    "category_id": "1_5AF3A0A",
    "shop": "Woolworths",
    "weight": "1L",
    "prices": [
      {
        "state": "VIC",
        "price": "130",
        "price_per_unit": "104",
        "price_unit": "L"
      },
      {
        "state": "WA",
        "price": "130",
        "price_per_unit": "104",
        "price_unit": "L"
      },
      {
        "state": "NT",
        "price": "130",
        "price_per_unit": "104",
        "price_unit": "L"
      }
    ]
  },
  {
    "source_url": "https://www.woolworths.com.au/shop/productdetails/756077/woolworths-diet-orange-passionfruit-sparkling-mineral-water",
    "name": "Woolworths Diet Orange & Passionfruit Sparkling Mineral Water 1.25l",
    "image_url": "https://cdn1.woolworths.media/content/wowproductimages/large/756077.jpg",
    "source_id": "Woolworths - 756077",
    "barcode": "9339687219445",
    "category_id": "1_5AF3A0A",
    "shop": "Woolworths",
    "weight": "1L",
    "prices": [
      {
        "state": "VIC",
        "price": "130",
        "price_per_unit": "104",
        "price_unit": "L"
      },
      {
        "state": "WA",
        "price": "130",
        "price_per_unit": "104",
        "price_unit": "L"
      },
      {
        "state": "NT",
        "price": "130",
        "price_per_unit": "104",
        "price_unit": "L"
      }
    ]
  },
  {
    "source_url": "https://www.woolworths.com.au/shop/productdetails/799638/woolworths-sparkling-mineral-water",
    "name": "Woolworths Sparkling Mineral Water 1.25l",
    "image_url": "https://cdn1.woolworths.media/content/wowproductimages/large/799638.jpg",
    "source_id": "Woolworths - 799638",
    "barcode": "9339687219438",
    "category_id": "1_5AF3A0A",
    "shop": "Woolworths",
    "weight": "1L",
    "prices": [
      {
        "state": "VIC",
        "price": "130",
        "price_per_unit": "104",
        "price_unit": "L"
      }
    ]
  },
  {
    "source_url": "https://www.woolworths.com.au/shop/productdetails/394650/vessel-sparkling-spring-water",
    "name": "Vessel Sparkling Spring Water 473ml",
    "image_url": "https://cdn1.woolworths.media/content/wowproductimages/large/394650.jpg",
    "source_id": "Woolworths - 394650",
    "barcode": "9369998500048",
    "category_id": "1_5AF3A0A",
    "shop": "Woolworths",
    "weight": "1L",
    "prices": [
      {
        "state": "WA",
        "price": "395",
        "price_per_unit": "835",
        "price_unit": "L"
      },
      {
        "state": "SA",
        "price": "395",
        "price_per_unit": "835",
        "price_unit": "L"
      },
      {
        "state": "TAS",
        "price": "395",
        "price_per_unit": "835",
        "price_unit": "L"
      }
    ]
  },
  {
    "source_url": "https://www.woolworths.com.au/shop/productdetails/906441/la-croix-grapefruit-sparkling-water",
    "name": "La Croix Grapefruit Sparkling Water 335mL",
    "image_url": "https://cdn1.woolworths.media/content/wowproductimages/large/906441.jpg",
    "source_id": "Woolworths - 906441",
    "barcode": "12993101619",
    "category_id": "1_5AF3A0A",
    "shop": "Woolworths",
    "weight": "1L",
    "prices": [
      {
        "state": "SA",
        "price": "350",
        "price_per_unit": "986",
        "price_unit": "L"
      }
    ]
  },
  {
    "source_url": "https://www.woolworths.com.au/shop/productdetails/905290/la-croix-hibiscus-sparkling-water",
    "name": "La Croix Hibiscus Sparkling Water 355mL",
    "image_url": "https://cdn1.woolworths.media/content/wowproductimages/large/905290.jpg",
    "source_id": "Woolworths - 905290",
    "barcode": "12993441098",
    "category_id": "1_5AF3A0A",
    "shop": "Woolworths",
    "weight": "1L",
    "prices": [
      {
        "state": "SA",
        "price": "350",
        "price_per_unit": "986",
        "price_unit": "L"
      }
    ]
  },
  {
    "source_url": "https://www.woolworths.com.au/shop/productdetails/109466/pure-tassie-sparkling-water",
    "name": "Pure Tassie Sparkling Water 750ml",
    "image_url": "https://cdn1.woolworths.media/content/wowproductimages/large/109466.jpg",
    "source_id": "Woolworths - 109466",
    "barcode": "9315251901718",
    "category_id": "1_5AF3A0A",
    "shop": "Woolworths",
    "weight": "1L",
    "prices": [
      {
        "state": "TAS",
        "price": "280",
        "price_per_unit": "373",
        "price_unit": "L"
      }
    ]
  }
]