[
  {
    "source_url": "https://www.woolworths.com.au/shop/productdetails/673717/chux-dishwand-handle",
    "name": "Chux Dishwand Handle Each",
    "image_url": "https://cdn1.woolworths.media/content/wowproductimages/large/673717.jpg",
    "source_id": "Woolworths - 673717",
    "barcode": "9318191903552",
    "shop": "Woolworths",
    "weight": "1EA",
    "prices": [
      {
        "state": "NSW",
        "price": "510",
        "price_per_unit": "510",
        "price_unit": "EA"
      },
      {
        "state": "VIC",
        "price": "510",
        "price_per_unit": "510",
        "price_unit": "EA"
      },
      {
        "state": "QLD",
        "price": "510",
        "price_per_unit": "510",
        "price_unit": "EA"
      },
      {
        "state": "WA",
        "price": "510",
        "price_per_unit": "510",
        "price_unit": "EA"
      },
      {
        "state": "SA",
        "price": "510",
        "price_per_unit": "510",
        "price_unit": "EA"
      },
      {
        "state": "TAS",
        "price": "510",
        "price_per_unit": "510",
        "price_unit": "EA"
      },
      {
        "state": "ACT",
        "price": "510",
        "price_per_unit": "510",
        "price_unit": "EA"
      },
      {
        "state": "NT",
        "price": "525",
        "price_per_unit": "525",
        "price_unit": "EA"
      }
    ]
  },
  {
    "source_url": "https://www.woolworths.com.au/shop/productdetails/689001/cleanery-dishwashing-liquid-powder-refill-citrus",
    "name": "Cleanery Dishwashing Liquid Powder Refill Citrus 30g",
    "image_url": "https://cdn1.woolworths.media/content/wowproductimages/large/689001.jpg",
    "source_id": "Woolworths - 689001",
    "barcode": "9421036260885",
    "shop": "Woolworths",
    "weight": "100G",
    "prices": [
      {
        "state": "NSW",
        "price": "440",
        "price_per_unit": "1467",
        "price_unit": "G"
      },
      {
        "state": "VIC",
        "price": "440",
        "price_per_unit": "1467",
        "price_unit": "G"
      },
      {
        "state": "QLD",
        "price": "440",
        "price_per_unit": "1467",
        "price_unit": "G"
      },
      {
        "state": "WA",
        "price": "440",
        "price_per_unit": "1467",
        "price_unit": "G"
      },
      {
        "state": "SA",
        "price": "440",
        "price_per_unit": "1467",
        "price_unit": "G"
      },
      {
        "state": "TAS",
        "price": "440",
        "price_per_unit": "1467",
        "price_unit": "G"
      },
      {
        "state": "ACT",
        "price": "440",
        "price_per_unit": "1467",
        "price_unit": "G"
      },
      {
        "state": "NT",
        "price": "460",
        "price_per_unit": "1533",
        "price_unit": "G"
      }
    ]
  },
  {
    "source_url": "https://www.woolworths.com.au/shop/productdetails/681004/cleanery-reusable-squeeze-bottle",
    "name": "Cleanery Reusable Squeeze Bottle 500mL",
    "image_url": "https://cdn1.woolworths.media/content/wowproductimages/large/681004.jpg",
    "source_id": "Woolworths - 681004",
    "barcode": "9421036260960",
    "shop": "Woolworths",
    "weight": "100ML",
    "prices": [
      {
        "state": "NSW",
        "price": "500",
        "price_per_unit": "100",
        "price_unit": "ML"
      },
      {
        "state": "VIC",
        "price": "500",
        "price_per_unit": "100",
        "price_unit": "ML"
      },
      {
        "state": "QLD",
        "price": "500",
        "price_per_unit": "100",
        "price_unit": "ML"
      },
      {
        "state": "WA",
        "price": "500",
        "price_per_unit": "100",
        "price_unit": "ML"
      },
      {
        "state": "SA",
        "price": "500",
        "price_per_unit": "100",
        "price_unit": "ML"
      },
      {
        "state": "TAS",
        "price": "500",
        "price_per_unit": "100",
        "price_unit": "ML"
      },
      {
        "state": "ACT",
        "price": "500",
        "price_per_unit": "100",
        "price_unit": "ML"
      },
      {
        "state": "NT",
        "price": "520",
        "price_per_unit": "104",
        "price_unit": "ML"
      }
    ]
  },
  {
    "source_url": "https://www.woolworths.com.au/shop/productdetails/137572/ecostore-dishwash-dish-wash-liquid-jasmine-harakeke",
    "name": "Dish Wash Liquid Jasmine & Harakeke 1l",
    "image_url": "https://cdn1.woolworths.media/content/wowproductimages/large/137572.jpg",
    "source_id": "Woolworths - 137572",
    "barcode": "9420015011166",
    "shop": "Woolworths",
    "weight": "100ML",
    "prices": [
      {
        "state": "NSW",
        "price": "880",
        "price_per_unit": "88",
        "price_unit": "ML"
      },
      {
        "state": "VIC",
        "price": "880",
        "price_per_unit": "88",
        "price_unit": "ML"
      },
      {
        "state": "QLD",
        "price": "880",
        "price_per_unit": "88",
        "price_unit": "ML"
      },
      {
        "state": "WA",
        "price": "880",
        "price_per_unit": "88",
        "price_unit": "ML"
      },
      {
        "state": "SA",
        "price": "880",
        "price_per_unit": "88",
        "price_unit": "ML"
      },
      {
        "state": "TAS",
        "price": "880",
        "price_per_unit": "88",
        "price_unit": "ML"
      },
      {
        "state": "ACT",
        "price": "880",
        "price_per_unit": "88",
        "price_unit": "ML"
      },
      {
        "state": "NT",
        "price": "920",
        "price_per_unit": "92",
        "price_unit": "ML"
      }
    ]
  },
  {
    "source_url": "https://www.woolworths.com.au/shop/productdetails/10432/earth-choice-dishwashing-liquid",
    "name": "Earth Choice Dishwashing Liquid 1l",
    "image_url": "https://cdn1.woolworths.media/content/wowproductimages/large/010432.jpg",
    "source_id": "Woolworths - 10432",
    "barcode": "9310692111115",
    "shop": "Woolworths",
    "weight": "100ML",
    "prices": [
      {
        "state": "NSW",
        "price": "235",
        "price_per_unit": "24",
        "price_unit": "ML"
      },
      {
        "state": "VIC",
        "price": "235",
        "price_per_unit": "24",
        "price_unit": "ML"
      },
      {
        "state": "QLD",
        "price": "235",
        "price_per_unit": "24",
        "price_unit": "ML"
      },
      {
        "state": "WA",
        "price": "235",
        "price_per_unit": "24",
        "price_unit": "ML"
      },
      {
        "state": "SA",
        "price": "235",
        "price_per_unit": "24",
        "price_unit": "ML"
      },
      {
        "state": "TAS",
        "price": "235",
        "price_per_unit": "24",
        "price_unit": "ML"
      },
      {
        "state": "ACT",
        "price": "235",
        "price_per_unit": "24",
        "price_unit": "ML"
      },
      {
        "state": "NT",
        "price": "235",
        "price_per_unit": "24",
        "price_unit": "ML"
      }
    ]
  },
  {
    "source_url": "https://www.woolworths.com.au/shop/productdetails/753871/earth-choice-dishwashing-liquid",
    "name": "Earth Choice Dishwashing Liquid 900ml",
    "image_url": "https://cdn1.woolworths.media/content/wowproductimages/large/753871.jpg",
    "source_id": "Woolworths - 753871",
    "barcode": "9310692112198",
    "shop": "Woolworths",
    "weight": "100ML",
    "prices": [
      {
        "state": "NSW",
        "price": "580",
        "price_per_unit": "64",
        "price_unit": "ML"
      },
      {
        "state": "VIC",
        "price": "580",
        "price_per_unit": "64",
        "price_unit": "ML"
      },
      {
        "state": "QLD",
        "price": "580",
        "price_per_unit": "64",
        "price_unit": "ML"
      },
      {
        "state": "WA",
        "price": "580",
        "price_per_unit": "64",
        "price_unit": "ML"
      },
      {
        "state": "SA",
        "price": "580",
        "price_per_unit": "64",
        "price_unit": "ML"
      },
      {
        "state": "TAS",
        "price": "580",
        "price_per_unit": "64",
        "price_unit": "ML"
      },
      {
        "state": "ACT",
        "price": "580",
        "price_per_unit": "64",
        "price_unit": "ML"
      },
      {
        "state": "NT",
        "price": "610",
        "price_per_unit": "68",
        "price_unit": "ML"
      }
    ]
  },
  {
    "source_url": "https://www.woolworths.com.au/shop/productdetails/227264/earth-choice-dishwashing-liquid-green-tea-lime",
    "name": "Earth Choice Dishwashing Liquid Green Tea & Lime 500ml",
    "image_url": "https://cdn1.woolworths.media/content/wowproductimages/large/227264.jpg",
    "source_id": "Woolworths - 227264",
    "barcode": "9310692112150",
    "shop": "Woolworths",
    "weight": "100ML",
    "prices": [
      {
        "state": "NSW",
        "price": "325",
        "price_per_unit": "65",
        "price_unit": "ML"
      },
      {
        "state": "VIC",
        "price": "325",
        "price_per_unit": "65",
        "price_unit": "ML"
      },
      {
        "state": "QLD",
        "price": "325",
        "price_per_unit": "65",
        "price_unit": "ML"
      },
      {
        "state": "WA",
        "price": "325",
        "price_per_unit": "65",
        "price_unit": "ML"
      },
      {
        "state": "SA",
        "price": "325",
        "price_per_unit": "65",
        "price_unit": "ML"
      },
      {
        "state": "TAS",
        "price": "325",
        "price_per_unit": "65",
        "price_unit": "ML"
      },
      {
        "state": "ACT",
        "price": "325",
        "price_per_unit": "65",
        "price_unit": "ML"
      },
      {
        "state": "NT",
        "price": "340",
        "price_per_unit": "68",
        "price_unit": "ML"
      }
    ]
  },
  {
    "source_url": "https://www.woolworths.com.au/shop/productdetails/158605/earth-choice-ultra-concentrate-dishwashing-liquid-red-apple",
    "name": "Earth Choice Ultra Concentrate Dishwashing Liquid Red Apple 900ml",
    "image_url": "https://cdn1.woolworths.media/content/wowproductimages/large/158605.jpg",
    "source_id": "Woolworths - 158605",
    "barcode": "9310692112099",
    "shop": "Woolworths",
    "weight": "100ML",
    "prices": [
      {
        "state": "NSW",
        "price": "580",
        "price_per_unit": "64",
        "price_unit": "ML"
      },
      {
        "state": "WA",
        "price": "580",
        "price_per_unit": "64",
        "price_unit": "ML"
      },
      {
        "state": "SA",
        "price": "580",
        "price_per_unit": "64",
        "price_unit": "ML"
      },
      {
        "state": "TAS",
        "price": "580",
        "price_per_unit": "64",
        "price_unit": "ML"
      },
      {
        "state": "ACT",
        "price": "580",
        "price_per_unit": "64",
        "price_unit": "ML"
      },
      {
        "state": "NT",
        "price": "610",
        "price_per_unit": "68",
        "price_unit": "ML"
      }
    ]
  },
  {
    "source_url": "https://www.woolworths.com.au/shop/productdetails/759634/eco-planet-automatic-dishwasher-powder",
    "name": "Eco Planet Automatic Dishwasher Powder 1kg",
    "image_url": "https://cdn1.woolworths.media/content/wowproductimages/large/759634.jpg",
    "source_id": "Woolworths - 759634",
    "barcode": "9421017904258",
    "shop": "Woolworths",
    "weight": "100G",
    "prices": [
      {
        "state": "NSW",
        "price": "990",
        "price_per_unit": "99",
        "price_unit": "G"
      },
      {
        "state": "VIC",
        "price": "990",
        "price_per_unit": "99",
        "price_unit": "G"
      },
      {
        "state": "QLD",
        "price": "990",
        "price_per_unit": "99",
        "price_unit": "G"
      },
      {
        "state": "WA",
        "price": "990",
        "price_per_unit": "99",
        "price_unit": "G"
      },
      {
        "state": "SA",
        "price": "990",
        "price_per_unit": "99",
        "price_unit": "G"
      },
      {
        "state": "TAS",
        "price": "990",
        "price_per_unit": "99",
        "price_unit": "G"
      },
      {
        "state": "ACT",
        "price": "990",
        "price_per_unit": "99",
        "price_unit": "G"
      },
      {
        "state": "NT",
        "price": "990",
        "price_per_unit": "99",
        "price_unit": "G"
      }
    ]
  },
  {
    "source_url": "https://www.woolworths.com.au/shop/productdetails/759628/eco-planet-automatic-dishwasher-tablets-with-rinse-aid",
    "name": "Eco Planet Automatic Dishwasher Tablets With Rinse Aid 30 pack",
    "image_url": "https://cdn1.woolworths.media/content/wowproductimages/large/759628.jpg",
    "source_id": "Woolworths - 759628",
    "barcode": "9421017904012",
    "shop": "Woolworths",
    "weight": "1EA",
    "prices": [
      {
        "state": "NSW",
        "price": "1470",
        "price_per_unit": "49",
        "price_unit": "EA"
      },
      {
        "state": "VIC",
        "price": "1470",
        "price_per_unit": "49",
        "price_unit": "EA"
      },
      {
        "state": "QLD",
        "price": "1470",
        "price_per_unit": "49",
        "price_unit": "EA"
      },
      {
        "state": "WA",
        "price": "1470",
        "price_per_unit": "49",
        "price_unit": "EA"
      },
      {
        "state": "SA",
        "price": "1470",
        "price_per_unit": "49",
        "price_unit": "EA"
      },
      {
        "state": "TAS",
        "price": "1470",
        "price_per_unit": "49",
        "price_unit": "EA"
      },
      {
        "state": "ACT",
        "price": "1470",
        "price_per_unit": "49",
        "price_unit": "EA"
      },
      {
        "state": "NT",
        "price": "1470",
        "price_per_unit": "49",
        "price_unit": "EA"
      }
    ]
  },
  {
    "source_url": "https://www.woolworths.com.au/shop/productdetails/742382/ecostore-dish-liquid-ultrasensitive",
    "name": "Ecostore Dish Liquid Ultrasensitive 500ml",
    "image_url": "https://cdn1.woolworths.media/content/wowproductimages/large/742382.jpg",
    "source_id": "Woolworths - 742382",
    "barcode": "9420015011029",
    "shop": "Woolworths",
    "weight": "100ML",
    "prices": [
      {
        "state": "NSW",
        "price": "480",
        "price_per_unit": "96",
        "price_unit": "ML"
      },
      {
        "state": "VIC",
        "price": "480",
        "price_per_unit": "96",
        "price_unit": "ML"
      },
      {
        "state": "QLD",
        "price": "480",
        "price_per_unit": "96",
        "price_unit": "ML"
      },
      {
        "state": "WA",
        "price": "480",
        "price_per_unit": "96",
        "price_unit": "ML"
      },
      {
        "state": "SA",
        "price": "480",
        "price_per_unit": "96",
        "price_unit": "ML"
      },
      {
        "state": "TAS",
        "price": "480",
        "price_per_unit": "96",
        "price_unit": "ML"
      },
      {
        "state": "ACT",
        "price": "480",
        "price_per_unit": "96",
        "price_unit": "ML"
      },
      {
        "state": "NT",
        "price": "500",
        "price_per_unit": "100",
        "price_unit": "ML"
      }
    ]
  },
  {
    "source_url": "https://www.woolworths.com.au/shop/productdetails/272765/ecostore-dishwasher-powder-lemon",
    "name": "Ecostore Dishwasher Powder Lemon 1kg",
    "image_url": "https://cdn1.woolworths.media/content/wowproductimages/large/272765.jpg",
    "source_id": "Woolworths - 272765",
    "barcode": "9420015000146",
    "shop": "Woolworths",
    "weight": "100G",
    "prices": [
      {
        "state": "NSW",
        "price": "1100",
        "price_per_unit": "110",
        "price_unit": "G"
      },
      {
        "state": "VIC",
        "price": "1100",
        "price_per_unit": "110",
        "price_unit": "G"
      },
      {
        "state": "QLD",
        "price": "1100",
        "price_per_unit": "110",
        "price_unit": "G"
      },
      {
        "state": "WA",
        "price": "1100",
        "price_per_unit": "110",
        "price_unit": "G"
      },
      {
        "state": "SA",
        "price": "1100",
        "price_per_unit": "110",
        "price_unit": "G"
      },
      {
        "state": "TAS",
        "price": "1100",
        "price_per_unit": "110",
        "price_unit": "G"
      },
      {
        "state": "ACT",
        "price": "1100",
        "price_per_unit": "110",
        "price_unit": "G"
      },
      {
        "state": "NT",
        "price": "1160",
        "price_per_unit": "116",
        "price_unit": "G"
      }
    ]
  },
  {
    "source_url": "https://www.woolworths.com.au/shop/productdetails/273006/ecostore-dishwashing-rinse-aid-lemon",
    "name": "Ecostore Dishwashing Rinse Aid Lemon 200ml",
    "image_url": "https://cdn1.woolworths.media/content/wowproductimages/large/273006.jpg",
    "source_id": "Woolworths - 273006",
    "barcode": "9420015000399",
    "shop": "Woolworths",
    "weight": "100ML",
    "prices": [
      {
        "state": "NSW",
        "price": "560",
        "price_per_unit": "280",
        "price_unit": "ML"
      },
      {
        "state": "VIC",
        "price": "560",
        "price_per_unit": "280",
        "price_unit": "ML"
      },
      {
        "state": "QLD",
        "price": "560",
        "price_per_unit": "280",
        "price_unit": "ML"
      },
      {
        "state": "WA",
        "price": "560",
        "price_per_unit": "280",
        "price_unit": "ML"
      },
      {
        "state": "SA",
        "price": "560",
        "price_per_unit": "280",
        "price_unit": "ML"
      },
      {
        "state": "TAS",
        "price": "560",
        "price_per_unit": "280",
        "price_unit": "ML"
      },
      {
        "state": "ACT",
        "price": "560",
        "price_per_unit": "280",
        "price_unit": "ML"
      },
      {
        "state": "NT",
        "price": "590",
        "price_per_unit": "295",
        "price_unit": "ML"
      }
    ]
  },
  {
    "source_url": "https://www.woolworths.com.au/shop/productdetails/620413/fairy-all-in-one-lemon-dishwashing-capsules-lemon",
    "name": "Fairy All In One Lemon Dishwashing Capsules Lemon 100 pack",
    "image_url": "https://cdn1.woolworths.media/content/wowproductimages/large/620413.jpg",
    "source_id": "Woolworths - 620413",
    "barcode": "4987176245960",
    "shop": "Woolworths",
    "weight": "1EA",
    "prices": [
      {
        "state": "NSW",
        "price": "3300",
        "price_per_unit": "33",
        "price_unit": "EA"
      },
      {
        "state": "VIC",
        "price": "3300",
        "price_per_unit": "33",
        "price_unit": "EA"
      },
      {
        "state": "QLD",
        "price": "3300",
        "price_per_unit": "33",
        "price_unit": "EA"
      },
      {
        "state": "WA",
        "price": "3300",
        "price_per_unit": "33",
        "price_unit": "EA"
      },
      {
        "state": "SA",
        "price": "3300",
        "price_per_unit": "33",
        "price_unit": "EA"
      },
      {
        "state": "TAS",
        "price": "3300",
        "price_per_unit": "33",
        "price_unit": "EA"
      },
      {
        "state": "ACT",
        "price": "3300",
        "price_per_unit": "33",
        "price_unit": "EA"
      },
      {
        "state": "NT",
        "price": "3300",
        "price_per_unit": "33",
        "price_unit": "EA"
      }
    ]
  },
  {
    "source_url": "https://www.woolworths.com.au/shop/productdetails/277551/fairy-dishwasher-filter-cleaner",
    "name": "Fairy Dishwasher & Filter Cleaner 250ml",
    "image_url": "https://cdn1.woolworths.media/content/wowproductimages/large/277551.jpg",
    "source_id": "Woolworths - 277551",
    "barcode": "4987176136442",
    "shop": "Woolworths",
    "weight": "100ML",
    "prices": [
      {
        "state": "NSW",
        "price": "575",
        "price_per_unit": "230",
        "price_unit": "ML"
      },
      {
        "state": "VIC",
        "price": "575",
        "price_per_unit": "230",
        "price_unit": "ML"
      },
      {
        "state": "QLD",
        "price": "575",
        "price_per_unit": "230",
        "price_unit": "ML"
      },
      {
        "state": "WA",
        "price": "575",
        "price_per_unit": "230",
        "price_unit": "ML"
      },
      {
        "state": "SA",
        "price": "575",
        "price_per_unit": "230",
        "price_unit": "ML"
      },
      {
        "state": "TAS",
        "price": "575",
        "price_per_unit": "230",
        "price_unit": "ML"
      },
      {
        "state": "ACT",
        "price": "575",
        "price_per_unit": "230",
        "price_unit": "ML"
      },
      {
        "state": "NT",
        "price": "575",
        "price_per_unit": "230",
        "price_unit": "ML"
      }
    ]
  },
  {
    "source_url": "https://www.woolworths.com.au/shop/productdetails/153769/fairy-original-all-in-one-lemon-automatic-dishwasher-tablets",
    "name": "Fairy Original All In One Lemon Automatic Dishwasher Tablets 26 Pack",
    "image_url": "https://cdn1.woolworths.media/content/wowproductimages/large/153769.jpg",
    "source_id": "Woolworths - 153769",
    "barcode": "8001841958279",
    "shop": "Woolworths",
    "weight": "1EA",
    "prices": [
      {
        "state": "NSW",
        "price": "1250",
        "price_per_unit": "48",
        "price_unit": "EA"
      },
      {
        "state": "VIC",
        "price": "1250",
        "price_per_unit": "48",
        "price_unit": "EA"
      },
      {
        "state": "QLD",
        "price": "1250",
        "price_per_unit": "48",
        "price_unit": "EA"
      },
      {
        "state": "SA",
        "price": "1250",
        "price_per_unit": "48",
        "price_unit": "EA"
      },
      {
        "state": "TAS",
        "price": "1250",
        "price_per_unit": "48",
        "price_unit": "EA"
      },
      {
        "state": "ACT",
        "price": "1250",
        "price_per_unit": "48",
        "price_unit": "EA"
      },
      {
        "state": "NT",
        "price": "1250",
        "price_per_unit": "48",
        "price_unit": "EA"
      }
    ]
  },
  {
    "source_url": "https://www.woolworths.com.au/shop/productdetails/155680/fairy-original-all-in-one-lemon-automatic-dishwasher-tablets",
    "name": "Fairy Original All In One Lemon Automatic Dishwasher Tablets 48 Pack",
    "image_url": "https://cdn1.woolworths.media/content/wowproductimages/large/155680.jpg",
    "source_id": "Woolworths - 155680",
    "barcode": "8001841958460",
    "shop": "Woolworths",
    "weight": "1EA",
    "prices": [
      {
        "state": "NSW",
        "price": "2000",
        "price_per_unit": "42",
        "price_unit": "EA"
      },
      {
        "state": "VIC",
        "price": "2000",
        "price_per_unit": "42",
        "price_unit": "EA"
      },
      {
        "state": "QLD",
        "price": "2000",
        "price_per_unit": "42",
        "price_unit": "EA"
      },
      {
        "state": "WA",
        "price": "2000",
        "price_per_unit": "42",
        "price_unit": "EA"
      },
      {
        "state": "SA",
        "price": "2000",
        "price_per_unit": "42",
        "price_unit": "EA"
      },
      {
        "state": "TAS",
        "price": "2000",
        "price_per_unit": "42",
        "price_unit": "EA"
      },
      {
        "state": "ACT",
        "price": "2000",
        "price_per_unit": "42",
        "price_unit": "EA"
      },
      {
        "state": "NT",
        "price": "2000",
        "price_per_unit": "42",
        "price_unit": "EA"
      }
    ]
  },
  {
    "source_url": "https://www.woolworths.com.au/shop/productdetails/154902/fairy-original-all-in-one-lemon-automatic-dishwasher-tablets",
    "name": "Fairy Original All In One Lemon Automatic Dishwasher Tablets 64 Pack",
    "image_url": "https://cdn1.woolworths.media/content/wowproductimages/large/154902.jpg",
    "source_id": "Woolworths - 154902",
    "barcode": "8001841958521",
    "shop": "Woolworths",
    "weight": "1EA",
    "prices": [
      {
        "state": "NSW",
        "price": "2500",
        "price_per_unit": "39",
        "price_unit": "EA"
      },
      {
        "state": "VIC",
        "price": "2500",
        "price_per_unit": "39",
        "price_unit": "EA"
      },
      {
        "state": "QLD",
        "price": "2500",
        "price_per_unit": "39",
        "price_unit": "EA"
      },
      {
        "state": "WA",
        "price": "2500",
        "price_per_unit": "39",
        "price_unit": "EA"
      },
      {
        "state": "SA",
        "price": "2500",
        "price_per_unit": "39",
        "price_unit": "EA"
      },
      {
        "state": "TAS",
        "price": "2500",
        "price_per_unit": "39",
        "price_unit": "EA"
      },
      {
        "state": "ACT",
        "price": "2500",
        "price_per_unit": "39",
        "price_unit": "EA"
      },
      {
        "state": "NT",
        "price": "2500",
        "price_per_unit": "39",
        "price_unit": "EA"
      }
    ]
  },
  {
    "source_url": "https://www.woolworths.com.au/shop/productdetails/153360/fairy-platinum-all-in-one-lemon-automatic-dishwasher-tablets",
    "name": "Fairy Platinum All In One Lemon Automatic Dishwasher Tablets 41 Pack",
    "image_url": "https://cdn1.woolworths.media/content/wowproductimages/large/153360.jpg",
    "source_id": "Woolworths - 153360",
    "barcode": "4902430926409",
    "shop": "Woolworths",
    "weight": "1EA",
    "prices": [
      {
        "state": "NSW",
        "price": "1950",
        "price_per_unit": "48",
        "price_unit": "EA"
      },
      {
        "state": "VIC",
        "price": "1950",
        "price_per_unit": "48",
        "price_unit": "EA"
      },
      {
        "state": "QLD",
        "price": "1950",
        "price_per_unit": "48",
        "price_unit": "EA"
      },
      {
        "state": "WA",
        "price": "1950",
        "price_per_unit": "48",
        "price_unit": "EA"
      },
      {
        "state": "SA",
        "price": "1950",
        "price_per_unit": "48",
        "price_unit": "EA"
      },
      {
        "state": "TAS",
        "price": "1950",
        "price_per_unit": "48",
        "price_unit": "EA"
      },
      {
        "state": "ACT",
        "price": "1950",
        "price_per_unit": "48",
        "price_unit": "EA"
      },
      {
        "state": "NT",
        "price": "1950",
        "price_per_unit": "48",
        "price_unit": "EA"
      }
    ]
  },
  {
    "source_url": "https://www.woolworths.com.au/shop/productdetails/154829/fairy-platinum-all-in-one-lemon-automatic-dishwasher-tablets",
    "name": "Fairy Platinum All In One Lemon Automatic Dishwasher Tablets 52 Pack",
    "image_url": "https://cdn1.woolworths.media/content/wowproductimages/large/154829.jpg",
    "source_id": "Woolworths - 154829",
    "barcode": "8001841960166",
    "shop": "Woolworths",
    "weight": "1EA",
    "prices": [
      {
        "state": "NSW",
        "price": "2300",
        "price_per_unit": "44",
        "price_unit": "EA"
      },
      {
        "state": "VIC",
        "price": "2300",
        "price_per_unit": "44",
        "price_unit": "EA"
      },
      {
        "state": "QLD",
        "price": "2300",
        "price_per_unit": "44",
        "price_unit": "EA"
      },
      {
        "state": "WA",
        "price": "2300",
        "price_per_unit": "44",
        "price_unit": "EA"
      },
      {
        "state": "SA",
        "price": "2300",
        "price_per_unit": "44",
        "price_unit": "EA"
      },
      {
        "state": "TAS",
        "price": "2300",
        "price_per_unit": "44",
        "price_unit": "EA"
      },
      {
        "state": "ACT",
        "price": "2300",
        "price_per_unit": "44",
        "price_unit": "EA"
      },
      {
        "state": "NT",
        "price": "2415",
        "price_per_unit": "46",
        "price_unit": "EA"
      }
    ]
  },
  {
    "source_url": "https://www.woolworths.com.au/shop/productdetails/622032/fairy-platinum-lemon-dishwasher-tablets",
    "name": "Fairy Platinum Lemon Dishwasher Tablets 75 pack",
    "image_url": "https://cdn1.woolworths.media/content/wowproductimages/large/622032.jpg",
    "source_id": "Woolworths - 622032",
    "barcode": "4987176245991",
    "shop": "Woolworths",
    "weight": "1EA",
    "prices": [
      {
        "state": "NSW",
        "price": "2850",
        "price_per_unit": "38",
        "price_unit": "EA"
      },
      {
        "state": "VIC",
        "price": "2850",
        "price_per_unit": "38",
        "price_unit": "EA"
      },
      {
        "state": "QLD",
        "price": "2850",
        "price_per_unit": "38",
        "price_unit": "EA"
      },
      {
        "state": "WA",
        "price": "2850",
        "price_per_unit": "38",
        "price_unit": "EA"
      },
      {
        "state": "SA",
        "price": "2850",
        "price_per_unit": "38",
        "price_unit": "EA"
      },
      {
        "state": "TAS",
        "price": "2850",
        "price_per_unit": "38",
        "price_unit": "EA"
      },
      {
        "state": "ACT",
        "price": "2850",
        "price_per_unit": "38",
        "price_unit": "EA"
      },
      {
        "state": "NT",
        "price": "2990",
        "price_per_unit": "40",
        "price_unit": "EA"
      }
    ]
  },
  {
    "source_url": "https://www.woolworths.com.au/shop/productdetails/884879/fairy-platinum-plus-30-min-miracle-dishwashing-tablets-lemon",
    "name": "Fairy Platinum Plus 30 Min Miracle Dishwashing Tablets Lemon 31 pack",
    "image_url": "https://cdn1.woolworths.media/content/wowproductimages/large/884879.jpg",
    "source_id": "Woolworths - 884879",
    "barcode": "4987176239143",
    "shop": "Woolworths",
    "weight": "1EA",
    "prices": [
      {
        "state": "NSW",
        "price": "3900",
        "price_per_unit": "126",
        "price_unit": "EA"
      },
      {
        "state": "VIC",
        "price": "3900",
        "price_per_unit": "126",
        "price_unit": "EA"
      },
      {
        "state": "QLD",
        "price": "3900",
        "price_per_unit": "126",
        "price_unit": "EA"
      },
      {
        "state": "WA",
        "price": "3900",
        "price_per_unit": "126",
        "price_unit": "EA"
      },
      {
        "state": "SA",
        "price": "3900",
        "price_per_unit": "126",
        "price_unit": "EA"
      },
      {
        "state": "TAS",
        "price": "3900",
        "price_per_unit": "126",
        "price_unit": "EA"
      },
      {
        "state": "ACT",
        "price": "3900",
        "price_per_unit": "126",
        "price_unit": "EA"
      },
      {
        "state": "NT",
        "price": "4090",
        "price_per_unit": "132",
        "price_unit": "EA"
      }
    ]
  },
  {
    "source_url": "https://www.woolworths.com.au/shop/productdetails/613591/fairy-platinum-plus-30-minute-miracle-dishwasher-capsules",
    "name": "Fairy Platinum Plus 30 Minute Miracle Dishwasher Capsules 56 pack",
    "image_url": "https://cdn1.woolworths.media/content/wowproductimages/large/613591.jpg",
    "source_id": "Woolworths - 613591",
    "barcode": "4987176239174",
    "shop": "Woolworths",
    "weight": "1EA",
    "prices": [
      {
        "state": "NSW",
        "price": "2600",
        "price_per_unit": "46",
        "price_unit": "EA"
      },
      {
        "state": "VIC",
        "price": "2600",
        "price_per_unit": "46",
        "price_unit": "EA"
      },
      {
        "state": "QLD",
        "price": "2600",
        "price_per_unit": "46",
        "price_unit": "EA"
      },
      {
        "state": "WA",
        "price": "2600",
        "price_per_unit": "46",
        "price_unit": "EA"
      },
      {
        "state": "SA",
        "price": "2600",
        "price_per_unit": "46",
        "price_unit": "EA"
      },
      {
        "state": "TAS",
        "price": "2600",
        "price_per_unit": "46",
        "price_unit": "EA"
      },
      {
        "state": "ACT",
        "price": "2600",
        "price_per_unit": "46",
        "price_unit": "EA"
      },
      {
        "state": "NT",
        "price": "2600",
        "price_per_unit": "46",
        "price_unit": "EA"
      }
    ]
  },
  {
    "source_url": "https://www.woolworths.com.au/shop/productdetails/626835/fairy-platinum-plus-30-minute-miracle-dishwasher-capsules",
    "name": "Fairy Platinum Plus 30 Minute Miracle Dishwasher Capsules 65 pack",
    "image_url": "https://cdn1.woolworths.media/content/wowproductimages/large/626835.jpg",
    "source_id": "Woolworths - 626835",
    "barcode": "4987176246035",
    "shop": "Woolworths",
    "weight": "1EA",
    "prices": [
      {
        "state": "NSW",
        "price": "3000",
        "price_per_unit": "46",
        "price_unit": "EA"
      },
      {
        "state": "VIC",
        "price": "3000",
        "price_per_unit": "46",
        "price_unit": "EA"
      },
      {
        "state": "QLD",
        "price": "3000",
        "price_per_unit": "46",
        "price_unit": "EA"
      },
      {
        "state": "WA",
        "price": "3000",
        "price_per_unit": "46",
        "price_unit": "EA"
      },
      {
        "state": "SA",
        "price": "3000",
        "price_per_unit": "46",
        "price_unit": "EA"
      },
      {
        "state": "TAS",
        "price": "3000",
        "price_per_unit": "46",
        "price_unit": "EA"
      },
      {
        "state": "ACT",
        "price": "3000",
        "price_per_unit": "46",
        "price_unit": "EA"
      },
      {
        "state": "NT",
        "price": "3150",
        "price_per_unit": "48",
        "price_unit": "EA"
      }
    ]
  },
  {
    "source_url": "https://www.woolworths.com.au/shop/productdetails/622030/fairy-platinum-plus-30-minute-miracle-dishwasher-capsules",
    "name": "Fairy Platinum Plus 30 Minute Miracle Dishwasher Capsules 70 pack",
    "image_url": "https://cdn1.woolworths.media/content/wowproductimages/large/622030.jpg",
    "source_id": "Woolworths - 622030",
    "barcode": "4987176245946",
    "shop": "Woolworths",
    "weight": "1EA",
    "prices": [
      {
        "state": "NSW",
        "price": "3050",
        "price_per_unit": "44",
        "price_unit": "EA"
      },
      {
        "state": "VIC",
        "price": "3050",
        "price_per_unit": "44",
        "price_unit": "EA"
      },
      {
        "state": "QLD",
        "price": "3050",
        "price_per_unit": "44",
        "price_unit": "EA"
      },
      {
        "state": "WA",
        "price": "3050",
        "price_per_unit": "44",
        "price_unit": "EA"
      },
      {
        "state": "SA",
        "price": "3050",
        "price_per_unit": "44",
        "price_unit": "EA"
      },
      {
        "state": "TAS",
        "price": "3050",
        "price_per_unit": "44",
        "price_unit": "EA"
      },
      {
        "state": "ACT",
        "price": "3050",
        "price_per_unit": "44",
        "price_unit": "EA"
      },
      {
        "state": "NT",
        "price": "3050",
        "price_per_unit": "44",
        "price_unit": "EA"
      }
    ]
  },
  {
    "source_url": "https://www.woolworths.com.au/shop/productdetails/154893/fairy-platinum-plus-expert-all-in-one-dishwasher-tablets",
    "name": "Fairy Platinum Plus Expert All In One Dishwasher Tablets 42 Pack",
    "image_url": "https://cdn1.woolworths.media/content/wowproductimages/large/154893.jpg",
    "source_id": "Woolworths - 154893",
    "barcode": "4902430926096",
    "shop": "Woolworths",
    "weight": "1EA",
    "prices": [
      {
        "state": "NSW",
        "price": "2300",
        "price_per_unit": "55",
        "price_unit": "EA"
      },
      {
        "state": "VIC",
        "price": "2300",
        "price_per_unit": "55",
        "price_unit": "EA"
      },
      {
        "state": "QLD",
        "price": "2300",
        "price_per_unit": "55",
        "price_unit": "EA"
      },
      {
        "state": "WA",
        "price": "2300",
        "price_per_unit": "55",
        "price_unit": "EA"
      },
      {
        "state": "SA",
        "price": "2300",
        "price_per_unit": "55",
        "price_unit": "EA"
      },
      {
        "state": "TAS",
        "price": "2300",
        "price_per_unit": "55",
        "price_unit": "EA"
      },
      {
        "state": "ACT",
        "price": "2300",
        "price_per_unit": "55",
        "price_unit": "EA"
      },
      {
        "state": "NT",
        "price": "2415",
        "price_per_unit": "58",
        "price_unit": "EA"
      }
    ]
  },
  {
    "source_url": "https://www.woolworths.com.au/shop/productdetails/278141/fairy-rinse-aid-power-dry",
    "name": "Fairy Rinse Aid Power Dry 360ml",
    "image_url": "https://cdn1.woolworths.media/content/wowproductimages/large/278141.jpg",
    "source_id": "Woolworths - 278141",
    "barcode": "4987176136435",
    "shop": "Woolworths",
    "weight": "100ML",
    "prices": [
      {
        "state": "NSW",
        "price": "525",
        "price_per_unit": "146",
        "price_unit": "ML"
      },
      {
        "state": "VIC",
        "price": "525",
        "price_per_unit": "146",
        "price_unit": "ML"
      },
      {
        "state": "QLD",
        "price": "525",
        "price_per_unit": "146",
        "price_unit": "ML"
      },
      {
        "state": "WA",
        "price": "525",
        "price_per_unit": "146",
        "price_unit": "ML"
      },
      {
        "state": "SA",
        "price": "525",
        "price_per_unit": "146",
        "price_unit": "ML"
      },
      {
        "state": "TAS",
        "price": "525",
        "price_per_unit": "146",
        "price_unit": "ML"
      },
      {
        "state": "ACT",
        "price": "525",
        "price_per_unit": "146",
        "price_unit": "ML"
      },
      {
        "state": "NT",
        "price": "550",
        "price_per_unit": "153",
        "price_unit": "ML"
      }
    ]
  },
  {
    "source_url": "https://www.woolworths.com.au/shop/productdetails/80512/fairy-ultra-concentrate-lemon-dishwashing-liquid",
    "name": "Fairy Ultra Concentrate Lemon Dishwashing Liquid 495ml",
    "image_url": "https://cdn1.woolworths.media/content/wowproductimages/large/080512.jpg",
    "source_id": "Woolworths - 80512",
    "barcode": "4902430910729",
    "shop": "Woolworths",
    "weight": "100ML",
    "prices": [
      {
        "state": "NSW",
        "price": "750",
        "price_per_unit": "152",
        "price_unit": "ML"
      },
      {
        "state": "VIC",
        "price": "750",
        "price_per_unit": "152",
        "price_unit": "ML"
      },
      {
        "state": "QLD",
        "price": "750",
        "price_per_unit": "152",
        "price_unit": "ML"
      },
      {
        "state": "WA",
        "price": "750",
        "price_per_unit": "152",
        "price_unit": "ML"
      },
      {
        "state": "SA",
        "price": "750",
        "price_per_unit": "152",
        "price_unit": "ML"
      },
      {
        "state": "TAS",
        "price": "750",
        "price_per_unit": "152",
        "price_unit": "ML"
      },
      {
        "state": "ACT",
        "price": "750",
        "price_per_unit": "152",
        "price_unit": "ML"
      },
      {
        "state": "NT",
        "price": "785",
        "price_per_unit": "159",
        "price_unit": "ML"
      }
    ]
  },
  {
    "source_url": "https://www.woolworths.com.au/shop/productdetails/80491/fairy-ultra-concentrate-original-dishwashing-liquid",
    "name": "Fairy Ultra Concentrate Original Dishwashing Liquid 495ml",
    "image_url": "https://cdn1.woolworths.media/content/wowproductimages/large/080491.jpg",
    "source_id": "Woolworths - 80491",
    "barcode": "4902430910743",
    "shop": "Woolworths",
    "weight": "100ML",
    "prices": [
      {
        "state": "NSW",
        "price": "750",
        "price_per_unit": "152",
        "price_unit": "ML"
      },
      {
        "state": "VIC",
        "price": "750",
        "price_per_unit": "152",
        "price_unit": "ML"
      },
      {
        "state": "QLD",
        "price": "750",
        "price_per_unit": "152",
        "price_unit": "ML"
      },
      {
        "state": "WA",
        "price": "750",
        "price_per_unit": "152",
        "price_unit": "ML"
      },
      {
        "state": "SA",
        "price": "750",
        "price_per_unit": "152",
        "price_unit": "ML"
      },
      {
        "state": "TAS",
        "price": "750",
        "price_per_unit": "152",
        "price_unit": "ML"
      },
      {
        "state": "ACT",
        "price": "750",
        "price_per_unit": "152",
        "price_unit": "ML"
      },
      {
        "state": "NT",
        "price": "785",
        "price_per_unit": "159",
        "price_unit": "ML"
      }
    ]
  },
  {
    "source_url": "https://www.woolworths.com.au/shop/productdetails/174638/fairy-ultra-concentrate-original-dishwashing-liquid",
    "name": "Fairy Ultra Concentrate Original Dishwashing Liquid 800ml",
    "image_url": "https://cdn1.woolworths.media/content/wowproductimages/large/174638.jpg",
    "source_id": "Woolworths - 174638",
    "barcode": "4987176061911",
    "shop": "Woolworths",
    "weight": "100ML",
    "prices": [
      {
        "state": "NSW",
        "price": "550",
        "price_per_unit": "69",
        "price_unit": "ML"
      },
      {
        "state": "VIC",
        "price": "550",
        "price_per_unit": "69",
        "price_unit": "ML"
      },
      {
        "state": "QLD",
        "price": "550",
        "price_per_unit": "69",
        "price_unit": "ML"
      },
      {
        "state": "WA",
        "price": "550",
        "price_per_unit": "69",
        "price_unit": "ML"
      },
      {
        "state": "SA",
        "price": "550",
        "price_per_unit": "69",
        "price_unit": "ML"
      },
      {
        "state": "TAS",
        "price": "550",
        "price_per_unit": "69",
        "price_unit": "ML"
      },
      {
        "state": "ACT",
        "price": "550",
        "price_per_unit": "69",
        "price_unit": "ML"
      },
      {
        "state": "NT",
        "price": "550",
        "price_per_unit": "69",
        "price_unit": "ML"
      }
    ]
  },
  {
    "source_url": "https://www.woolworths.com.au/shop/productdetails/37174/finish-0-rinse-shine-dishwasher-aid",
    "name": "Finish 0% Rinse & Shine Dishwasher Aid 400ml",
    "image_url": "https://cdn1.woolworths.media/content/wowproductimages/large/037174.jpg",
    "source_id": "Woolworths - 37174",
    "barcode": "9300701849726",
    "shop": "Woolworths",
    "weight": "100ML",
    "prices": [
      {
        "state": "NSW",
        "price": "525",
        "price_per_unit": "131",
        "price_unit": "ML"
      },
      {
        "state": "VIC",
        "price": "525",
        "price_per_unit": "131",
        "price_unit": "ML"
      },
      {
        "state": "QLD",
        "price": "525",
        "price_per_unit": "131",
        "price_unit": "ML"
      },
      {
        "state": "WA",
        "price": "525",
        "price_per_unit": "131",
        "price_unit": "ML"
      },
      {
        "state": "SA",
        "price": "525",
        "price_per_unit": "131",
        "price_unit": "ML"
      },
      {
        "state": "TAS",
        "price": "525",
        "price_per_unit": "131",
        "price_unit": "ML"
      },
      {
        "state": "ACT",
        "price": "525",
        "price_per_unit": "131",
        "price_unit": "ML"
      },
      {
        "state": "NT",
        "price": "525",
        "price_per_unit": "131",
        "price_unit": "ML"
      }
    ]
  },
  {
    "source_url": "https://www.woolworths.com.au/shop/productdetails/852178/finish-all-in-one-max-lemon-sparkle-dishwasher-gel",
    "name": "Finish All In One Max Lemon Sparkle Dishwasher Gel 1L",
    "image_url": "https://cdn1.woolworths.media/content/wowproductimages/large/852178.jpg",
    "source_id": "Woolworths - 852178",
    "barcode": "9300701808631",
    "shop": "Woolworths",
    "weight": "100ML",
    "prices": [
      {
        "state": "VIC",
        "price": "1600",
        "price_per_unit": "160",
        "price_unit": "ML"
      },
      {
        "state": "QLD",
        "price": "1600",
        "price_per_unit": "160",
        "price_unit": "ML"
      },
      {
        "state": "WA",
        "price": "1600",
        "price_per_unit": "160",
        "price_unit": "ML"
      },
      {
        "state": "SA",
        "price": "1600",
        "price_per_unit": "160",
        "price_unit": "ML"
      },
      {
        "state": "TAS",
        "price": "1600",
        "price_per_unit": "160",
        "price_unit": "ML"
      },
      {
        "state": "ACT",
        "price": "1600",
        "price_per_unit": "160",
        "price_unit": "ML"
      },
      {
        "state": "NT",
        "price": "1600",
        "price_per_unit": "160",
        "price_unit": "ML"
      }
    ]
  },
  {
    "source_url": "https://www.woolworths.com.au/shop/productdetails/829467/finish-concentrated-lemon-sparkle-dishwashing-powder",
    "name": "Finish Concentrated Lemon Sparkle Dishwashing Powder 2kg",
    "image_url": "https://cdn1.woolworths.media/content/wowproductimages/large/829467.jpg",
    "source_id": "Woolworths - 829467",
    "barcode": "9300701862534",
    "shop": "Woolworths",
    "weight": "100G",
    "prices": [
      {
        "state": "NSW",
        "price": "2400",
        "price_per_unit": "120",
        "price_unit": "G"
      },
      {
        "state": "VIC",
        "price": "2400",
        "price_per_unit": "120",
        "price_unit": "G"
      },
      {
        "state": "QLD",
        "price": "2400",
        "price_per_unit": "120",
        "price_unit": "G"
      },
      {
        "state": "WA",
        "price": "2400",
        "price_per_unit": "120",
        "price_unit": "G"
      },
      {
        "state": "SA",
        "price": "2400",
        "price_per_unit": "120",
        "price_unit": "G"
      },
      {
        "state": "TAS",
        "price": "2400",
        "price_per_unit": "120",
        "price_unit": "G"
      },
      {
        "state": "ACT",
        "price": "2400",
        "price_per_unit": "120",
        "price_unit": "G"
      },
      {
        "state": "NT",
        "price": "2520",
        "price_per_unit": "126",
        "price_unit": "G"
      }
    ]
  },
  {
    "source_url": "https://www.woolworths.com.au/shop/productdetails/37181/finish-dishwasher-cleaner-tabs",
    "name": "Finish Dishwasher Cleaner Tabs 3 Pack",
    "image_url": "https://cdn1.woolworths.media/content/wowproductimages/large/037181.jpg",
    "source_id": "Woolworths - 37181",
    "barcode": "9300701820848",
    "shop": "Woolworths",
    "weight": "1EA",
    "prices": [
      {
        "state": "NSW",
        "price": "1150",
        "price_per_unit": "383",
        "price_unit": "EA"
      },
      {
        "state": "VIC",
        "price": "1150",
        "price_per_unit": "383",
        "price_unit": "EA"
      },
      {
        "state": "QLD",
        "price": "1150",
        "price_per_unit": "383",
        "price_unit": "EA"
      },
      {
        "state": "WA",
        "price": "1150",
        "price_per_unit": "383",
        "price_unit": "EA"
      },
      {
        "state": "SA",
        "price": "1150",
        "price_per_unit": "383",
        "price_unit": "EA"
      },
      {
        "state": "TAS",
        "price": "1150",
        "price_per_unit": "383",
        "price_unit": "EA"
      },
      {
        "state": "ACT",
        "price": "1150",
        "price_per_unit": "383",
        "price_unit": "EA"
      },
      {
        "state": "NT",
        "price": "1210",
        "price_per_unit": "403",
        "price_unit": "EA"
      }
    ]
  },
  {
    "source_url": "https://www.woolworths.com.au/shop/productdetails/89050/finish-dishwasher-deep-cleaner",
    "name": "Finish Dishwasher Deep Cleaner 250ml",
    "image_url": "https://cdn1.woolworths.media/content/wowproductimages/large/089050.jpg",
    "source_id": "Woolworths - 89050",
    "barcode": "9300701526818",
    "shop": "Woolworths",
    "weight": "100ML",
    "prices": [
      {
        "state": "NSW",
        "price": "1050",
        "price_per_unit": "420",
        "price_unit": "ML"
      },
      {
        "state": "VIC",
        "price": "1050",
        "price_per_unit": "420",
        "price_unit": "ML"
      },
      {
        "state": "QLD",
        "price": "1050",
        "price_per_unit": "420",
        "price_unit": "ML"
      },
      {
        "state": "WA",
        "price": "1050",
        "price_per_unit": "420",
        "price_unit": "ML"
      },
      {
        "state": "SA",
        "price": "1050",
        "price_per_unit": "420",
        "price_unit": "ML"
      },
      {
        "state": "TAS",
        "price": "1050",
        "price_per_unit": "420",
        "price_unit": "ML"
      },
      {
        "state": "ACT",
        "price": "1050",
        "price_per_unit": "420",
        "price_unit": "ML"
      },
      {
        "state": "NT",
        "price": "1100",
        "price_per_unit": "440",
        "price_unit": "ML"
      }
    ]
  },
  {
    "source_url": "https://www.woolworths.com.au/shop/productdetails/345982/finish-dishwasher-deep-cleaner-lemon",
    "name": "Finish Dishwasher Deep Cleaner Lemon 250mL",
    "image_url": "https://cdn1.woolworths.media/content/wowproductimages/large/345982.jpg",
    "source_id": "Woolworths - 345982",
    "barcode": "9300701414689",
    "shop": "Woolworths",
    "weight": "100ML",
    "prices": [
      {
        "state": "NSW",
        "price": "1050",
        "price_per_unit": "420",
        "price_unit": "ML"
      },
      {
        "state": "VIC",
        "price": "1050",
        "price_per_unit": "420",
        "price_unit": "ML"
      },
      {
        "state": "QLD",
        "price": "1050",
        "price_per_unit": "420",
        "price_unit": "ML"
      },
      {
        "state": "WA",
        "price": "1050",
        "price_per_unit": "420",
        "price_unit": "ML"
      },
      {
        "state": "SA",
        "price": "1050",
        "price_per_unit": "420",
        "price_unit": "ML"
      },
      {
        "state": "TAS",
        "price": "1050",
        "price_per_unit": "420",
        "price_unit": "ML"
      },
      {
        "state": "ACT",
        "price": "1050",
        "price_per_unit": "420",
        "price_unit": "ML"
      },
      {
        "state": "NT",
        "price": "1100",
        "price_per_unit": "440",
        "price_unit": "ML"
      }
    ]
  },
  {
    "source_url": "https://www.woolworths.com.au/shop/productdetails/681000/finish-power-lemon-dishwasher-tablets",
    "name": "Finish Power Lemon Dishwasher Tablets 100 pack",
    "image_url": "https://cdn1.woolworths.media/content/wowproductimages/large/681000.jpg",
    "source_id": "Woolworths - 681000",
    "barcode": "9300701793920",
    "shop": "Woolworths",
    "weight": "1EA",
    "prices": [
      {
        "state": "NSW",
        "price": "3300",
        "price_per_unit": "33",
        "price_unit": "EA"
      },
      {
        "state": "VIC",
        "price": "3300",
        "price_per_unit": "33",
        "price_unit": "EA"
      },
      {
        "state": "QLD",
        "price": "3300",
        "price_per_unit": "33",
        "price_unit": "EA"
      },
      {
        "state": "WA",
        "price": "3300",
        "price_per_unit": "33",
        "price_unit": "EA"
      },
      {
        "state": "SA",
        "price": "3300",
        "price_per_unit": "33",
        "price_unit": "EA"
      },
      {
        "state": "TAS",
        "price": "3300",
        "price_per_unit": "33",
        "price_unit": "EA"
      },
      {
        "state": "ACT",
        "price": "3300",
        "price_per_unit": "33",
        "price_unit": "EA"
      },
      {
        "state": "NT",
        "price": "3300",
        "price_per_unit": "33",
        "price_unit": "EA"
      }
    ]
  },
  {
    "source_url": "https://www.woolworths.com.au/shop/productdetails/674701/finish-power-lemon-dishwasher-tablets",
    "name": "Finish Power Lemon Dishwasher Tablets 60 pack",
    "image_url": "https://cdn1.woolworths.media/content/wowproductimages/large/674701.jpg",
    "source_id": "Woolworths - 674701",
    "barcode": "9300701793906",
    "shop": "Woolworths",
    "weight": "1EA",
    "prices": [
      {
        "state": "NSW",
        "price": "2300",
        "price_per_unit": "38",
        "price_unit": "EA"
      },
      {
        "state": "VIC",
        "price": "2300",
        "price_per_unit": "38",
        "price_unit": "EA"
      },
      {
        "state": "QLD",
        "price": "2300",
        "price_per_unit": "38",
        "price_unit": "EA"
      },
      {
        "state": "WA",
        "price": "2300",
        "price_per_unit": "38",
        "price_unit": "EA"
      },
      {
        "state": "SA",
        "price": "2300",
        "price_per_unit": "38",
        "price_unit": "EA"
      },
      {
        "state": "TAS",
        "price": "2300",
        "price_per_unit": "38",
        "price_unit": "EA"
      },
      {
        "state": "NT",
        "price": "2300",
        "price_per_unit": "38",
        "price_unit": "EA"
      }
    ]
  },
  {
    "source_url": "https://www.woolworths.com.au/shop/productdetails/215463/finish-quantum-lemon-dishwashing-tablets",
    "name": "Finish Quantum Lemon Dishwashing Tablets 100 pack",
    "image_url": "https://cdn1.woolworths.media/content/wowproductimages/large/215463.jpg",
    "source_id": "Woolworths - 215463",
    "barcode": "9300701048808",
    "shop": "Woolworths",
    "weight": "1EA",
    "prices": [
      {
        "state": "NSW",
        "price": "3900",
        "price_per_unit": "39",
        "price_unit": "EA"
      },
      {
        "state": "VIC",
        "price": "3900",
        "price_per_unit": "39",
        "price_unit": "EA"
      },
      {
        "state": "QLD",
        "price": "3900",
        "price_per_unit": "39",
        "price_unit": "EA"
      },
      {
        "state": "WA",
        "price": "3900",
        "price_per_unit": "39",
        "price_unit": "EA"
      },
      {
        "state": "SA",
        "price": "3900",
        "price_per_unit": "39",
        "price_unit": "EA"
      },
      {
        "state": "TAS",
        "price": "3900",
        "price_per_unit": "39",
        "price_unit": "EA"
      },
      {
        "state": "ACT",
        "price": "3900",
        "price_per_unit": "39",
        "price_unit": "EA"
      },
      {
        "state": "NT",
        "price": "3900",
        "price_per_unit": "39",
        "price_unit": "EA"
      }
    ]
  },
  {
    "source_url": "https://www.woolworths.com.au/shop/productdetails/215183/finish-quantum-lemon-dishwashing-tablets",
    "name": "Finish Quantum Lemon Dishwashing Tablets 36 pack",
    "image_url": "https://cdn1.woolworths.media/content/wowproductimages/large/215183.jpg",
    "source_id": "Woolworths - 215183",
    "barcode": "9300701079871",
    "shop": "Woolworths",
    "weight": "1EA",
    "prices": [
      {
        "state": "NSW",
        "price": "2000",
        "price_per_unit": "56",
        "price_unit": "EA"
      },
      {
        "state": "VIC",
        "price": "2000",
        "price_per_unit": "56",
        "price_unit": "EA"
      },
      {
        "state": "QLD",
        "price": "2000",
        "price_per_unit": "56",
        "price_unit": "EA"
      },
      {
        "state": "WA",
        "price": "2000",
        "price_per_unit": "56",
        "price_unit": "EA"
      },
      {
        "state": "SA",
        "price": "2000",
        "price_per_unit": "56",
        "price_unit": "EA"
      },
      {
        "state": "TAS",
        "price": "2000",
        "price_per_unit": "56",
        "price_unit": "EA"
      },
      {
        "state": "ACT",
        "price": "2000",
        "price_per_unit": "56",
        "price_unit": "EA"
      },
      {
        "state": "NT",
        "price": "2000",
        "price_per_unit": "56",
        "price_unit": "EA"
      }
    ]
  },
  {
    "source_url": "https://www.woolworths.com.au/shop/productdetails/215382/finish-quantum-lemon-dishwashing-tablets",
    "name": "Finish Quantum Lemon Dishwashing Tablets 50 pack",
    "image_url": "https://cdn1.woolworths.media/content/wowproductimages/large/215382.jpg",
    "source_id": "Woolworths - 215382",
    "barcode": "9300701059132",
    "shop": "Woolworths",
    "weight": "1EA",
    "prices": [
      {
        "state": "NSW",
        "price": "2500",
        "price_per_unit": "50",
        "price_unit": "EA"
      },
      {
        "state": "VIC",
        "price": "2500",
        "price_per_unit": "50",
        "price_unit": "EA"
      },
      {
        "state": "QLD",
        "price": "2500",
        "price_per_unit": "50",
        "price_unit": "EA"
      },
      {
        "state": "WA",
        "price": "2500",
        "price_per_unit": "50",
        "price_unit": "EA"
      },
      {
        "state": "SA",
        "price": "2500",
        "price_per_unit": "50",
        "price_unit": "EA"
      },
      {
        "state": "TAS",
        "price": "2500",
        "price_per_unit": "50",
        "price_unit": "EA"
      },
      {
        "state": "ACT",
        "price": "2500",
        "price_per_unit": "50",
        "price_unit": "EA"
      },
      {
        "state": "NT",
        "price": "2500",
        "price_per_unit": "50",
        "price_unit": "EA"
      }
    ]
  },
  {
    "source_url": "https://www.woolworths.com.au/shop/productdetails/215263/finish-quantum-lemon-dishwashing-tablets",
    "name": "Finish Quantum Lemon Dishwashing Tablets 72 pack",
    "image_url": "https://cdn1.woolworths.media/content/wowproductimages/large/215263.jpg",
    "source_id": "Woolworths - 215263",
    "barcode": "9300701048792",
    "shop": "Woolworths",
    "weight": "1EA",
    "prices": [
      {
        "state": "VIC",
        "price": "3200",
        "price_per_unit": "44",
        "price_unit": "EA"
      },
      {
        "state": "QLD",
        "price": "3200",
        "price_per_unit": "44",
        "price_unit": "EA"
      },
      {
        "state": "WA",
        "price": "3200",
        "price_per_unit": "44",
        "price_unit": "EA"
      },
      {
        "state": "SA",
        "price": "3200",
        "price_per_unit": "44",
        "price_unit": "EA"
      },
      {
        "state": "TAS",
        "price": "3200",
        "price_per_unit": "44",
        "price_unit": "EA"
      },
      {
        "state": "ACT",
        "price": "3200",
        "price_per_unit": "44",
        "price_unit": "EA"
      },
      {
        "state": "NT",
        "price": "3200",
        "price_per_unit": "44",
        "price_unit": "EA"
      }
    ]
  },
  {
    "source_url": "https://www.woolworths.com.au/shop/productdetails/34222/finish-rinse-shine-dishwasher-aid",
    "name": "Finish Rinse & Shine Dishwasher Aid 250ml",
    "image_url": "https://cdn1.woolworths.media/content/wowproductimages/large/034222.jpg",
    "source_id": "Woolworths - 34222",
    "barcode": "93200103",
    "shop": "Woolworths",
    "weight": "100ML",
    "prices": [
      {
        "state": "NSW",
        "price": "800",
        "price_per_unit": "320",
        "price_unit": "ML"
      },
      {
        "state": "VIC",
        "price": "800",
        "price_per_unit": "320",
        "price_unit": "ML"
      },
      {
        "state": "QLD",
        "price": "800",
        "price_per_unit": "320",
        "price_unit": "ML"
      },
      {
        "state": "WA",
        "price": "800",
        "price_per_unit": "320",
        "price_unit": "ML"
      },
      {
        "state": "SA",
        "price": "800",
        "price_per_unit": "320",
        "price_unit": "ML"
      },
      {
        "state": "TAS",
        "price": "800",
        "price_per_unit": "320",
        "price_unit": "ML"
      },
      {
        "state": "ACT",
        "price": "800",
        "price_per_unit": "320",
        "price_unit": "ML"
      },
      {
        "state": "NT",
        "price": "840",
        "price_per_unit": "336",
        "price_unit": "ML"
      }
    ]
  },
  {
    "source_url": "https://www.woolworths.com.au/shop/productdetails/260703/finish-rinse-shine-dishwasher-aid",
    "name": "Finish Rinse & Shine Dishwasher Aid 500ml",
    "image_url": "https://cdn1.woolworths.media/content/wowproductimages/large/260703.jpg",
    "source_id": "Woolworths - 260703",
    "barcode": "9300701956233",
    "shop": "Woolworths",
    "weight": "100ML",
    "prices": [
      {
        "state": "NSW",
        "price": "1150",
        "price_per_unit": "230",
        "price_unit": "ML"
      },
      {
        "state": "VIC",
        "price": "1150",
        "price_per_unit": "230",
        "price_unit": "ML"
      },
      {
        "state": "QLD",
        "price": "1150",
        "price_per_unit": "230",
        "price_unit": "ML"
      },
      {
        "state": "WA",
        "price": "1150",
        "price_per_unit": "230",
        "price_unit": "ML"
      },
      {
        "state": "SA",
        "price": "1150",
        "price_per_unit": "230",
        "price_unit": "ML"
      },
      {
        "state": "TAS",
        "price": "1150",
        "price_per_unit": "230",
        "price_unit": "ML"
      },
      {
        "state": "ACT",
        "price": "1150",
        "price_per_unit": "230",
        "price_unit": "ML"
      },
      {
        "state": "NT",
        "price": "1210",
        "price_per_unit": "242",
        "price_unit": "ML"
      }
    ]
  },
  {
    "source_url": "https://www.woolworths.com.au/shop/productdetails/277619/finish-rinse-shine-lemon-dishwasher-aid",
    "name": "Finish Rinse & Shine Lemon Dishwasher Aid 500ml",
    "image_url": "https://cdn1.woolworths.media/content/wowproductimages/large/277619.jpg",
    "source_id": "Woolworths - 277619",
    "barcode": "9300701505356",
    "shop": "Woolworths",
    "weight": "100ML",
    "prices": [
      {
        "state": "NSW",
        "price": "1150",
        "price_per_unit": "230",
        "price_unit": "ML"
      },
      {
        "state": "VIC",
        "price": "1150",
        "price_per_unit": "230",
        "price_unit": "ML"
      },
      {
        "state": "QLD",
        "price": "1150",
        "price_per_unit": "230",
        "price_unit": "ML"
      },
      {
        "state": "WA",
        "price": "1150",
        "price_per_unit": "230",
        "price_unit": "ML"
      },
      {
        "state": "SA",
        "price": "1150",
        "price_per_unit": "230",
        "price_unit": "ML"
      },
      {
        "state": "TAS",
        "price": "1150",
        "price_per_unit": "230",
        "price_unit": "ML"
      },
      {
        "state": "ACT",
        "price": "1150",
        "price_per_unit": "230",
        "price_unit": "ML"
      },
      {
        "state": "NT",
        "price": "1210",
        "price_per_unit": "242",
        "price_unit": "ML"
      }
    ]
  },
  {
    "source_url": "https://www.woolworths.com.au/shop/productdetails/618638/finish-ultimate-0-free-from-dishwasher-tablets",
    "name": "Finish Ultimate 0% Free From Dishwasher Tablets 46 pack",
    "image_url": "https://cdn1.woolworths.media/content/wowproductimages/large/618638.jpg",
    "source_id": "Woolworths - 618638",
    "barcode": "9300701791872",
    "shop": "Woolworths",
    "weight": "1EA",
    "prices": [
      {
        "state": "NSW",
        "price": "4700",
        "price_per_unit": "102",
        "price_unit": "EA"
      },
      {
        "state": "VIC",
        "price": "4700",
        "price_per_unit": "102",
        "price_unit": "EA"
      },
      {
        "state": "QLD",
        "price": "4700",
        "price_per_unit": "102",
        "price_unit": "EA"
      },
      {
        "state": "WA",
        "price": "4700",
        "price_per_unit": "102",
        "price_unit": "EA"
      },
      {
        "state": "SA",
        "price": "4700",
        "price_per_unit": "102",
        "price_unit": "EA"
      },
      {
        "state": "TAS",
        "price": "4700",
        "price_per_unit": "102",
        "price_unit": "EA"
      },
      {
        "state": "ACT",
        "price": "4700",
        "price_per_unit": "102",
        "price_unit": "EA"
      },
      {
        "state": "NT",
        "price": "4930",
        "price_per_unit": "107",
        "price_unit": "EA"
      }
    ]
  },
  {
    "source_url": "https://www.woolworths.com.au/shop/productdetails/677835/finish-ultimate-dishwasher-tablets",
    "name": "Finish Ultimate Dishwasher Tablets 34 pack",
    "image_url": "https://cdn1.woolworths.media/content/wowproductimages/large/677835.jpg",
    "source_id": "Woolworths - 677835",
    "barcode": "9300701803575",
    "shop": "Woolworths",
    "weight": "1EA",
    "prices": [
      {
        "state": "NSW",
        "price": "4000",
        "price_per_unit": "118",
        "price_unit": "EA"
      },
      {
        "state": "VIC",
        "price": "4000",
        "price_per_unit": "118",
        "price_unit": "EA"
      },
      {
        "state": "QLD",
        "price": "4000",
        "price_per_unit": "118",
        "price_unit": "EA"
      },
      {
        "state": "WA",
        "price": "4000",
        "price_per_unit": "118",
        "price_unit": "EA"
      },
      {
        "state": "SA",
        "price": "4000",
        "price_per_unit": "118",
        "price_unit": "EA"
      },
      {
        "state": "TAS",
        "price": "4000",
        "price_per_unit": "118",
        "price_unit": "EA"
      },
      {
        "state": "ACT",
        "price": "4000",
        "price_per_unit": "118",
        "price_unit": "EA"
      },
      {
        "state": "NT",
        "price": "4200",
        "price_per_unit": "124",
        "price_unit": "EA"
      }
    ]
  },
  {
    "source_url": "https://www.woolworths.com.au/shop/productdetails/618643/finish-ultimate-lemon-dishwasher-tablets",
    "name": "Finish Ultimate Lemon Dishwasher Tablets 34 pack",
    "image_url": "https://cdn1.woolworths.media/content/wowproductimages/large/618643.jpg",
    "source_id": "Woolworths - 618643",
    "barcode": "9300701800437",
    "shop": "Woolworths",
    "weight": "1EA",
    "prices": [
      {
        "state": "NSW",
        "price": "4000",
        "price_per_unit": "118",
        "price_unit": "EA"
      },
      {
        "state": "VIC",
        "price": "4000",
        "price_per_unit": "118",
        "price_unit": "EA"
      },
      {
        "state": "QLD",
        "price": "4000",
        "price_per_unit": "118",
        "price_unit": "EA"
      },
      {
        "state": "WA",
        "price": "4000",
        "price_per_unit": "118",
        "price_unit": "EA"
      },
      {
        "state": "SA",
        "price": "4000",
        "price_per_unit": "118",
        "price_unit": "EA"
      },
      {
        "state": "TAS",
        "price": "4000",
        "price_per_unit": "118",
        "price_unit": "EA"
      },
      {
        "state": "ACT",
        "price": "4000",
        "price_per_unit": "118",
        "price_unit": "EA"
      },
      {
        "state": "NT",
        "price": "4200",
        "price_per_unit": "124",
        "price_unit": "EA"
      }
    ]
  },
  {
    "source_url": "https://www.woolworths.com.au/shop/productdetails/148368/finish-ultimate-lemon-dishwasher-tablets",
    "name": "Finish Ultimate Lemon Dishwasher Tablets 46 pack",
    "image_url": "https://cdn1.woolworths.media/content/wowproductimages/large/148368.jpg",
    "source_id": "Woolworths - 148368",
    "barcode": "9300701634094",
    "shop": "Woolworths",
    "weight": "1EA",
    "prices": [
      {
        "state": "NSW",
        "price": "4900",
        "price_per_unit": "107",
        "price_unit": "EA"
      },
      {
        "state": "VIC",
        "price": "4900",
        "price_per_unit": "107",
        "price_unit": "EA"
      },
      {
        "state": "QLD",
        "price": "4900",
        "price_per_unit": "107",
        "price_unit": "EA"
      },
      {
        "state": "WA",
        "price": "4900",
        "price_per_unit": "107",
        "price_unit": "EA"
      },
      {
        "state": "SA",
        "price": "4900",
        "price_per_unit": "107",
        "price_unit": "EA"
      },
      {
        "state": "TAS",
        "price": "4900",
        "price_per_unit": "107",
        "price_unit": "EA"
      },
      {
        "state": "ACT",
        "price": "4900",
        "price_per_unit": "107",
        "price_unit": "EA"
      },
      {
        "state": "NT",
        "price": "5140",
        "price_per_unit": "112",
        "price_unit": "EA"
      }
    ]
  },
  {
    "source_url": "https://www.woolworths.com.au/shop/productdetails/675840/finish-ultimate-lemon-dishwasher-tablets",
    "name": "Finish Ultimate Lemon Dishwasher Tablets 62 pack",
    "image_url": "https://cdn1.woolworths.media/content/wowproductimages/large/675840.jpg",
    "source_id": "Woolworths - 675840",
    "barcode": "9300701800451",
    "shop": "Woolworths",
    "weight": "1EA",
    "prices": [
      {
        "state": "VIC",
        "price": "3000",
        "price_per_unit": "48",
        "price_unit": "EA"
      },
      {
        "state": "QLD",
        "price": "3000",
        "price_per_unit": "48",
        "price_unit": "EA"
      },
      {
        "state": "WA",
        "price": "3000",
        "price_per_unit": "48",
        "price_unit": "EA"
      },
      {
        "state": "SA",
        "price": "3000",
        "price_per_unit": "48",
        "price_unit": "EA"
      },
      {
        "state": "TAS",
        "price": "3000",
        "price_per_unit": "48",
        "price_unit": "EA"
      },
      {
        "state": "ACT",
        "price": "3000",
        "price_per_unit": "48",
        "price_unit": "EA"
      },
      {
        "state": "NT",
        "price": "3000",
        "price_per_unit": "48",
        "price_unit": "EA"
      }
    ]
  },
  {
    "source_url": "https://www.woolworths.com.au/shop/productdetails/360283/finish-ultimate-lemon-dishwasher-tablets",
    "name": "Finish Ultimate Lemon Dishwasher Tablets 80 pack",
    "image_url": "https://cdn1.woolworths.media/content/wowproductimages/large/360283.jpg",
    "source_id": "Woolworths - 360283",
    "barcode": "9300701656102",
    "shop": "Woolworths",
    "weight": "1EA",
    "prices": [
      {
        "state": "NSW",
        "price": "6900",
        "price_per_unit": "86",
        "price_unit": "EA"
      },
      {
        "state": "WA",
        "price": "6900",
        "price_per_unit": "86",
        "price_unit": "EA"
      },
      {
        "state": "SA",
        "price": "6900",
        "price_per_unit": "86",
        "price_unit": "EA"
      },
      {
        "state": "TAS",
        "price": "6900",
        "price_per_unit": "86",
        "price_unit": "EA"
      },
      {
        "state": "ACT",
        "price": "6900",
        "price_per_unit": "86",
        "price_unit": "EA"
      },
      {
        "state": "NT",
        "price": "7240",
        "price_per_unit": "91",
        "price_unit": "EA"
      }
    ]
  },
  {
    "source_url": "https://www.woolworths.com.au/shop/productdetails/676823/finish-ultimate-material-care-dishwasher-tablets",
    "name": "Finish Ultimate Material Care Dishwasher Tablets 52 pack",
    "image_url": "https://cdn1.woolworths.media/content/wowproductimages/large/676823.jpg",
    "source_id": "Woolworths - 676823",
    "barcode": "9300701805043",
    "shop": "Woolworths",
    "weight": "1EA",
    "prices": [
      {
        "state": "NSW",
        "price": "5300",
        "price_per_unit": "102",
        "price_unit": "EA"
      },
      {
        "state": "VIC",
        "price": "5300",
        "price_per_unit": "102",
        "price_unit": "EA"
      },
      {
        "state": "QLD",
        "price": "5300",
        "price_per_unit": "102",
        "price_unit": "EA"
      },
      {
        "state": "WA",
        "price": "5300",
        "price_per_unit": "102",
        "price_unit": "EA"
      },
      {
        "state": "SA",
        "price": "5300",
        "price_per_unit": "102",
        "price_unit": "EA"
      },
      {
        "state": "TAS",
        "price": "5300",
        "price_per_unit": "102",
        "price_unit": "EA"
      },
      {
        "state": "ACT",
        "price": "5300",
        "price_per_unit": "102",
        "price_unit": "EA"
      },
      {
        "state": "NT",
        "price": "5560",
        "price_per_unit": "107",
        "price_unit": "EA"
      }
    ]
  },
  {
    "source_url": "https://www.woolworths.com.au/shop/productdetails/683754/finish-ultimate-material-care-dishwasher-tablets",
    "name": "Finish Ultimate Material Care Dishwasher Tablets 70 pack",
    "image_url": "https://cdn1.woolworths.media/content/wowproductimages/large/683754.jpg",
    "source_id": "Woolworths - 683754",
    "barcode": "9300701898113",
    "shop": "Woolworths",
    "weight": "1EA",
    "prices": [
      {
        "state": "NSW",
        "price": "6400",
        "price_per_unit": "91",
        "price_unit": "EA"
      },
      {
        "state": "VIC",
        "price": "6400",
        "price_per_unit": "91",
        "price_unit": "EA"
      },
      {
        "state": "QLD",
        "price": "6400",
        "price_per_unit": "91",
        "price_unit": "EA"
      },
      {
        "state": "WA",
        "price": "6400",
        "price_per_unit": "91",
        "price_unit": "EA"
      },
      {
        "state": "SA",
        "price": "6400",
        "price_per_unit": "91",
        "price_unit": "EA"
      },
      {
        "state": "TAS",
        "price": "6400",
        "price_per_unit": "91",
        "price_unit": "EA"
      },
      {
        "state": "ACT",
        "price": "6400",
        "price_per_unit": "91",
        "price_unit": "EA"
      },
      {
        "state": "NT",
        "price": "6720",
        "price_per_unit": "96",
        "price_unit": "EA"
      }
    ]
  },
  {
    "source_url": "https://www.woolworths.com.au/shop/productdetails/277289/finish-ultimate-plus-all-in-one-lemon-dishwasher-tablets",
    "name": "Finish Ultimate Plus All In One Lemon Dishwasher Tablets 31 pack",
    "image_url": "https://cdn1.woolworths.media/content/wowproductimages/large/277289.jpg",
    "source_id": "Woolworths - 277289",
    "barcode": "9300701437749",
    "shop": "Woolworths",
    "weight": "1EA",
    "prices": [
      {
        "state": "NSW",
        "price": "2640",
        "price_per_unit": "85",
        "price_unit": "EA"
      },
      {
        "state": "VIC",
        "price": "2640",
        "price_per_unit": "85",
        "price_unit": "EA"
      },
      {
        "state": "QLD",
        "price": "2640",
        "price_per_unit": "85",
        "price_unit": "EA"
      },
      {
        "state": "WA",
        "price": "2640",
        "price_per_unit": "85",
        "price_unit": "EA"
      },
      {
        "state": "SA",
        "price": "2640",
        "price_per_unit": "85",
        "price_unit": "EA"
      },
      {
        "state": "TAS",
        "price": "2640",
        "price_per_unit": "85",
        "price_unit": "EA"
      },
      {
        "state": "ACT",
        "price": "2640",
        "price_per_unit": "85",
        "price_unit": "EA"
      },
      {
        "state": "NT",
        "price": "2640",
        "price_per_unit": "85",
        "price_unit": "EA"
      }
    ]
  },
  {
    "source_url": "https://www.woolworths.com.au/shop/productdetails/278042/finish-ultimate-plus-dishwasher-tablets-lemon",
    "name": "Finish Ultimate Plus Dishwasher Tablets Lemon 45 Pack",
    "image_url": "https://cdn1.woolworths.media/content/wowproductimages/large/278042.jpg",
    "source_id": "Woolworths - 278042",
    "barcode": "9300701437732",
    "shop": "Woolworths",
    "weight": "1EA",
    "prices": [
      {
        "state": "NSW",
        "price": "5700",
        "price_per_unit": "127",
        "price_unit": "EA"
      },
      {
        "state": "VIC",
        "price": "5700",
        "price_per_unit": "127",
        "price_unit": "EA"
      },
      {
        "state": "QLD",
        "price": "5700",
        "price_per_unit": "127",
        "price_unit": "EA"
      },
      {
        "state": "WA",
        "price": "5700",
        "price_per_unit": "127",
        "price_unit": "EA"
      },
      {
        "state": "SA",
        "price": "5700",
        "price_per_unit": "127",
        "price_unit": "EA"
      },
      {
        "state": "TAS",
        "price": "5700",
        "price_per_unit": "127",
        "price_unit": "EA"
      },
      {
        "state": "ACT",
        "price": "5700",
        "price_per_unit": "127",
        "price_unit": "EA"
      },
      {
        "state": "NT",
        "price": "5700",
        "price_per_unit": "127",
        "price_unit": "EA"
      }
    ]
  },
  {
    "source_url": "https://www.woolworths.com.au/shop/productdetails/277151/finish-ultimate-plus-lemon-sparkle-dishwasher-tablets",
    "name": "Finish Ultimate Plus Lemon Sparkle Dishwasher Tablets 56 Pack",
    "image_url": "https://cdn1.woolworths.media/content/wowproductimages/large/277151.jpg",
    "source_id": "Woolworths - 277151",
    "barcode": "9300701437725",
    "shop": "Woolworths",
    "weight": "1EA",
    "prices": [
      {
        "state": "NSW",
        "price": "6400",
        "price_per_unit": "114",
        "price_unit": "EA"
      },
      {
        "state": "VIC",
        "price": "6400",
        "price_per_unit": "114",
        "price_unit": "EA"
      },
      {
        "state": "QLD",
        "price": "6400",
        "price_per_unit": "114",
        "price_unit": "EA"
      },
      {
        "state": "WA",
        "price": "6400",
        "price_per_unit": "114",
        "price_unit": "EA"
      },
      {
        "state": "SA",
        "price": "6400",
        "price_per_unit": "114",
        "price_unit": "EA"
      },
      {
        "state": "TAS",
        "price": "6400",
        "price_per_unit": "114",
        "price_unit": "EA"
      },
      {
        "state": "ACT",
        "price": "6400",
        "price_per_unit": "114",
        "price_unit": "EA"
      },
      {
        "state": "NT",
        "price": "6720",
        "price_per_unit": "120",
        "price_unit": "EA"
      }
    ]
  },
  {
    "source_url": "https://www.woolworths.com.au/shop/productdetails/277767/finish-ultimate-plus-material-care-dishwasher-tablets",
    "name": "Finish Ultimate Plus Material Care Dishwasher Tablets 50 Pack",
    "image_url": "https://cdn1.woolworths.media/content/wowproductimages/large/277767.jpg",
    "source_id": "Woolworths - 277767",
    "barcode": "9300701483296",
    "shop": "Woolworths",
    "weight": "1EA",
    "prices": [
      {
        "state": "NSW",
        "price": "3600",
        "price_per_unit": "72",
        "price_unit": "EA"
      },
      {
        "state": "VIC",
        "price": "3600",
        "price_per_unit": "72",
        "price_unit": "EA"
      },
      {
        "state": "QLD",
        "price": "3600",
        "price_per_unit": "72",
        "price_unit": "EA"
      },
      {
        "state": "WA",
        "price": "3600",
        "price_per_unit": "72",
        "price_unit": "EA"
      },
      {
        "state": "SA",
        "price": "3600",
        "price_per_unit": "72",
        "price_unit": "EA"
      },
      {
        "state": "TAS",
        "price": "3600",
        "price_per_unit": "72",
        "price_unit": "EA"
      },
      {
        "state": "ACT",
        "price": "3600",
        "price_per_unit": "72",
        "price_unit": "EA"
      },
      {
        "state": "NT",
        "price": "3600",
        "price_per_unit": "72",
        "price_unit": "EA"
      }
    ]
  },
  {
    "source_url": "https://www.woolworths.com.au/shop/productdetails/277655/finish-ultimate-plus-material-care-dishwasher-tablets",
    "name": "Finish Ultimate Plus Material Care Dishwasher Tablets 62 Pack",
    "image_url": "https://cdn1.woolworths.media/content/wowproductimages/large/277655.jpg",
    "source_id": "Woolworths - 277655",
    "barcode": "9300701483289",
    "shop": "Woolworths",
    "weight": "1EA",
    "prices": [
      {
        "state": "NSW",
        "price": "6700",
        "price_per_unit": "108",
        "price_unit": "EA"
      },
      {
        "state": "VIC",
        "price": "6700",
        "price_per_unit": "108",
        "price_unit": "EA"
      },
      {
        "state": "QLD",
        "price": "6700",
        "price_per_unit": "108",
        "price_unit": "EA"
      },
      {
        "state": "WA",
        "price": "6700",
        "price_per_unit": "108",
        "price_unit": "EA"
      },
      {
        "state": "SA",
        "price": "6700",
        "price_per_unit": "108",
        "price_unit": "EA"
      },
      {
        "state": "TAS",
        "price": "6700",
        "price_per_unit": "108",
        "price_unit": "EA"
      },
      {
        "state": "ACT",
        "price": "6700",
        "price_per_unit": "108",
        "price_unit": "EA"
      },
      {
        "state": "NT",
        "price": "7030",
        "price_per_unit": "113",
        "price_unit": "EA"
      }
    ]
  },
  {
    "source_url": "https://www.woolworths.com.au/shop/productdetails/6004027/koh-dishwashing-liquid-refill-pack",
    "name": "Koh Dishwashing Liquid Refill Pack 1.5L",
    "image_url": "https://cdn1.woolworths.media/content/wowproductimages/large/6004027.jpg",
    "source_id": "Woolworths - 6004027",
    "barcode": "5060611011180",
    "shop": "Woolworths",
    "weight": "100ML",
    "prices": [
      {
        "state": "NSW",
        "price": "1800",
        "price_per_unit": "120",
        "price_unit": "ML"
      },
      {
        "state": "VIC",
        "price": "1800",
        "price_per_unit": "120",
        "price_unit": "ML"
      },
      {
        "state": "SA",
        "price": "1800",
        "price_per_unit": "120",
        "price_unit": "ML"
      }
    ]
  },
  {
    "source_url": "https://www.woolworths.com.au/shop/productdetails/758054/maison-muse-whitney-dish-liquid-guava-elderflower",
    "name": "Maison & Muse Whitney Dish Liquid Guava & Elderflower 500mL",
    "image_url": "https://cdn1.woolworths.media/content/wowproductimages/large/758054.jpg",
    "source_id": "Woolworths - 758054",
    "barcode": "9421035733779",
    "shop": "Woolworths",
    "weight": "100ML",
    "prices": [
      {
        "state": "NSW",
        "price": "390",
        "price_per_unit": "78",
        "price_unit": "ML"
      },
      {
        "state": "VIC",
        "price": "390",
        "price_per_unit": "78",
        "price_unit": "ML"
      },
      {
        "state": "QLD",
        "price": "390",
        "price_per_unit": "78",
        "price_unit": "ML"
      },
      {
        "state": "WA",
        "price": "390",
        "price_per_unit": "78",
        "price_unit": "ML"
      },
      {
        "state": "SA",
        "price": "390",
        "price_per_unit": "78",
        "price_unit": "ML"
      },
      {
        "state": "TAS",
        "price": "390",
        "price_per_unit": "78",
        "price_unit": "ML"
      },
      {
        "state": "ACT",
        "price": "390",
        "price_per_unit": "78",
        "price_unit": "ML"
      },
      {
        "state": "NT",
        "price": "390",
        "price_per_unit": "78",
        "price_unit": "ML"
      }
    ]
  },
  {
    "source_url": "https://www.woolworths.com.au/shop/productdetails/779306/maison-muse-zaha-dish-liquid-lime-french-pear",
    "name": "Maison & Muse Zaha Dish Liquid Lime & French Pear 500mL",
    "image_url": "https://cdn1.woolworths.media/content/wowproductimages/large/779306.jpg",
    "source_id": "Woolworths - 779306",
    "barcode": "9421035733762",
    "shop": "Woolworths",
    "weight": "100ML",
    "prices": [
      {
        "state": "NSW",
        "price": "390",
        "price_per_unit": "78",
        "price_unit": "ML"
      },
      {
        "state": "VIC",
        "price": "390",
        "price_per_unit": "78",
        "price_unit": "ML"
      },
      {
        "state": "WA",
        "price": "390",
        "price_per_unit": "78",
        "price_unit": "ML"
      },
      {
        "state": "SA",
        "price": "390",
        "price_per_unit": "78",
        "price_unit": "ML"
      },
      {
        "state": "TAS",
        "price": "390",
        "price_per_unit": "78",
        "price_unit": "ML"
      },
      {
        "state": "ACT",
        "price": "390",
        "price_per_unit": "78",
        "price_unit": "ML"
      },
      {
        "state": "NT",
        "price": "390",
        "price_per_unit": "78",
        "price_unit": "ML"
      }
    ]
  },
  {
    "source_url": "https://www.woolworths.com.au/shop/productdetails/562269/palmolive-australian-reefs-dishwashing-liquid-ocean-chill",
    "name": "Palmolive Australian Reefs Dishwashing Liquid Ocean Chill 750mL",
    "image_url": "https://cdn1.woolworths.media/content/wowproductimages/large/562269.jpg",
    "source_id": "Woolworths - 562269",
    "barcode": "8850006951477",
    "shop": "Woolworths",
    "weight": "100ML",
    "prices": [
      {
        "state": "NSW",
        "price": "750",
        "price_per_unit": "100",
        "price_unit": "ML"
      },
      {
        "state": "QLD",
        "price": "750",
        "price_per_unit": "100",
        "price_unit": "ML"
      },
      {
        "state": "WA",
        "price": "750",
        "price_per_unit": "100",
        "price_unit": "ML"
      },
      {
        "state": "SA",
        "price": "750",
        "price_per_unit": "100",
        "price_unit": "ML"
      },
      {
        "state": "TAS",
        "price": "750",
        "price_per_unit": "100",
        "price_unit": "ML"
      },
      {
        "state": "ACT",
        "price": "750",
        "price_per_unit": "100",
        "price_unit": "ML"
      },
      {
        "state": "NT",
        "price": "785",
        "price_per_unit": "105",
        "price_unit": "ML"
      }
    ]
  },
  {
    "source_url": "https://www.woolworths.com.au/shop/productdetails/212827/palmolive-dishwashing-liquid-antibacterial-lemon-ultra",
    "name": "Palmolive Dishwashing Liquid Antibacterial Lemon - Ultra 500ml",
    "image_url": "https://cdn1.woolworths.media/content/wowproductimages/large/212827.jpg",
    "source_id": "Woolworths - 212827",
    "barcode": "8850006944424",
    "shop": "Woolworths",
    "weight": "100ML",
    "prices": [
      {
        "state": "NSW",
        "price": "500",
        "price_per_unit": "100",
        "price_unit": "ML"
      },
      {
        "state": "QLD",
        "price": "500",
        "price_per_unit": "100",
        "price_unit": "ML"
      },
      {
        "state": "WA",
        "price": "500",
        "price_per_unit": "100",
        "price_unit": "ML"
      },
      {
        "state": "SA",
        "price": "500",
        "price_per_unit": "100",
        "price_unit": "ML"
      },
      {
        "state": "TAS",
        "price": "500",
        "price_per_unit": "100",
        "price_unit": "ML"
      },
      {
        "state": "ACT",
        "price": "500",
        "price_per_unit": "100",
        "price_unit": "ML"
      },
      {
        "state": "NT",
        "price": "500",
        "price_per_unit": "100",
        "price_unit": "ML"
      }
    ]
  },
  {
    "source_url": "https://www.woolworths.com.au/shop/productdetails/210820/palmolive-dishwashing-liquid-antibacterial-lemon-ultra",
    "name": "Palmolive Dishwashing Liquid Antibacterial Lemon - Ultra 950ml",
    "image_url": "https://cdn1.woolworths.media/content/wowproductimages/large/210820.jpg",
    "source_id": "Woolworths - 210820",
    "barcode": "8850006944387",
    "shop": "Woolworths",
    "weight": "100ML",
    "prices": [
      {
        "state": "NSW",
        "price": "425",
        "price_per_unit": "45",
        "price_unit": "ML"
      },
      {
        "state": "QLD",
        "price": "425",
        "price_per_unit": "45",
        "price_unit": "ML"
      },
      {
        "state": "WA",
        "price": "425",
        "price_per_unit": "45",
        "price_unit": "ML"
      },
      {
        "state": "SA",
        "price": "425",
        "price_per_unit": "45",
        "price_unit": "ML"
      },
      {
        "state": "TAS",
        "price": "425",
        "price_per_unit": "45",
        "price_unit": "ML"
      },
      {
        "state": "ACT",
        "price": "425",
        "price_per_unit": "45",
        "price_unit": "ML"
      },
      {
        "state": "NT",
        "price": "445",
        "price_per_unit": "47",
        "price_unit": "ML"
      }
    ]
  },
  {
    "source_url": "https://www.woolworths.com.au/shop/productdetails/277807/palmolive-dishwashing-liquid-au-extracts-lemon-ultra",
    "name": "Palmolive Dishwashing Liquid Au Extracts Lemon - Ultra 750ml",
    "image_url": "https://cdn1.woolworths.media/content/wowproductimages/large/277807.jpg",
    "source_id": "Woolworths - 277807",
    "barcode": "8850006948170",
    "shop": "Woolworths",
    "weight": "100ML",
    "prices": [
      {
        "state": "NSW",
        "price": "750",
        "price_per_unit": "100",
        "price_unit": "ML"
      },
      {
        "state": "QLD",
        "price": "750",
        "price_per_unit": "100",
        "price_unit": "ML"
      },
      {
        "state": "WA",
        "price": "750",
        "price_per_unit": "100",
        "price_unit": "ML"
      },
      {
        "state": "SA",
        "price": "750",
        "price_per_unit": "100",
        "price_unit": "ML"
      },
      {
        "state": "TAS",
        "price": "750",
        "price_per_unit": "100",
        "price_unit": "ML"
      },
      {
        "state": "ACT",
        "price": "750",
        "price_per_unit": "100",
        "price_unit": "ML"
      },
      {
        "state": "NT",
        "price": "785",
        "price_per_unit": "105",
        "price_unit": "ML"
      }
    ]
  },
  {
    "source_url": "https://www.woolworths.com.au/shop/productdetails/278186/palmolive-dishwashing-liquid-au-extracts-peach-ultra",
    "name": "Palmolive Dishwashing Liquid Au Extracts Peach - Ultra 750ml",
    "image_url": "https://cdn1.woolworths.media/content/wowproductimages/large/278186.jpg",
    "source_id": "Woolworths - 278186",
    "barcode": "8850006948187",
    "shop": "Woolworths",
    "weight": "100ML",
    "prices": [
      {
        "state": "NSW",
        "price": "750",
        "price_per_unit": "100",
        "price_unit": "ML"
      },
      {
        "state": "QLD",
        "price": "750",
        "price_per_unit": "100",
        "price_unit": "ML"
      },
      {
        "state": "WA",
        "price": "750",
        "price_per_unit": "100",
        "price_unit": "ML"
      },
      {
        "state": "SA",
        "price": "750",
        "price_per_unit": "100",
        "price_unit": "ML"
      },
      {
        "state": "TAS",
        "price": "750",
        "price_per_unit": "100",
        "price_unit": "ML"
      },
      {
        "state": "ACT",
        "price": "750",
        "price_per_unit": "100",
        "price_unit": "ML"
      },
      {
        "state": "NT",
        "price": "785",
        "price_per_unit": "105",
        "price_unit": "ML"
      }
    ]
  },
  {
    "source_url": "https://www.woolworths.com.au/shop/productdetails/214492/palmolive-dishwashing-liquid-original-ultra",
    "name": "Palmolive Dishwashing Liquid Original - Ultra 1.5l",
    "image_url": "https://cdn1.woolworths.media/content/wowproductimages/large/214492.jpg",
    "source_id": "Woolworths - 214492",
    "barcode": "8850006944356",
    "shop": "Woolworths",
    "weight": "100ML",
    "prices": [
      {
        "state": "NSW",
        "price": "1000",
        "price_per_unit": "67",
        "price_unit": "ML"
      },
      {
        "state": "QLD",
        "price": "1000",
        "price_per_unit": "67",
        "price_unit": "ML"
      },
      {
        "state": "WA",
        "price": "1000",
        "price_per_unit": "67",
        "price_unit": "ML"
      },
      {
        "state": "SA",
        "price": "1000",
        "price_per_unit": "67",
        "price_unit": "ML"
      },
      {
        "state": "TAS",
        "price": "1000",
        "price_per_unit": "67",
        "price_unit": "ML"
      },
      {
        "state": "ACT",
        "price": "1000",
        "price_per_unit": "67",
        "price_unit": "ML"
      },
      {
        "state": "NT",
        "price": "1050",
        "price_per_unit": "70",
        "price_unit": "ML"
      }
    ]
  },
  {
    "source_url": "https://www.woolworths.com.au/shop/productdetails/213194/palmolive-dishwashing-liquid-original-ultra",
    "name": "Palmolive Dishwashing Liquid Original - Ultra 950ml",
    "image_url": "https://cdn1.woolworths.media/content/wowproductimages/large/213194.jpg",
    "source_id": "Woolworths - 213194",
    "barcode": "8850006944363",
    "shop": "Woolworths",
    "weight": "100ML",
    "prices": [
      {
        "state": "NSW",
        "price": "425",
        "price_per_unit": "45",
        "price_unit": "ML"
      },
      {
        "state": "QLD",
        "price": "425",
        "price_per_unit": "45",
        "price_unit": "ML"
      },
      {
        "state": "WA",
        "price": "425",
        "price_per_unit": "45",
        "price_unit": "ML"
      },
      {
        "state": "SA",
        "price": "425",
        "price_per_unit": "45",
        "price_unit": "ML"
      },
      {
        "state": "TAS",
        "price": "425",
        "price_per_unit": "45",
        "price_unit": "ML"
      },
      {
        "state": "ACT",
        "price": "425",
        "price_per_unit": "45",
        "price_unit": "ML"
      },
      {
        "state": "NT",
        "price": "445",
        "price_per_unit": "47",
        "price_unit": "ML"
      }
    ]
  },
  {
    "source_url": "https://www.woolworths.com.au/shop/productdetails/273026/palmolive-dishwashing-liquid-original",
    "name": "Palmolive Dishwashing Liquid Original 750ml",
    "image_url": "https://cdn1.woolworths.media/content/wowproductimages/large/273026.jpg",
    "source_id": "Woolworths - 273026",
    "barcode": "9300632068579",
    "shop": "Woolworths",
    "weight": "100ML",
    "prices": [
      {
        "state": "NSW",
        "price": "400",
        "price_per_unit": "53",
        "price_unit": "ML"
      },
      {
        "state": "QLD",
        "price": "400",
        "price_per_unit": "53",
        "price_unit": "ML"
      },
      {
        "state": "WA",
        "price": "400",
        "price_per_unit": "53",
        "price_unit": "ML"
      },
      {
        "state": "SA",
        "price": "400",
        "price_per_unit": "53",
        "price_unit": "ML"
      },
      {
        "state": "TAS",
        "price": "400",
        "price_per_unit": "53",
        "price_unit": "ML"
      },
      {
        "state": "ACT",
        "price": "400",
        "price_per_unit": "53",
        "price_unit": "ML"
      },
      {
        "state": "NT",
        "price": "420",
        "price_per_unit": "56",
        "price_unit": "ML"
      }
    ]
  },
  {
    "source_url": "https://www.woolworths.com.au/shop/productdetails/563029/palmolive-ultra-australian-reefs-coral-splash-dishwashing-liquid",
    "name": "Palmolive Ultra Australian Reefs Coral Splash Dishwashing Liquid 750mL",
    "image_url": "https://cdn1.woolworths.media/content/wowproductimages/large/563029.jpg",
    "source_id": "Woolworths - 563029",
    "barcode": "8850006951484",
    "shop": "Woolworths",
    "weight": "100ML",
    "prices": [
      {
        "state": "NSW",
        "price": "750",
        "price_per_unit": "100",
        "price_unit": "ML"
      },
      {
        "state": "QLD",
        "price": "750",
        "price_per_unit": "100",
        "price_unit": "ML"
      },
      {
        "state": "WA",
        "price": "750",
        "price_per_unit": "100",
        "price_unit": "ML"
      },
      {
        "state": "SA",
        "price": "750",
        "price_per_unit": "100",
        "price_unit": "ML"
      },
      {
        "state": "TAS",
        "price": "750",
        "price_per_unit": "100",
        "price_unit": "ML"
      },
      {
        "state": "ACT",
        "price": "750",
        "price_per_unit": "100",
        "price_unit": "ML"
      },
      {
        "state": "NT",
        "price": "785",
        "price_per_unit": "105",
        "price_unit": "ML"
      }
    ]
  },
  {
    "source_url": "https://www.woolworths.com.au/shop/productdetails/158202/dr-beckmann-dishwasher-hygiene-cleaner",
    "name": "Dr Beckmann Dishwasher Hygiene Cleaner 75g",
    "image_url": "https://cdn1.woolworths.media/content/wowproductimages/large/158202.jpg",
    "source_id": "Woolworths - 158202",
    "barcode": "4008455496016",
    "shop": "Woolworths",
    "weight": "100G",
    "prices": [
      {
        "state": "VIC",
        "price": "500",
        "price_per_unit": "667",
        "price_unit": "G"
      },
      {
        "state": "QLD",
        "price": "500",
        "price_per_unit": "667",
        "price_unit": "G"
      },
      {
        "state": "WA",
        "price": "500",
        "price_per_unit": "667",
        "price_unit": "G"
      },
      {
        "state": "SA",
        "price": "500",
        "price_per_unit": "667",
        "price_unit": "G"
      },
      {
        "state": "TAS",
        "price": "500",
        "price_per_unit": "667",
        "price_unit": "G"
      },
      {
        "state": "ACT",
        "price": "500",
        "price_per_unit": "667",
        "price_unit": "G"
      },
      {
        "state": "NT",
        "price": "500",
        "price_per_unit": "667",
        "price_unit": "G"
      }
    ]
  },
  {
    "source_url": "https://www.woolworths.com.au/shop/productdetails/40124/earth-choice-lemon-burst-dishwash",
    "name": "Earth Choice Lemon Burst Dishwash 500ml",
    "image_url": "https://cdn1.woolworths.media/content/wowproductimages/large/040124.jpg",
    "source_id": "Woolworths - 40124",
    "barcode": "9310692112952",
    "shop": "Woolworths",
    "weight": "100ML",
    "prices": [
      {
        "state": "VIC",
        "price": "325",
        "price_per_unit": "65",
        "price_unit": "ML"
      },
      {
        "state": "QLD",
        "price": "325",
        "price_per_unit": "65",
        "price_unit": "ML"
      },
      {
        "state": "WA",
        "price": "325",
        "price_per_unit": "65",
        "price_unit": "ML"
      },
      {
        "state": "SA",
        "price": "325",
        "price_per_unit": "65",
        "price_unit": "ML"
      },
      {
        "state": "TAS",
        "price": "325",
        "price_per_unit": "65",
        "price_unit": "ML"
      },
      {
        "state": "ACT",
        "price": "325",
        "price_per_unit": "65",
        "price_unit": "ML"
      },
      {
        "state": "NT",
        "price": "340",
        "price_per_unit": "68",
        "price_unit": "ML"
      }
    ]
  },
  {
    "source_url": "https://www.woolworths.com.au/shop/productdetails/214963/earth-choice-ultra-concentrate-antibacterial-dish-liquid",
    "name": "Earth Choice Ultra Concentrate Antibacterial Dish Liquid 500ml",
    "image_url": "https://cdn1.woolworths.media/content/wowproductimages/large/214963.jpg",
    "source_id": "Woolworths - 214963",
    "barcode": "9310692112457",
    "shop": "Woolworths",
    "weight": "100ML",
    "prices": [
      {
        "state": "VIC",
        "price": "325",
        "price_per_unit": "65",
        "price_unit": "ML"
      },
      {
        "state": "QLD",
        "price": "325",
        "price_per_unit": "65",
        "price_unit": "ML"
      },
      {
        "state": "WA",
        "price": "325",
        "price_per_unit": "65",
        "price_unit": "ML"
      },
      {
        "state": "SA",
        "price": "325",
        "price_per_unit": "65",
        "price_unit": "ML"
      },
      {
        "state": "TAS",
        "price": "325",
        "price_per_unit": "65",
        "price_unit": "ML"
      },
      {
        "state": "ACT",
        "price": "325",
        "price_per_unit": "65",
        "price_unit": "ML"
      },
      {
        "state": "NT",
        "price": "340",
        "price_per_unit": "68",
        "price_unit": "ML"
      }
    ]
  },
  {
    "source_url": "https://www.woolworths.com.au/shop/productdetails/669335/ecostore-dish-soap-bar-lemon",
    "name": "Ecostore Dish Soap Bar Lemon 125g",
    "image_url": "https://cdn1.woolworths.media/content/wowproductimages/large/669335.jpg",
    "source_id": "Woolworths - 669335",
    "barcode": "9420015000580",
    "shop": "Woolworths",
    "weight": "100G",
    "prices": [
      {
        "state": "VIC",
        "price": "750",
        "price_per_unit": "600",
        "price_unit": "G"
      },
      {
        "state": "QLD",
        "price": "750",
        "price_per_unit": "600",
        "price_unit": "G"
      },
      {
        "state": "WA",
        "price": "750",
        "price_per_unit": "600",
        "price_unit": "G"
      },
      {
        "state": "SA",
        "price": "750",
        "price_per_unit": "600",
        "price_unit": "G"
      },
      {
        "state": "TAS",
        "price": "750",
        "price_per_unit": "600",
        "price_unit": "G"
      },
      {
        "state": "ACT",
        "price": "750",
        "price_per_unit": "600",
        "price_unit": "G"
      },
      {
        "state": "NT",
        "price": "780",
        "price_per_unit": "624",
        "price_unit": "G"
      }
    ]
  },
  {
    "source_url": "https://www.woolworths.com.au/shop/productdetails/796646/ecostore-dishwashing-liquid-lemon",
    "name": "Ecostore Dishwashing Liquid Lemon 1L",
    "image_url": "https://cdn1.woolworths.media/content/wowproductimages/large/796646.jpg",
    "source_id": "Woolworths - 796646",
    "barcode": "9420015011036",
    "shop": "Woolworths",
    "weight": "100ML",
    "prices": [
      {
        "state": "VIC",
        "price": "880",
        "price_per_unit": "88",
        "price_unit": "ML"
      },
      {
        "state": "QLD",
        "price": "880",
        "price_per_unit": "88",
        "price_unit": "ML"
      },
      {
        "state": "WA",
        "price": "880",
        "price_per_unit": "88",
        "price_unit": "ML"
      },
      {
        "state": "SA",
        "price": "880",
        "price_per_unit": "88",
        "price_unit": "ML"
      },
      {
        "state": "TAS",
        "price": "880",
        "price_per_unit": "88",
        "price_unit": "ML"
      },
      {
        "state": "ACT",
        "price": "880",
        "price_per_unit": "88",
        "price_unit": "ML"
      }
    ]
  },
  {
    "source_url": "https://www.woolworths.com.au/shop/productdetails/272767/ecostore-dishwashing-liquid-lemon",
    "name": "Ecostore Dishwashing Liquid Lemon 500ml",
    "image_url": "https://cdn1.woolworths.media/content/wowproductimages/large/272767.jpg",
    "source_id": "Woolworths - 272767",
    "barcode": "9420015000191",
    "shop": "Woolworths",
    "weight": "100ML",
    "prices": [
      {
        "state": "VIC",
        "price": "480",
        "price_per_unit": "96",
        "price_unit": "ML"
      },
      {
        "state": "QLD",
        "price": "480",
        "price_per_unit": "96",
        "price_unit": "ML"
      },
      {
        "state": "WA",
        "price": "480",
        "price_per_unit": "96",
        "price_unit": "ML"
      },
      {
        "state": "SA",
        "price": "480",
        "price_per_unit": "96",
        "price_unit": "ML"
      },
      {
        "state": "TAS",
        "price": "480",
        "price_per_unit": "96",
        "price_unit": "ML"
      },
      {
        "state": "ACT",
        "price": "480",
        "price_per_unit": "96",
        "price_unit": "ML"
      },
      {
        "state": "NT",
        "price": "500",
        "price_per_unit": "100",
        "price_unit": "ML"
      }
    ]
  },
  {
    "source_url": "https://www.woolworths.com.au/shop/productdetails/278444/fairy-clean-booster-dishwasher-power-spray",
    "name": "Fairy Clean Booster Dishwasher Power Spray 420ml",
    "image_url": "https://cdn1.woolworths.media/content/wowproductimages/large/278444.jpg",
    "source_id": "Woolworths - 278444",
    "barcode": "4987176136459",
    "shop": "Woolworths",
    "weight": "100ML",
    "prices": [
      {
        "state": "VIC",
        "price": "650",
        "price_per_unit": "155",
        "price_unit": "ML"
      },
      {
        "state": "QLD",
        "price": "650",
        "price_per_unit": "155",
        "price_unit": "ML"
      },
      {
        "state": "WA",
        "price": "650",
        "price_per_unit": "155",
        "price_unit": "ML"
      },
      {
        "state": "SA",
        "price": "650",
        "price_per_unit": "155",
        "price_unit": "ML"
      },
      {
        "state": "TAS",
        "price": "650",
        "price_per_unit": "155",
        "price_unit": "ML"
      },
      {
        "state": "ACT",
        "price": "650",
        "price_per_unit": "155",
        "price_unit": "ML"
      },
      {
        "state": "NT",
        "price": "650",
        "price_per_unit": "155",
        "price_unit": "ML"
      }
    ]
  },
  {
    "source_url": "https://www.woolworths.com.au/shop/productdetails/215498/fairy-lemon-dish-kitchen-spray",
    "name": "Fairy Lemon Dish & Kitchen Spray 450ml",
    "image_url": "https://cdn1.woolworths.media/content/wowproductimages/large/215498.jpg",
    "source_id": "Woolworths - 215498",
    "barcode": "4987176092328",
    "shop": "Woolworths",
    "weight": "100ML",
    "prices": [
      {
        "state": "VIC",
        "price": "600",
        "price_per_unit": "133",
        "price_unit": "ML"
      },
      {
        "state": "QLD",
        "price": "600",
        "price_per_unit": "133",
        "price_unit": "ML"
      },
      {
        "state": "WA",
        "price": "600",
        "price_per_unit": "133",
        "price_unit": "ML"
      },
      {
        "state": "SA",
        "price": "600",
        "price_per_unit": "133",
        "price_unit": "ML"
      },
      {
        "state": "TAS",
        "price": "600",
        "price_per_unit": "133",
        "price_unit": "ML"
      },
      {
        "state": "ACT",
        "price": "600",
        "price_per_unit": "133",
        "price_unit": "ML"
      },
      {
        "state": "NT",
        "price": "600",
        "price_per_unit": "133",
        "price_unit": "ML"
      }
    ]
  },
  {
    "source_url": "https://www.woolworths.com.au/shop/productdetails/155625/fairy-platinum-all-in-one-lemon-automatic-dishwasher-tablets",
    "name": "Fairy Platinum All In One Lemon Automatic Dishwasher Tablets 20 Pack",
    "image_url": "https://cdn1.woolworths.media/content/wowproductimages/large/155625.jpg",
    "source_id": "Woolworths - 155625",
    "barcode": "4902430927888",
    "shop": "Woolworths",
    "weight": "1EA",
    "prices": [
      {
        "state": "VIC",
        "price": "2100",
        "price_per_unit": "105",
        "price_unit": "EA"
      },
      {
        "state": "QLD",
        "price": "2100",
        "price_per_unit": "105",
        "price_unit": "EA"
      },
      {
        "state": "WA",
        "price": "2100",
        "price_per_unit": "105",
        "price_unit": "EA"
      },
      {
        "state": "SA",
        "price": "2100",
        "price_per_unit": "105",
        "price_unit": "EA"
      },
      {
        "state": "TAS",
        "price": "2100",
        "price_per_unit": "105",
        "price_unit": "EA"
      },
      {
        "state": "ACT",
        "price": "2100",
        "price_per_unit": "105",
        "price_unit": "EA"
      },
      {
        "state": "NT",
        "price": "2200",
        "price_per_unit": "110",
        "price_unit": "EA"
      }
    ]
  },
  {
    "source_url": "https://www.woolworths.com.au/shop/productdetails/174148/fairy-ultra-concentrate-lemon-dishwashing-liquid",
    "name": "Fairy Ultra Concentrate Lemon Dishwashing Liquid 800ml",
    "image_url": "https://cdn1.woolworths.media/content/wowproductimages/large/174148.jpg",
    "source_id": "Woolworths - 174148",
    "barcode": "4987176061904",
    "shop": "Woolworths",
    "weight": "100ML",
    "prices": [
      {
        "state": "VIC",
        "price": "550",
        "price_per_unit": "69",
        "price_unit": "ML"
      },
      {
        "state": "QLD",
        "price": "550",
        "price_per_unit": "69",
        "price_unit": "ML"
      },
      {
        "state": "WA",
        "price": "550",
        "price_per_unit": "69",
        "price_unit": "ML"
      },
      {
        "state": "SA",
        "price": "550",
        "price_per_unit": "69",
        "price_unit": "ML"
      },
      {
        "state": "TAS",
        "price": "550",
        "price_per_unit": "69",
        "price_unit": "ML"
      },
      {
        "state": "ACT",
        "price": "550",
        "price_per_unit": "69",
        "price_unit": "ML"
      },
      {
        "state": "NT",
        "price": "550",
        "price_per_unit": "69",
        "price_unit": "ML"
      }
    ]
  },
  {
    "source_url": "https://www.woolworths.com.au/shop/productdetails/605217/finish-lemon-lime-dishwasher-freshener",
    "name": "Finish Lemon & Lime Dishwasher Freshener 1 Pack",
    "image_url": "https://cdn1.woolworths.media/content/wowproductimages/large/605217.jpg",
    "source_id": "Woolworths - 605217",
    "barcode": "5011417548554",
    "shop": "Woolworths",
    "weight": "1EA",
    "prices": [
      {
        "state": "VIC",
        "price": "750",
        "price_per_unit": "750",
        "price_unit": "EA"
      },
      {
        "state": "QLD",
        "price": "750",
        "price_per_unit": "750",
        "price_unit": "EA"
      },
      {
        "state": "WA",
        "price": "750",
        "price_per_unit": "750",
        "price_unit": "EA"
      },
      {
        "state": "SA",
        "price": "750",
        "price_per_unit": "750",
        "price_unit": "EA"
      },
      {
        "state": "TAS",
        "price": "750",
        "price_per_unit": "750",
        "price_unit": "EA"
      },
      {
        "state": "ACT",
        "price": "750",
        "price_per_unit": "750",
        "price_unit": "EA"
      },
      {
        "state": "NT",
        "price": "790",
        "price_per_unit": "790",
        "price_unit": "EA"
      }
    ]
  },
  {
    "source_url": "https://www.woolworths.com.au/shop/productdetails/677789/finish-power-lemon-dishwasher-tablets",
    "name": "Finish Power Lemon Dishwasher Tablets 40 pack",
    "image_url": "https://cdn1.woolworths.media/content/wowproductimages/large/677789.jpg",
    "source_id": "Woolworths - 677789",
    "barcode": "9300701793890",
    "shop": "Woolworths",
    "weight": "1EA",
    "prices": [
      {
        "state": "VIC",
        "price": "1700",
        "price_per_unit": "43",
        "price_unit": "EA"
      },
      {
        "state": "QLD",
        "price": "1700",
        "price_per_unit": "43",
        "price_unit": "EA"
      },
      {
        "state": "SA",
        "price": "1700",
        "price_per_unit": "43",
        "price_unit": "EA"
      },
      {
        "state": "TAS",
        "price": "1700",
        "price_per_unit": "43",
        "price_unit": "EA"
      },
      {
        "state": "ACT",
        "price": "1700",
        "price_per_unit": "43",
        "price_unit": "EA"
      },
      {
        "state": "NT",
        "price": "1700",
        "price_per_unit": "43",
        "price_unit": "EA"
      }
    ]
  },
  {
    "source_url": "https://www.woolworths.com.au/shop/productdetails/215492/finish-quantum-lemon-dishwashing-tablets",
    "name": "Finish Quantum Lemon Dishwashing Tablets 18 pack",
    "image_url": "https://cdn1.woolworths.media/content/wowproductimages/large/215492.jpg",
    "source_id": "Woolworths - 215492",
    "barcode": "9300701079864",
    "shop": "Woolworths",
    "weight": "1EA",
    "prices": [
      {
        "state": "VIC",
        "price": "1100",
        "price_per_unit": "61",
        "price_unit": "EA"
      },
      {
        "state": "QLD",
        "price": "1100",
        "price_per_unit": "61",
        "price_unit": "EA"
      },
      {
        "state": "SA",
        "price": "1100",
        "price_per_unit": "61",
        "price_unit": "EA"
      },
      {
        "state": "NT",
        "price": "1100",
        "price_per_unit": "61",
        "price_unit": "EA"
      }
    ]
  },
  {
    "source_url": "https://www.woolworths.com.au/shop/productdetails/618647/finish-rinse-shine-aid-wet-dishes",
    "name": "Finish Rinse & Shine Aid Wet Dishes 800mL",
    "image_url": "https://cdn1.woolworths.media/content/wowproductimages/large/618647.jpg",
    "source_id": "Woolworths - 618647",
    "barcode": "5011417552926",
    "shop": "Woolworths",
    "weight": "100ML",
    "prices": [
      {
        "state": "VIC",
        "price": "1500",
        "price_per_unit": "188",
        "price_unit": "ML"
      },
      {
        "state": "QLD",
        "price": "1500",
        "price_per_unit": "188",
        "price_unit": "ML"
      },
      {
        "state": "WA",
        "price": "1500",
        "price_per_unit": "188",
        "price_unit": "ML"
      },
      {
        "state": "SA",
        "price": "1500",
        "price_per_unit": "188",
        "price_unit": "ML"
      },
      {
        "state": "TAS",
        "price": "1500",
        "price_per_unit": "188",
        "price_unit": "ML"
      },
      {
        "state": "ACT",
        "price": "1500",
        "price_per_unit": "188",
        "price_unit": "ML"
      },
      {
        "state": "NT",
        "price": "1570",
        "price_per_unit": "196",
        "price_unit": "ML"
      }
    ]
  },
  {
    "source_url": "https://www.woolworths.com.au/shop/productdetails/672738/finish-ultimate-0-free-from-dishwasher-tablets",
    "name": "Finish Ultimate 0% Free From Dishwasher Tablets 62 pack",
    "image_url": "https://cdn1.woolworths.media/content/wowproductimages/large/672738.jpg",
    "source_id": "Woolworths - 672738",
    "barcode": "9300701791865",
    "shop": "Woolworths",
    "weight": "1EA",
    "prices": [
      {
        "state": "VIC",
        "price": "2850",
        "price_per_unit": "46",
        "price_unit": "EA"
      },
      {
        "state": "QLD",
        "price": "2850",
        "price_per_unit": "46",
        "price_unit": "EA"
      },
      {
        "state": "WA",
        "price": "2850",
        "price_per_unit": "46",
        "price_unit": "EA"
      },
      {
        "state": "SA",
        "price": "2850",
        "price_per_unit": "46",
        "price_unit": "EA"
      },
      {
        "state": "TAS",
        "price": "2850",
        "price_per_unit": "46",
        "price_unit": "EA"
      },
      {
        "state": "ACT",
        "price": "2850",
        "price_per_unit": "46",
        "price_unit": "EA"
      },
      {
        "state": "NT",
        "price": "2850",
        "price_per_unit": "46",
        "price_unit": "EA"
      }
    ]
  },
  {
    "source_url": "https://www.woolworths.com.au/shop/productdetails/683753/finish-ultimate-0-free-from-dishwasher-tablets",
    "name": "Finish Ultimate 0% Free From Dishwasher Tablets 80 pack",
    "image_url": "https://cdn1.woolworths.media/content/wowproductimages/large/683753.jpg",
    "source_id": "Woolworths - 683753",
    "barcode": "9300701791889",
    "shop": "Woolworths",
    "weight": "1EA",
    "prices": [
      {
        "state": "VIC",
        "price": "3900",
        "price_per_unit": "49",
        "price_unit": "EA"
      },
      {
        "state": "QLD",
        "price": "3900",
        "price_per_unit": "49",
        "price_unit": "EA"
      },
      {
        "state": "WA",
        "price": "3900",
        "price_per_unit": "49",
        "price_unit": "EA"
      },
      {
        "state": "SA",
        "price": "3900",
        "price_per_unit": "49",
        "price_unit": "EA"
      },
      {
        "state": "TAS",
        "price": "3900",
        "price_per_unit": "49",
        "price_unit": "EA"
      },
      {
        "state": "ACT",
        "price": "3900",
        "price_per_unit": "49",
        "price_unit": "EA"
      },
      {
        "state": "NT",
        "price": "3900",
        "price_per_unit": "49",
        "price_unit": "EA"
      }
    ]
  },
  {
    "source_url": "https://www.woolworths.com.au/shop/productdetails/78637/finish-ultimate-lemon-dishwasher-tablets",
    "name": "Finish Ultimate Lemon Dishwasher Tablets 16 pack",
    "image_url": "https://cdn1.woolworths.media/content/wowproductimages/large/078637.jpg",
    "source_id": "Woolworths - 78637",
    "barcode": "9300701053130",
    "shop": "Woolworths",
    "weight": "1EA",
    "prices": [
      {
        "state": "VIC",
        "price": "2100",
        "price_per_unit": "131",
        "price_unit": "EA"
      },
      {
        "state": "QLD",
        "price": "2100",
        "price_per_unit": "131",
        "price_unit": "EA"
      },
      {
        "state": "WA",
        "price": "2100",
        "price_per_unit": "131",
        "price_unit": "EA"
      },
      {
        "state": "SA",
        "price": "2100",
        "price_per_unit": "131",
        "price_unit": "EA"
      },
      {
        "state": "TAS",
        "price": "2100",
        "price_per_unit": "131",
        "price_unit": "EA"
      },
      {
        "state": "ACT",
        "price": "2100",
        "price_per_unit": "131",
        "price_unit": "EA"
      },
      {
        "state": "NT",
        "price": "2200",
        "price_per_unit": "138",
        "price_unit": "EA"
      }
    ]
  },
  {
    "source_url": "https://www.woolworths.com.au/shop/productdetails/699236/morning-fresh-antibacterial-dishwashing-liquid-active-lemon",
    "name": "Morning Fresh Antibacterial Dishwashing Liquid Active Lemon 350mL",
    "image_url": "https://cdn1.woolworths.media/content/wowproductimages/large/699236.jpg",
    "source_id": "Woolworths - 699236",
    "barcode": "9300615028507",
    "shop": "Woolworths",
    "weight": "100ML",
    "prices": [
      {
        "state": "VIC",
        "price": "275",
        "price_per_unit": "79",
        "price_unit": "ML"
      },
      {
        "state": "QLD",
        "price": "275",
        "price_per_unit": "79",
        "price_unit": "ML"
      },
      {
        "state": "WA",
        "price": "275",
        "price_per_unit": "79",
        "price_unit": "ML"
      },
      {
        "state": "SA",
        "price": "275",
        "price_per_unit": "79",
        "price_unit": "ML"
      },
      {
        "state": "TAS",
        "price": "275",
        "price_per_unit": "79",
        "price_unit": "ML"
      },
      {
        "state": "ACT",
        "price": "275",
        "price_per_unit": "79",
        "price_unit": "ML"
      },
      {
        "state": "NT",
        "price": "285",
        "price_per_unit": "81",
        "price_unit": "ML"
      }
    ]
  },
  {
    "source_url": "https://www.woolworths.com.au/shop/productdetails/158582/morning-fresh-botanicals-dishwashing-liquid-lemon-myrtle-mandarin",
    "name": "Morning Fresh Botanicals Dishwashing Liquid Lemon Myrtle & Mandarin 680ml",
    "image_url": "https://cdn1.woolworths.media/content/wowproductimages/large/158582.jpg",
    "source_id": "Woolworths - 158582",
    "barcode": "9300615095196",
    "shop": "Woolworths",
    "weight": "100ML",
    "prices": [
      {
        "state": "VIC",
        "price": "850",
        "price_per_unit": "125",
        "price_unit": "ML"
      },
      {
        "state": "QLD",
        "price": "850",
        "price_per_unit": "125",
        "price_unit": "ML"
      },
      {
        "state": "WA",
        "price": "850",
        "price_per_unit": "125",
        "price_unit": "ML"
      },
      {
        "state": "SA",
        "price": "850",
        "price_per_unit": "125",
        "price_unit": "ML"
      },
      {
        "state": "TAS",
        "price": "850",
        "price_per_unit": "125",
        "price_unit": "ML"
      },
      {
        "state": "ACT",
        "price": "850",
        "price_per_unit": "125",
        "price_unit": "ML"
      },
      {
        "state": "NT",
        "price": "890",
        "price_per_unit": "131",
        "price_unit": "ML"
      }
    ]
  },
  {
    "source_url": "https://www.woolworths.com.au/shop/productdetails/677992/morning-fresh-botanics-bergamot-bitter-orange-dishwashing-liquid",
    "name": "Morning Fresh Botanics Bergamot & Bitter Orange Dishwashing Liquid 680mL",
    "image_url": "https://cdn1.woolworths.media/content/wowproductimages/large/677992.jpg",
    "source_id": "Woolworths - 677992",
    "barcode": "9300615028521",
    "shop": "Woolworths",
    "weight": "100ML",
    "prices": [
      {
        "state": "VIC",
        "price": "850",
        "price_per_unit": "125",
        "price_unit": "ML"
      },
      {
        "state": "QLD",
        "price": "850",
        "price_per_unit": "125",
        "price_unit": "ML"
      },
      {
        "state": "WA",
        "price": "850",
        "price_per_unit": "125",
        "price_unit": "ML"
      },
      {
        "state": "SA",
        "price": "850",
        "price_per_unit": "125",
        "price_unit": "ML"
      },
      {
        "state": "TAS",
        "price": "850",
        "price_per_unit": "125",
        "price_unit": "ML"
      },
      {
        "state": "ACT",
        "price": "850",
        "price_per_unit": "125",
        "price_unit": "ML"
      },
      {
        "state": "NT",
        "price": "890",
        "price_per_unit": "131",
        "price_unit": "ML"
      }
    ]
  },
  {
    "source_url": "https://www.woolworths.com.au/shop/productdetails/696897/morning-fresh-botanics-plum-cherry-blossom-dishwashing-liquid",
    "name": "Morning Fresh Botanics Plum & Cherry Blossom Dishwashing Liquid 680mL",
    "image_url": "https://cdn1.woolworths.media/content/wowproductimages/large/696897.jpg",
    "source_id": "Woolworths - 696897",
    "barcode": "9300615028514",
    "shop": "Woolworths",
    "weight": "100ML",
    "prices": [
      {
        "state": "VIC",
        "price": "850",
        "price_per_unit": "125",
        "price_unit": "ML"
      },
      {
        "state": "QLD",
        "price": "850",
        "price_per_unit": "125",
        "price_unit": "ML"
      },
      {
        "state": "WA",
        "price": "850",
        "price_per_unit": "125",
        "price_unit": "ML"
      },
      {
        "state": "SA",
        "price": "850",
        "price_per_unit": "125",
        "price_unit": "ML"
      },
      {
        "state": "TAS",
        "price": "850",
        "price_per_unit": "125",
        "price_unit": "ML"
      },
      {
        "state": "ACT",
        "price": "850",
        "price_per_unit": "125",
        "price_unit": "ML"
      },
      {
        "state": "NT",
        "price": "890",
        "price_per_unit": "131",
        "price_unit": "ML"
      }
    ]
  },
  {
    "source_url": "https://www.woolworths.com.au/shop/productdetails/829558/morning-fresh-dishwashing-liquid-lemon-lemon-fresh",
    "name": "Morning Fresh Dishwashing Liquid Lemon 400ml",
    "image_url": "https://cdn1.woolworths.media/content/wowproductimages/large/829558.jpg",
    "source_id": "Woolworths - 829558",
    "barcode": "9300615055909",
    "shop": "Woolworths",
    "weight": "100ML",
    "prices": [
      {
        "state": "VIC",
        "price": "550",
        "price_per_unit": "138",
        "price_unit": "ML"
      },
      {
        "state": "QLD",
        "price": "550",
        "price_per_unit": "138",
        "price_unit": "ML"
      },
      {
        "state": "WA",
        "price": "550",
        "price_per_unit": "138",
        "price_unit": "ML"
      },
      {
        "state": "SA",
        "price": "550",
        "price_per_unit": "138",
        "price_unit": "ML"
      },
      {
        "state": "TAS",
        "price": "550",
        "price_per_unit": "138",
        "price_unit": "ML"
      },
      {
        "state": "ACT",
        "price": "550",
        "price_per_unit": "138",
        "price_unit": "ML"
      },
      {
        "state": "NT",
        "price": "575",
        "price_per_unit": "144",
        "price_unit": "ML"
      }
    ]
  },
  {
    "source_url": "https://www.woolworths.com.au/shop/productdetails/208111/morning-fresh-dishwashing-liquid-lemon-lemon-super-strength",
    "name": "Morning Fresh Dishwashing Liquid Lemon 900ml",
    "image_url": "https://cdn1.woolworths.media/content/wowproductimages/large/208111.jpg",
    "source_id": "Woolworths - 208111",
    "barcode": "9300615055664",
    "shop": "Woolworths",
    "weight": "100ML",
    "prices": [
      {
        "state": "VIC",
        "price": "950",
        "price_per_unit": "106",
        "price_unit": "ML"
      },
      {
        "state": "QLD",
        "price": "950",
        "price_per_unit": "106",
        "price_unit": "ML"
      },
      {
        "state": "WA",
        "price": "950",
        "price_per_unit": "106",
        "price_unit": "ML"
      },
      {
        "state": "SA",
        "price": "950",
        "price_per_unit": "106",
        "price_unit": "ML"
      },
      {
        "state": "TAS",
        "price": "950",
        "price_per_unit": "106",
        "price_unit": "ML"
      },
      {
        "state": "ACT",
        "price": "950",
        "price_per_unit": "106",
        "price_unit": "ML"
      },
      {
        "state": "NT",
        "price": "1000",
        "price_per_unit": "111",
        "price_unit": "ML"
      }
    ]
  },
  {
    "source_url": "https://www.woolworths.com.au/shop/productdetails/280546/morning-fresh-dishwashing-liquid-lime-lime",
    "name": "Morning Fresh Dishwashing Liquid Lime 900ml",
    "image_url": "https://cdn1.woolworths.media/content/wowproductimages/large/280546.jpg",
    "source_id": "Woolworths - 280546",
    "barcode": "9300615055695",
    "shop": "Woolworths",
    "weight": "100ML",
    "prices": [
      {
        "state": "VIC",
        "price": "950",
        "price_per_unit": "106",
        "price_unit": "ML"
      },
      {
        "state": "QLD",
        "price": "950",
        "price_per_unit": "106",
        "price_unit": "ML"
      },
      {
        "state": "WA",
        "price": "950",
        "price_per_unit": "106",
        "price_unit": "ML"
      },
      {
        "state": "SA",
        "price": "950",
        "price_per_unit": "106",
        "price_unit": "ML"
      },
      {
        "state": "TAS",
        "price": "950",
        "price_per_unit": "106",
        "price_unit": "ML"
      },
      {
        "state": "ACT",
        "price": "950",
        "price_per_unit": "106",
        "price_unit": "ML"
      },
      {
        "state": "NT",
        "price": "1000",
        "price_per_unit": "111",
        "price_unit": "ML"
      }
    ]
  },
  {
    "source_url": "https://www.woolworths.com.au/shop/productdetails/829544/morning-fresh-dishwashing-liquid-original-original",
    "name": "Morning Fresh Dishwashing Liquid Original 400ml",
    "image_url": "https://cdn1.woolworths.media/content/wowproductimages/large/829544.jpg",
    "source_id": "Woolworths - 829544",
    "barcode": "9300615055817",
    "shop": "Woolworths",
    "weight": "100ML",
    "prices": [
      {
        "state": "VIC",
        "price": "550",
        "price_per_unit": "138",
        "price_unit": "ML"
      },
      {
        "state": "QLD",
        "price": "550",
        "price_per_unit": "138",
        "price_unit": "ML"
      },
      {
        "state": "WA",
        "price": "550",
        "price_per_unit": "138",
        "price_unit": "ML"
      },
      {
        "state": "SA",
        "price": "550",
        "price_per_unit": "138",
        "price_unit": "ML"
      },
      {
        "state": "TAS",
        "price": "550",
        "price_per_unit": "138",
        "price_unit": "ML"
      },
      {
        "state": "ACT",
        "price": "550",
        "price_per_unit": "138",
        "price_unit": "ML"
      },
      {
        "state": "NT",
        "price": "575",
        "price_per_unit": "144",
        "price_unit": "ML"
      }
    ]
  },
  {
    "source_url": "https://www.woolworths.com.au/shop/productdetails/208112/morning-fresh-dishwashing-liquid-original-original-super-strength",
    "name": "Morning Fresh Dishwashing Liquid Original 900ml",
    "image_url": "https://cdn1.woolworths.media/content/wowproductimages/large/208112.jpg",
    "source_id": "Woolworths - 208112",
    "barcode": "9300615055671",
    "shop": "Woolworths",
    "weight": "100ML",
    "prices": [
      {
        "state": "VIC",
        "price": "950",
        "price_per_unit": "106",
        "price_unit": "ML"
      },
      {
        "state": "QLD",
        "price": "950",
        "price_per_unit": "106",
        "price_unit": "ML"
      },
      {
        "state": "WA",
        "price": "950",
        "price_per_unit": "106",
        "price_unit": "ML"
      },
      {
        "state": "TAS",
        "price": "950",
        "price_per_unit": "106",
        "price_unit": "ML"
      },
      {
        "state": "ACT",
        "price": "950",
        "price_per_unit": "106",
        "price_unit": "ML"
      },
      {
        "state": "NT",
        "price": "1000",
        "price_per_unit": "111",
        "price_unit": "ML"
      }
    ]
  },
  {
    "source_url": "https://www.woolworths.com.au/shop/productdetails/588994/morning-fresh-dishwashing-liquid-raspberry-crisp-apple",
    "name": "Morning Fresh Dishwashing Liquid Raspberry & Crisp Apple 900ml",
    "image_url": "https://cdn1.woolworths.media/content/wowproductimages/large/588994.jpg",
    "source_id": "Woolworths - 588994",
    "barcode": "9300615582306",
    "shop": "Woolworths",
    "weight": "100ML",
    "prices": [
      {
        "state": "VIC",
        "price": "950",
        "price_per_unit": "106",
        "price_unit": "ML"
      },
      {
        "state": "QLD",
        "price": "950",
        "price_per_unit": "106",
        "price_unit": "ML"
      },
      {
        "state": "WA",
        "price": "950",
        "price_per_unit": "106",
        "price_unit": "ML"
      },
      {
        "state": "SA",
        "price": "950",
        "price_per_unit": "106",
        "price_unit": "ML"
      },
      {
        "state": "TAS",
        "price": "950",
        "price_per_unit": "106",
        "price_unit": "ML"
      },
      {
        "state": "ACT",
        "price": "950",
        "price_per_unit": "106",
        "price_unit": "ML"
      },
      {
        "state": "NT",
        "price": "1000",
        "price_per_unit": "111",
        "price_unit": "ML"
      }
    ]
  },
  {
    "source_url": "https://www.woolworths.com.au/shop/productdetails/698705/morning-fresh-dishwashing-liquid-refil-limited-edition-citrus-burst",
    "name": "Morning Fresh Dishwashing Liquid Refil Limited Edition Citrus Burst 800mL",
    "image_url": "https://cdn1.woolworths.media/content/wowproductimages/large/698705.jpg",
    "source_id": "Woolworths - 698705",
    "barcode": "9300615027197",
    "shop": "Woolworths",
    "weight": "100ML",
    "prices": [
      {
        "state": "VIC",
        "price": "425",
        "price_per_unit": "53",
        "price_unit": "ML"
      },
      {
        "state": "QLD",
        "price": "425",
        "price_per_unit": "53",
        "price_unit": "ML"
      },
      {
        "state": "WA",
        "price": "425",
        "price_per_unit": "53",
        "price_unit": "ML"
      },
      {
        "state": "SA",
        "price": "425",
        "price_per_unit": "53",
        "price_unit": "ML"
      },
      {
        "state": "TAS",
        "price": "425",
        "price_per_unit": "53",
        "price_unit": "ML"
      },
      {
        "state": "ACT",
        "price": "425",
        "price_per_unit": "53",
        "price_unit": "ML"
      },
      {
        "state": "NT",
        "price": "445",
        "price_per_unit": "56",
        "price_unit": "ML"
      }
    ]
  },
  {
    "source_url": "https://www.woolworths.com.au/shop/productdetails/195186/morning-fresh-dishwashing-liquid-strawberry-guava",
    "name": "Morning Fresh Dishwashing Liquid Strawberry & Guava 400ml",
    "image_url": "https://cdn1.woolworths.media/content/wowproductimages/large/195186.jpg",
    "source_id": "Woolworths - 195186",
    "barcode": "9300615067377",
    "shop": "Woolworths",
    "weight": "100ML",
    "prices": [
      {
        "state": "VIC",
        "price": "550",
        "price_per_unit": "138",
        "price_unit": "ML"
      },
      {
        "state": "QLD",
        "price": "550",
        "price_per_unit": "138",
        "price_unit": "ML"
      },
      {
        "state": "WA",
        "price": "550",
        "price_per_unit": "138",
        "price_unit": "ML"
      },
      {
        "state": "SA",
        "price": "550",
        "price_per_unit": "138",
        "price_unit": "ML"
      },
      {
        "state": "TAS",
        "price": "550",
        "price_per_unit": "138",
        "price_unit": "ML"
      },
      {
        "state": "ACT",
        "price": "550",
        "price_per_unit": "138",
        "price_unit": "ML"
      },
      {
        "state": "NT",
        "price": "575",
        "price_per_unit": "144",
        "price_unit": "ML"
      }
    ]
  },
  {
    "source_url": "https://www.woolworths.com.au/shop/productdetails/217116/morning-fresh-green-bottle-for-life-lemon-dishwashing-liquid-refillable",
    "name": "Morning Fresh Green Bottle For Life Lemon Dishwashing Liquid Refillable 500ml",
    "image_url": "https://cdn1.woolworths.media/content/wowproductimages/large/217116.jpg",
    "source_id": "Woolworths - 217116",
    "barcode": "9300615001746",
    "shop": "Woolworths",
    "weight": "100ML",
    "prices": [
      {
        "state": "VIC",
        "price": "600",
        "price_per_unit": "120",
        "price_unit": "ML"
      },
      {
        "state": "QLD",
        "price": "600",
        "price_per_unit": "120",
        "price_unit": "ML"
      },
      {
        "state": "WA",
        "price": "600",
        "price_per_unit": "120",
        "price_unit": "ML"
      },
      {
        "state": "SA",
        "price": "600",
        "price_per_unit": "120",
        "price_unit": "ML"
      },
      {
        "state": "TAS",
        "price": "600",
        "price_per_unit": "120",
        "price_unit": "ML"
      },
      {
        "state": "ACT",
        "price": "600",
        "price_per_unit": "120",
        "price_unit": "ML"
      },
      {
        "state": "NT",
        "price": "600",
        "price_per_unit": "120",
        "price_unit": "ML"
      }
    ]
  },
  {
    "source_url": "https://www.woolworths.com.au/shop/productdetails/677863/morning-fresh-pro-performance-dishwasher-tablets",
    "name": "Morning Fresh Pro Performance Dishwasher Tablets 58 pack",
    "image_url": "https://cdn1.woolworths.media/content/wowproductimages/large/677863.jpg",
    "source_id": "Woolworths - 677863",
    "barcode": "9300615026862",
    "shop": "Woolworths",
    "weight": "1EA",
    "prices": [
      {
        "state": "VIC",
        "price": "2900",
        "price_per_unit": "50",
        "price_unit": "EA"
      },
      {
        "state": "QLD",
        "price": "2900",
        "price_per_unit": "50",
        "price_unit": "EA"
      },
      {
        "state": "WA",
        "price": "2900",
        "price_per_unit": "50",
        "price_unit": "EA"
      },
      {
        "state": "SA",
        "price": "2900",
        "price_per_unit": "50",
        "price_unit": "EA"
      },
      {
        "state": "TAS",
        "price": "2900",
        "price_per_unit": "50",
        "price_unit": "EA"
      },
      {
        "state": "ACT",
        "price": "2900",
        "price_per_unit": "50",
        "price_unit": "EA"
      },
      {
        "state": "NT",
        "price": "3045",
        "price_per_unit": "53",
        "price_unit": "EA"
      }
    ]
  },
  {
    "source_url": "https://www.woolworths.com.au/shop/productdetails/280534/morning-fresh-pro-performance-dishwasher-tablets-lemon",
    "name": "Morning Fresh Pro Performance Dishwasher Tablets Lemon 30 Pack",
    "image_url": "https://cdn1.woolworths.media/content/wowproductimages/large/280534.jpg",
    "source_id": "Woolworths - 280534",
    "barcode": "9300615013107",
    "shop": "Woolworths",
    "weight": "1EA",
    "prices": [
      {
        "state": "VIC",
        "price": "2000",
        "price_per_unit": "67",
        "price_unit": "EA"
      },
      {
        "state": "QLD",
        "price": "2000",
        "price_per_unit": "67",
        "price_unit": "EA"
      },
      {
        "state": "WA",
        "price": "2000",
        "price_per_unit": "67",
        "price_unit": "EA"
      },
      {
        "state": "SA",
        "price": "2000",
        "price_per_unit": "67",
        "price_unit": "EA"
      },
      {
        "state": "TAS",
        "price": "2000",
        "price_per_unit": "67",
        "price_unit": "EA"
      },
      {
        "state": "ACT",
        "price": "2000",
        "price_per_unit": "67",
        "price_unit": "EA"
      },
      {
        "state": "NT",
        "price": "2000",
        "price_per_unit": "67",
        "price_unit": "EA"
      }
    ]
  },
  {
    "source_url": "https://www.woolworths.com.au/shop/productdetails/281360/morning-fresh-pro-performance-dishwasher-tablets-lemon",
    "name": "Morning Fresh Pro Performance Dishwasher Tablets Lemon 44 Pack",
    "image_url": "https://cdn1.woolworths.media/content/wowproductimages/large/281360.jpg",
    "source_id": "Woolworths - 281360",
    "barcode": "9300615013114",
    "shop": "Woolworths",
    "weight": "1EA",
    "prices": [
      {
        "state": "VIC",
        "price": "2350",
        "price_per_unit": "53",
        "price_unit": "EA"
      },
      {
        "state": "QLD",
        "price": "2350",
        "price_per_unit": "53",
        "price_unit": "EA"
      },
      {
        "state": "WA",
        "price": "2350",
        "price_per_unit": "53",
        "price_unit": "EA"
      },
      {
        "state": "SA",
        "price": "2350",
        "price_per_unit": "53",
        "price_unit": "EA"
      },
      {
        "state": "TAS",
        "price": "2350",
        "price_per_unit": "53",
        "price_unit": "EA"
      },
      {
        "state": "ACT",
        "price": "2350",
        "price_per_unit": "53",
        "price_unit": "EA"
      },
      {
        "state": "NT",
        "price": "2465",
        "price_per_unit": "56",
        "price_unit": "EA"
      }
    ]
  },
  {
    "source_url": "https://www.woolworths.com.au/shop/productdetails/218104/morning-fresh-refill-lemon-dishwashing-liquid-washing-up",
    "name": "Morning Fresh Refill Lemon Dishwashing Liquid Washing Up 800ml",
    "image_url": "https://cdn1.woolworths.media/content/wowproductimages/large/218104.jpg",
    "source_id": "Woolworths - 218104",
    "barcode": "9300615001784",
    "shop": "Woolworths",
    "weight": "100ML",
    "prices": [
      {
        "state": "QLD",
        "price": "425",
        "price_per_unit": "53",
        "price_unit": "ML"
      },
      {
        "state": "WA",
        "price": "425",
        "price_per_unit": "53",
        "price_unit": "ML"
      },
      {
        "state": "SA",
        "price": "425",
        "price_per_unit": "53",
        "price_unit": "ML"
      },
      {
        "state": "TAS",
        "price": "425",
        "price_per_unit": "53",
        "price_unit": "ML"
      },
      {
        "state": "ACT",
        "price": "425",
        "price_per_unit": "53",
        "price_unit": "ML"
      },
      {
        "state": "NT",
        "price": "445",
        "price_per_unit": "56",
        "price_unit": "ML"
      }
    ]
  },
  {
    "source_url": "https://www.woolworths.com.au/shop/productdetails/37252/morning-fresh-soft-hands-dishwashing-liquid-vanilla-rose",
    "name": "Morning Fresh Soft Hands Dishwashing Liquid Vanilla & Rose 350mL",
    "image_url": "https://cdn1.woolworths.media/content/wowproductimages/large/037252.jpg",
    "source_id": "Woolworths - 37252",
    "barcode": "9300615039374",
    "shop": "Woolworths",
    "weight": "100ML",
    "prices": [
      {
        "state": "VIC",
        "price": "275",
        "price_per_unit": "79",
        "price_unit": "ML"
      },
      {
        "state": "QLD",
        "price": "275",
        "price_per_unit": "79",
        "price_unit": "ML"
      },
      {
        "state": "WA",
        "price": "275",
        "price_per_unit": "79",
        "price_unit": "ML"
      },
      {
        "state": "SA",
        "price": "275",
        "price_per_unit": "79",
        "price_unit": "ML"
      },
      {
        "state": "TAS",
        "price": "275",
        "price_per_unit": "79",
        "price_unit": "ML"
      },
      {
        "state": "ACT",
        "price": "275",
        "price_per_unit": "79",
        "price_unit": "ML"
      },
      {
        "state": "NT",
        "price": "285",
        "price_per_unit": "81",
        "price_unit": "ML"
      }
    ]
  },
  {
    "source_url": "https://www.woolworths.com.au/shop/productdetails/829570/morning-fresh-tropical-crush-dishwashing-liquid-washing-up-dish-wash",
    "name": "Morning Fresh Tropical Crush Dishwashing Liquid Washing Up Dish Wash 400ml",
    "image_url": "https://cdn1.woolworths.media/content/wowproductimages/large/829570.jpg",
    "source_id": "Woolworths - 829570",
    "barcode": "9300615055862",
    "shop": "Woolworths",
    "weight": "100ML",
    "prices": [
      {
        "state": "VIC",
        "price": "550",
        "price_per_unit": "138",
        "price_unit": "ML"
      },
      {
        "state": "QLD",
        "price": "550",
        "price_per_unit": "138",
        "price_unit": "ML"
      },
      {
        "state": "WA",
        "price": "550",
        "price_per_unit": "138",
        "price_unit": "ML"
      },
      {
        "state": "SA",
        "price": "550",
        "price_per_unit": "138",
        "price_unit": "ML"
      },
      {
        "state": "TAS",
        "price": "550",
        "price_per_unit": "138",
        "price_unit": "ML"
      },
      {
        "state": "ACT",
        "price": "550",
        "price_per_unit": "138",
        "price_unit": "ML"
      },
      {
        "state": "NT",
        "price": "575",
        "price_per_unit": "144",
        "price_unit": "ML"
      }
    ]
  },
  {
    "source_url": "https://www.woolworths.com.au/shop/productdetails/586677/morning-fresh-ultimate-lemon-dishwashing-liquid-washing-up-dish-wash",
    "name": "Morning Fresh Ultimate Lemon Dishwashing Liquid Washing Up Dish Wash 350ml",
    "image_url": "https://cdn1.woolworths.media/content/wowproductimages/large/586677.jpg",
    "source_id": "Woolworths - 586677",
    "barcode": "9300615580708",
    "shop": "Woolworths",
    "weight": "100ML",
    "prices": [
      {
        "state": "VIC",
        "price": "275",
        "price_per_unit": "79",
        "price_unit": "ML"
      },
      {
        "state": "QLD",
        "price": "275",
        "price_per_unit": "79",
        "price_unit": "ML"
      },
      {
        "state": "WA",
        "price": "275",
        "price_per_unit": "79",
        "price_unit": "ML"
      },
      {
        "state": "SA",
        "price": "275",
        "price_per_unit": "79",
        "price_unit": "ML"
      },
      {
        "state": "TAS",
        "price": "275",
        "price_per_unit": "79",
        "price_unit": "ML"
      },
      {
        "state": "ACT",
        "price": "275",
        "price_per_unit": "79",
        "price_unit": "ML"
      },
      {
        "state": "NT",
        "price": "285",
        "price_per_unit": "81",
        "price_unit": "ML"
      }
    ]
  },
  {
    "source_url": "https://www.woolworths.com.au/shop/productdetails/586843/morning-fresh-ultimate-original-dishwashing-liquid-washing-up-dish-wash",
    "name": "Morning Fresh Ultimate Original Dishwashing Liquid Washing Up Dish Wash 350ml",
    "image_url": "https://cdn1.woolworths.media/content/wowproductimages/large/586843.jpg",
    "source_id": "Woolworths - 586843",
    "barcode": "9300615580609",
    "shop": "Woolworths",
    "weight": "100ML",
    "prices": [
      {
        "state": "VIC",
        "price": "275",
        "price_per_unit": "79",
        "price_unit": "ML"
      },
      {
        "state": "QLD",
        "price": "275",
        "price_per_unit": "79",
        "price_unit": "ML"
      },
      {
        "state": "WA",
        "price": "275",
        "price_per_unit": "79",
        "price_unit": "ML"
      },
      {
        "state": "SA",
        "price": "275",
        "price_per_unit": "79",
        "price_unit": "ML"
      },
      {
        "state": "TAS",
        "price": "275",
        "price_per_unit": "79",
        "price_unit": "ML"
      },
      {
        "state": "NT",
        "price": "285",
        "price_per_unit": "81",
        "price_unit": "ML"
      }
    ]
  },
  {
    "source_url": "https://www.woolworths.com.au/shop/productdetails/154950/morning-fresh-ultimate-power-clean-citrus-dishwashing-dish-kitchen-spray",
    "name": "Morning Fresh Ultimate Power Clean Citrus Dishwashing Dish Kitchen Spray 500ml",
    "image_url": "https://cdn1.woolworths.media/content/wowproductimages/large/154950.jpg",
    "source_id": "Woolworths - 154950",
    "barcode": "9300615010762",
    "shop": "Woolworths",
    "weight": "100ML",
    "prices": [
      {
        "state": "VIC",
        "price": "1100",
        "price_per_unit": "220",
        "price_unit": "ML"
      },
      {
        "state": "QLD",
        "price": "1100",
        "price_per_unit": "220",
        "price_unit": "ML"
      },
      {
        "state": "WA",
        "price": "1100",
        "price_per_unit": "220",
        "price_unit": "ML"
      },
      {
        "state": "SA",
        "price": "1100",
        "price_per_unit": "220",
        "price_unit": "ML"
      },
      {
        "state": "TAS",
        "price": "1100",
        "price_per_unit": "220",
        "price_unit": "ML"
      },
      {
        "state": "ACT",
        "price": "1100",
        "price_per_unit": "220",
        "price_unit": "ML"
      },
      {
        "state": "NT",
        "price": "1100",
        "price_per_unit": "220",
        "price_unit": "ML"
      }
    ]
  },
  {
    "source_url": "https://www.woolworths.com.au/shop/productdetails/907281/nil-eco-dish-soap-lemongrass",
    "name": "Nil Eco Dish Soap Lemongrass 100g",
    "image_url": "https://cdn1.woolworths.media/content/wowproductimages/large/907281.jpg",
    "source_id": "Woolworths - 907281",
    "barcode": "9421907356556",
    "shop": "Woolworths",
    "weight": "100G",
    "prices": [
      {
        "state": "VIC",
        "price": "525",
        "price_per_unit": "525",
        "price_unit": "G"
      },
      {
        "state": "WA",
        "price": "525",
        "price_per_unit": "525",
        "price_unit": "G"
      },
      {
        "state": "SA",
        "price": "525",
        "price_per_unit": "525",
        "price_unit": "G"
      },
      {
        "state": "TAS",
        "price": "525",
        "price_per_unit": "525",
        "price_unit": "G"
      },
      {
        "state": "NT",
        "price": "565",
        "price_per_unit": "565",
        "price_unit": "G"
      }
    ]
  },
  {
    "source_url": "https://www.woolworths.com.au/shop/productdetails/282626/morning-fresh-summer-berries-dishwashing-liquid-washing-up-dish-wash",
    "name": "Morning Fresh Summer Berries Dishwashing Liquid Washing Up Dish Wash 900ml",
    "image_url": "https://cdn1.woolworths.media/content/wowproductimages/large/282626.jpg",
    "source_id": "Woolworths - 282626",
    "barcode": "9300615115436",
    "shop": "Woolworths",
    "weight": "100ML",
    "prices": [
      {
        "state": "QLD",
        "price": "950",
        "price_per_unit": "106",
        "price_unit": "ML"
      },
      {
        "state": "SA",
        "price": "950",
        "price_per_unit": "106",
        "price_unit": "ML"
      },
      {
        "state": "NT",
        "price": "1000",
        "price_per_unit": "111",
        "price_unit": "ML"
      }
    ]
  },
  {
    "source_url": "https://www.woolworths.com.au/shop/productdetails/212825/palmolive-dishwashing-liquid-a-bac-limited-edition-ultra",
    "name": "Palmolive Dishwashing Liquid a/Bac Limited Edition - Ultra 500ml",
    "image_url": "https://cdn1.woolworths.media/content/wowproductimages/large/212825.jpg",
    "source_id": "Woolworths - 212825",
    "barcode": "8850006944271",
    "shop": "Woolworths",
    "weight": "100ML",
    "prices": [
      {
        "state": "QLD",
        "price": "500",
        "price_per_unit": "100",
        "price_unit": "ML"
      },
      {
        "state": "WA",
        "price": "500",
        "price_per_unit": "100",
        "price_unit": "ML"
      },
      {
        "state": "SA",
        "price": "500",
        "price_per_unit": "100",
        "price_unit": "ML"
      },
      {
        "state": "TAS",
        "price": "500",
        "price_per_unit": "100",
        "price_unit": "ML"
      },
      {
        "state": "ACT",
        "price": "500",
        "price_per_unit": "100",
        "price_unit": "ML"
      },
      {
        "state": "NT",
        "price": "500",
        "price_per_unit": "100",
        "price_unit": "ML"
      }
    ]
  },
  {
    "source_url": "https://www.woolworths.com.au/shop/productdetails/214502/palmolive-dishwashing-liquid-antibacterial-lemon-ultra",
    "name": "Palmolive Dishwashing Liquid Antibacterial Lemon - Ultra 1.5l",
    "image_url": "https://cdn1.woolworths.media/content/wowproductimages/large/214502.jpg",
    "source_id": "Woolworths - 214502",
    "barcode": "8850006944349",
    "shop": "Woolworths",
    "weight": "100ML",
    "prices": [
      {
        "state": "QLD",
        "price": "1000",
        "price_per_unit": "67",
        "price_unit": "ML"
      },
      {
        "state": "WA",
        "price": "1000",
        "price_per_unit": "67",
        "price_unit": "ML"
      },
      {
        "state": "SA",
        "price": "1000",
        "price_per_unit": "67",
        "price_unit": "ML"
      },
      {
        "state": "TAS",
        "price": "1000",
        "price_per_unit": "67",
        "price_unit": "ML"
      },
      {
        "state": "ACT",
        "price": "1000",
        "price_per_unit": "67",
        "price_unit": "ML"
      },
      {
        "state": "NT",
        "price": "1050",
        "price_per_unit": "70",
        "price_unit": "ML"
      }
    ]
  },
  {
    "source_url": "https://www.woolworths.com.au/shop/productdetails/213196/palmolive-dishwashing-liquid-coconut-lime-ultra",
    "name": "Palmolive Dishwashing Liquid Coconut & Lime - Ultra 950ml",
    "image_url": "https://cdn1.woolworths.media/content/wowproductimages/large/213196.jpg",
    "source_id": "Woolworths - 213196",
    "barcode": "8850006944318",
    "shop": "Woolworths",
    "weight": "100ML",
    "prices": [
      {
        "state": "QLD",
        "price": "425",
        "price_per_unit": "45",
        "price_unit": "ML"
      },
      {
        "state": "SA",
        "price": "425",
        "price_per_unit": "45",
        "price_unit": "ML"
      },
      {
        "state": "NT",
        "price": "445",
        "price_per_unit": "47",
        "price_unit": "ML"
      }
    ]
  },
  {
    "source_url": "https://www.woolworths.com.au/shop/productdetails/213063/palmolive-dishwashing-liquid-gentle-care-ultra",
    "name": "Palmolive Dishwashing Liquid Gentle Care - Ultra 500ml",
    "image_url": "https://cdn1.woolworths.media/content/wowproductimages/large/213063.jpg",
    "source_id": "Woolworths - 213063",
    "barcode": "8850006944288",
    "shop": "Woolworths",
    "weight": "100ML",
    "prices": [
      {
        "state": "QLD",
        "price": "500",
        "price_per_unit": "100",
        "price_unit": "ML"
      },
      {
        "state": "WA",
        "price": "500",
        "price_per_unit": "100",
        "price_unit": "ML"
      },
      {
        "state": "SA",
        "price": "500",
        "price_per_unit": "100",
        "price_unit": "ML"
      },
      {
        "state": "TAS",
        "price": "500",
        "price_per_unit": "100",
        "price_unit": "ML"
      },
      {
        "state": "ACT",
        "price": "500",
        "price_per_unit": "100",
        "price_unit": "ML"
      },
      {
        "state": "NT",
        "price": "500",
        "price_per_unit": "100",
        "price_unit": "ML"
      }
    ]
  },
  {
    "source_url": "https://www.woolworths.com.au/shop/productdetails/212051/palmolive-dishwashing-liquid-gentle-care-aloe-ultra",
    "name": "Palmolive Dishwashing Liquid Gentle Care Aloe - Ultra 950ml",
    "image_url": "https://cdn1.woolworths.media/content/wowproductimages/large/212051.jpg",
    "source_id": "Woolworths - 212051",
    "barcode": "8850006944301",
    "shop": "Woolworths",
    "weight": "100ML",
    "prices": [
      {
        "state": "QLD",
        "price": "425",
        "price_per_unit": "45",
        "price_unit": "ML"
      },
      {
        "state": "WA",
        "price": "425",
        "price_per_unit": "45",
        "price_unit": "ML"
      },
      {
        "state": "SA",
        "price": "425",
        "price_per_unit": "45",
        "price_unit": "ML"
      },
      {
        "state": "TAS",
        "price": "425",
        "price_per_unit": "45",
        "price_unit": "ML"
      },
      {
        "state": "ACT",
        "price": "425",
        "price_per_unit": "45",
        "price_unit": "ML"
      },
      {
        "state": "NT",
        "price": "445",
        "price_per_unit": "47",
        "price_unit": "ML"
      }
    ]
  },
  {
    "source_url": "https://www.woolworths.com.au/shop/productdetails/213212/palmolive-dishwashing-liquid-vanilla-berries-ultra",
    "name": "Palmolive Dishwashing Liquid Vanilla & Berries - Ultra 950ml",
    "image_url": "https://cdn1.woolworths.media/content/wowproductimages/large/213212.jpg",
    "source_id": "Woolworths - 213212",
    "barcode": "8850006944394",
    "shop": "Woolworths",
    "weight": "100ML",
    "prices": [
      {
        "state": "QLD",
        "price": "425",
        "price_per_unit": "45",
        "price_unit": "ML"
      },
      {
        "state": "WA",
        "price": "425",
        "price_per_unit": "45",
        "price_unit": "ML"
      },
      {
        "state": "SA",
        "price": "425",
        "price_per_unit": "45",
        "price_unit": "ML"
      },
      {
        "state": "TAS",
        "price": "425",
        "price_per_unit": "45",
        "price_unit": "ML"
      },
      {
        "state": "ACT",
        "price": "425",
        "price_per_unit": "45",
        "price_unit": "ML"
      },
      {
        "state": "NT",
        "price": "445",
        "price_per_unit": "47",
        "price_unit": "ML"
      }
    ]
  },
  {
    "source_url": "https://www.woolworths.com.au/shop/productdetails/281029/saba-organics-dishwashing-liquid-lemon-blast",
    "name": "Saba Organics Dishwashing Liquid Lemon Blast 500ml",
    "image_url": "https://cdn1.woolworths.media/content/wowproductimages/large/281029.jpg",
    "source_id": "Woolworths - 281029",
    "barcode": "9353548000348",
    "shop": "Woolworths",
    "weight": "100ML",
    "prices": [
      {
        "state": "QLD",
        "price": "850",
        "price_per_unit": "170",
        "price_unit": "ML"
      },
      {
        "state": "WA",
        "price": "850",
        "price_per_unit": "170",
        "price_unit": "ML"
      },
      {
        "state": "SA",
        "price": "850",
        "price_per_unit": "170",
        "price_unit": "ML"
      },
      {
        "state": "TAS",
        "price": "850",
        "price_per_unit": "170",
        "price_unit": "ML"
      },
      {
        "state": "ACT",
        "price": "850",
        "price_per_unit": "170",
        "price_unit": "ML"
      },
      {
        "state": "NT",
        "price": "890",
        "price_per_unit": "178",
        "price_unit": "ML"
      }
    ]
  },
  {
    "source_url": "https://www.woolworths.com.au/shop/productdetails/285057/saba-organics-saba-organic-dishwashing-liquid-lime-blast",
    "name": "Saba Organics Saba Organic Dishwashing Liquid Lime Blast 500ml",
    "image_url": "https://cdn1.woolworths.media/content/wowproductimages/large/285057.jpg",
    "source_id": "Woolworths - 285057",
    "barcode": "9353548000522",
    "shop": "Woolworths",
    "weight": "100ML",
    "prices": [
      {
        "state": "QLD",
        "price": "850",
        "price_per_unit": "170",
        "price_unit": "ML"
      },
      {
        "state": "WA",
        "price": "850",
        "price_per_unit": "170",
        "price_unit": "ML"
      },
      {
        "state": "SA",
        "price": "850",
        "price_per_unit": "170",
        "price_unit": "ML"
      },
      {
        "state": "TAS",
        "price": "850",
        "price_per_unit": "170",
        "price_unit": "ML"
      },
      {
        "state": "ACT",
        "price": "850",
        "price_per_unit": "170",
        "price_unit": "ML"
      },
      {
        "state": "NT",
        "price": "890",
        "price_per_unit": "178",
        "price_unit": "ML"
      }
    ]
  },
  {
    "source_url": "https://www.woolworths.com.au/shop/productdetails/183956/shine-dishwasher-cleaner-lemon",
    "name": "Shine Dishwasher Cleaner Lemon 250 Ml",
    "image_url": "https://cdn1.woolworths.media/content/wowproductimages/large/183956.jpg",
    "source_id": "Woolworths - 183956",
    "barcode": "9339687276554",
    "shop": "Woolworths",
    "weight": "100ML",
    "prices": [
      {
        "state": "QLD",
        "price": "300",
        "price_per_unit": "120",
        "price_unit": "ML"
      },
      {
        "state": "WA",
        "price": "300",
        "price_per_unit": "120",
        "price_unit": "ML"
      },
      {
        "state": "SA",
        "price": "300",
        "price_per_unit": "120",
        "price_unit": "ML"
      },
      {
        "state": "TAS",
        "price": "300",
        "price_per_unit": "120",
        "price_unit": "ML"
      },
      {
        "state": "ACT",
        "price": "300",
        "price_per_unit": "120",
        "price_unit": "ML"
      },
      {
        "state": "NT",
        "price": "300",
        "price_per_unit": "120",
        "price_unit": "ML"
      }
    ]
  },
  {
    "source_url": "https://www.woolworths.com.au/shop/productdetails/720962/shine-dishwasher-powder-concentrate",
    "name": "Shine Dishwasher Powder Concentrate 1kg",
    "image_url": "https://cdn1.woolworths.media/content/wowproductimages/large/720962.jpg",
    "source_id": "Woolworths - 720962",
    "barcode": "9300633295271",
    "shop": "Woolworths",
    "weight": "100G",
    "prices": [
      {
        "state": "QLD",
        "price": "390",
        "price_per_unit": "39",
        "price_unit": "G"
      },
      {
        "state": "WA",
        "price": "390",
        "price_per_unit": "39",
        "price_unit": "G"
      },
      {
        "state": "SA",
        "price": "390",
        "price_per_unit": "39",
        "price_unit": "G"
      },
      {
        "state": "TAS",
        "price": "390",
        "price_per_unit": "39",
        "price_unit": "G"
      },
      {
        "state": "ACT",
        "price": "390",
        "price_per_unit": "39",
        "price_unit": "G"
      },
      {
        "state": "NT",
        "price": "390",
        "price_per_unit": "39",
        "price_unit": "G"
      }
    ]
  },
  {
    "source_url": "https://www.woolworths.com.au/shop/productdetails/183858/shine-dishwashing-liquid-lemon",
    "name": "Shine Dishwashing Liquid Lemon 1l",
    "image_url": "https://cdn1.woolworths.media/content/wowproductimages/large/183858.jpg",
    "source_id": "Woolworths - 183858",
    "barcode": "9339687276738",
    "shop": "Woolworths",
    "weight": "100ML",
    "prices": [
      {
        "state": "QLD",
        "price": "140",
        "price_per_unit": "14",
        "price_unit": "ML"
      },
      {
        "state": "WA",
        "price": "140",
        "price_per_unit": "14",
        "price_unit": "ML"
      },
      {
        "state": "SA",
        "price": "140",
        "price_per_unit": "14",
        "price_unit": "ML"
      },
      {
        "state": "TAS",
        "price": "140",
        "price_per_unit": "14",
        "price_unit": "ML"
      },
      {
        "state": "ACT",
        "price": "140",
        "price_per_unit": "14",
        "price_unit": "ML"
      },
      {
        "state": "NT",
        "price": "140",
        "price_per_unit": "14",
        "price_unit": "ML"
      }
    ]
  },
  {
    "source_url": "https://www.woolworths.com.au/shop/productdetails/184248/shine-dishwashing-tablets",
    "name": "Shine Dishwashing Tablets 100 Pack",
    "image_url": "https://cdn1.woolworths.media/content/wowproductimages/large/184248.jpg",
    "source_id": "Woolworths - 184248",
    "barcode": "9339687276813",
    "shop": "Woolworths",
    "weight": "1EA",
    "prices": [
      {
        "state": "QLD",
        "price": "1350",
        "price_per_unit": "14",
        "price_unit": "EA"
      },
      {
        "state": "WA",
        "price": "1350",
        "price_per_unit": "14",
        "price_unit": "EA"
      },
      {
        "state": "SA",
        "price": "1350",
        "price_per_unit": "14",
        "price_unit": "EA"
      },
      {
        "state": "TAS",
        "price": "1350",
        "price_per_unit": "14",
        "price_unit": "EA"
      },
      {
        "state": "ACT",
        "price": "1350",
        "price_per_unit": "14",
        "price_unit": "EA"
      },
      {
        "state": "NT",
        "price": "1350",
        "price_per_unit": "14",
        "price_unit": "EA"
      }
    ]
  },
  {
    "source_url": "https://www.woolworths.com.au/shop/productdetails/183866/shine-dishwashing-tablets",
    "name": "Shine Dishwashing Tablets 30 Pack",
    "image_url": "https://cdn1.woolworths.media/content/wowproductimages/large/183866.jpg",
    "source_id": "Woolworths - 183866",
    "barcode": "9339687276806",
    "shop": "Woolworths",
    "weight": "1EA",
    "prices": [
      {
        "state": "QLD",
        "price": "450",
        "price_per_unit": "15",
        "price_unit": "EA"
      },
      {
        "state": "WA",
        "price": "450",
        "price_per_unit": "15",
        "price_unit": "EA"
      },
      {
        "state": "SA",
        "price": "450",
        "price_per_unit": "15",
        "price_unit": "EA"
      },
      {
        "state": "NT",
        "price": "450",
        "price_per_unit": "15",
        "price_unit": "EA"
      }
    ]
  },
  {
    "source_url": "https://www.woolworths.com.au/shop/productdetails/184250/shine-optimum-all-in-one-ultimate-clean-dishwashing-pods",
    "name": "Shine Optimum All-In-One Ultimate Clean Dishwashing Pods 45 pack",
    "image_url": "https://cdn1.woolworths.media/content/wowproductimages/large/184250.jpg",
    "source_id": "Woolworths - 184250",
    "barcode": "9339687276837",
    "shop": "Woolworths",
    "weight": "1EA",
    "prices": [
      {
        "state": "QLD",
        "price": "1300",
        "price_per_unit": "29",
        "price_unit": "EA"
      },
      {
        "state": "WA",
        "price": "1300",
        "price_per_unit": "29",
        "price_unit": "EA"
      },
      {
        "state": "SA",
        "price": "1300",
        "price_per_unit": "29",
        "price_unit": "EA"
      },
      {
        "state": "TAS",
        "price": "1300",
        "price_per_unit": "29",
        "price_unit": "EA"
      },
      {
        "state": "ACT",
        "price": "1300",
        "price_per_unit": "29",
        "price_unit": "EA"
      },
      {
        "state": "NT",
        "price": "1300",
        "price_per_unit": "29",
        "price_unit": "EA"
      }
    ]
  },
  {
    "source_url": "https://www.woolworths.com.au/shop/productdetails/183859/shine-super-strength-dishwashing-liquid-citrus-fresh",
    "name": "Shine Super Strength Dishwashing Liquid Citrus Fresh 1l",
    "image_url": "https://cdn1.woolworths.media/content/wowproductimages/large/183859.jpg",
    "source_id": "Woolworths - 183859",
    "barcode": "9339687276745",
    "shop": "Woolworths",
    "weight": "100ML",
    "prices": [
      {
        "state": "QLD",
        "price": "250",
        "price_per_unit": "25",
        "price_unit": "ML"
      },
      {
        "state": "WA",
        "price": "250",
        "price_per_unit": "25",
        "price_unit": "ML"
      },
      {
        "state": "SA",
        "price": "250",
        "price_per_unit": "25",
        "price_unit": "ML"
      },
      {
        "state": "TAS",
        "price": "250",
        "price_per_unit": "25",
        "price_unit": "ML"
      },
      {
        "state": "ACT",
        "price": "250",
        "price_per_unit": "25",
        "price_unit": "ML"
      }
    ]
  },
  {
    "source_url": "https://www.woolworths.com.au/shop/productdetails/183864/shine-ultra-dishwashing-liquid-concentrate-antibacterial",
    "name": "Shine Ultra Dishwashing Liquid Concentrate Antibacterial 900ml",
    "image_url": "https://cdn1.woolworths.media/content/wowproductimages/large/183864.jpg",
    "source_id": "Woolworths - 183864",
    "barcode": "9339687276783",
    "shop": "Woolworths",
    "weight": "100ML",
    "prices": [
      {
        "state": "QLD",
        "price": "300",
        "price_per_unit": "33",
        "price_unit": "ML"
      },
      {
        "state": "WA",
        "price": "300",
        "price_per_unit": "33",
        "price_unit": "ML"
      },
      {
        "state": "SA",
        "price": "300",
        "price_per_unit": "33",
        "price_unit": "ML"
      },
      {
        "state": "TAS",
        "price": "300",
        "price_per_unit": "33",
        "price_unit": "ML"
      },
      {
        "state": "ACT",
        "price": "300",
        "price_per_unit": "33",
        "price_unit": "ML"
      },
      {
        "state": "NT",
        "price": "300",
        "price_per_unit": "33",
        "price_unit": "ML"
      }
    ]
  },
  {
    "source_url": "https://www.woolworths.com.au/shop/productdetails/183862/shine-ultra-dishwashing-liquid-lemon",
    "name": "Shine Ultra Dishwashing Liquid Lemon 450 Ml",
    "image_url": "https://cdn1.woolworths.media/content/wowproductimages/large/183862.jpg",
    "source_id": "Woolworths - 183862",
    "barcode": "9339687276769",
    "shop": "Woolworths",
    "weight": "100ML",
    "prices": [
      {
        "state": "QLD",
        "price": "200",
        "price_per_unit": "44",
        "price_unit": "ML"
      },
      {
        "state": "WA",
        "price": "200",
        "price_per_unit": "44",
        "price_unit": "ML"
      },
      {
        "state": "SA",
        "price": "200",
        "price_per_unit": "44",
        "price_unit": "ML"
      },
      {
        "state": "TAS",
        "price": "200",
        "price_per_unit": "44",
        "price_unit": "ML"
      },
      {
        "state": "ACT",
        "price": "200",
        "price_per_unit": "44",
        "price_unit": "ML"
      },
      {
        "state": "NT",
        "price": "200",
        "price_per_unit": "44",
        "price_unit": "ML"
      }
    ]
  },
  {
    "source_url": "https://www.woolworths.com.au/shop/productdetails/183860/shine-ultra-dishwashing-liquid-pear-and-peony",
    "name": "Shine Ultra Dishwashing Liquid Pear And Peony 450 Ml",
    "image_url": "https://cdn1.woolworths.media/content/wowproductimages/large/183860.jpg",
    "source_id": "Woolworths - 183860",
    "barcode": "9339687276752",
    "shop": "Woolworths",
    "weight": "100ML",
    "prices": [
      {
        "state": "QLD",
        "price": "200",
        "price_per_unit": "44",
        "price_unit": "ML"
      },
      {
        "state": "WA",
        "price": "200",
        "price_per_unit": "44",
        "price_unit": "ML"
      },
      {
        "state": "SA",
        "price": "200",
        "price_per_unit": "44",
        "price_unit": "ML"
      },
      {
        "state": "TAS",
        "price": "200",
        "price_per_unit": "44",
        "price_unit": "ML"
      },
      {
        "state": "ACT",
        "price": "200",
        "price_per_unit": "44",
        "price_unit": "ML"
      },
      {
        "state": "NT",
        "price": "200",
        "price_per_unit": "44",
        "price_unit": "ML"
      }
    ]
  },
  {
    "source_url": "https://www.woolworths.com.au/shop/productdetails/183863/shine-ultra-dishwashing-liquid-pear-and-peony",
    "name": "Shine Ultra Dishwashing Liquid Pear And Peony 900ml",
    "image_url": "https://cdn1.woolworths.media/content/wowproductimages/large/183863.jpg",
    "source_id": "Woolworths - 183863",
    "barcode": "9339687276776",
    "shop": "Woolworths",
    "weight": "100ML",
    "prices": [
      {
        "state": "QLD",
        "price": "300",
        "price_per_unit": "33",
        "price_unit": "ML"
      },
      {
        "state": "WA",
        "price": "300",
        "price_per_unit": "33",
        "price_unit": "ML"
      },
      {
        "state": "SA",
        "price": "300",
        "price_per_unit": "33",
        "price_unit": "ML"
      },
      {
        "state": "TAS",
        "price": "300",
        "price_per_unit": "33",
        "price_unit": "ML"
      },
      {
        "state": "ACT",
        "price": "300",
        "price_per_unit": "33",
        "price_unit": "ML"
      },
      {
        "state": "NT",
        "price": "300",
        "price_per_unit": "33",
        "price_unit": "ML"
      }
    ]
  },
  {
    "source_url": "https://www.woolworths.com.au/shop/productdetails/184249/shine-ultra-dishwashing-tablets",
    "name": "Shine Ultra Dishwashing Tablets 40 Pack",
    "image_url": "https://cdn1.woolworths.media/content/wowproductimages/large/184249.jpg",
    "source_id": "Woolworths - 184249",
    "barcode": "9339687276820",
    "shop": "Woolworths",
    "weight": "1EA",
    "prices": [
      {
        "state": "QLD",
        "price": "800",
        "price_per_unit": "20",
        "price_unit": "EA"
      },
      {
        "state": "WA",
        "price": "800",
        "price_per_unit": "20",
        "price_unit": "EA"
      },
      {
        "state": "SA",
        "price": "800",
        "price_per_unit": "20",
        "price_unit": "EA"
      },
      {
        "state": "TAS",
        "price": "800",
        "price_per_unit": "20",
        "price_unit": "EA"
      },
      {
        "state": "ACT",
        "price": "800",
        "price_per_unit": "20",
        "price_unit": "EA"
      },
      {
        "state": "NT",
        "price": "800",
        "price_per_unit": "20",
        "price_unit": "EA"
      }
    ]
  },
  {
    "source_url": "https://www.woolworths.com.au/shop/productdetails/183957/shine-ultra-rinse-aid-lemon",
    "name": "Shine Ultra Rinse Aid Lemon 500ml",
    "image_url": "https://cdn1.woolworths.media/content/wowproductimages/large/183957.jpg",
    "source_id": "Woolworths - 183957",
    "barcode": "9339687276561",
    "shop": "Woolworths",
    "weight": "100ML",
    "prices": [
      {
        "state": "QLD",
        "price": "300",
        "price_per_unit": "60",
        "price_unit": "ML"
      },
      {
        "state": "WA",
        "price": "300",
        "price_per_unit": "60",
        "price_unit": "ML"
      },
      {
        "state": "SA",
        "price": "300",
        "price_per_unit": "60",
        "price_unit": "ML"
      },
      {
        "state": "TAS",
        "price": "300",
        "price_per_unit": "60",
        "price_unit": "ML"
      },
      {
        "state": "NT",
        "price": "300",
        "price_per_unit": "60",
        "price_unit": "ML"
      }
    ]
  },
  {
    "source_url": "https://www.woolworths.com.au/shop/productdetails/159342/undo-this-mess-mint-lime-time-dish-liquid-liquid-with-ultra-mint-lime",
    "name": "Undo This Mess Mint & Lime Time Dish Liquid 900ml",
    "image_url": "https://cdn1.woolworths.media/content/wowproductimages/large/159342.jpg",
    "source_id": "Woolworths - 159342",
    "barcode": "9310692603191",
    "shop": "Woolworths",
    "weight": "100ML",
    "prices": [
      {
        "state": "QLD",
        "price": "675",
        "price_per_unit": "75",
        "price_unit": "ML"
      },
      {
        "state": "WA",
        "price": "675",
        "price_per_unit": "75",
        "price_unit": "ML"
      },
      {
        "state": "SA",
        "price": "675",
        "price_per_unit": "75",
        "price_unit": "ML"
      },
      {
        "state": "TAS",
        "price": "675",
        "price_per_unit": "75",
        "price_unit": "ML"
      },
      {
        "state": "ACT",
        "price": "675",
        "price_per_unit": "75",
        "price_unit": "ML"
      },
      {
        "state": "NT",
        "price": "675",
        "price_per_unit": "75",
        "price_unit": "ML"
      }
    ]
  },
  {
    "source_url": "https://www.woolworths.com.au/shop/productdetails/703883/wash-wild-dishwasher-powder-lemon-eucalyptus-scent",
    "name": "Wash Wild Dishwasher Powder Lemon Eucalyptus Scent 1kg",
    "image_url": "https://cdn1.woolworths.media/content/wowproductimages/large/703883.jpg",
    "source_id": "Woolworths - 703883",
    "barcode": "9349506004398",
    "shop": "Woolworths",
    "weight": "100G",
    "prices": [
      {
        "state": "QLD",
        "price": "1400",
        "price_per_unit": "140",
        "price_unit": "G"
      },
      {
        "state": "WA",
        "price": "1400",
        "price_per_unit": "140",
        "price_unit": "G"
      },
      {
        "state": "SA",
        "price": "1400",
        "price_per_unit": "140",
        "price_unit": "G"
      },
      {
        "state": "TAS",
        "price": "1400",
        "price_per_unit": "140",
        "price_unit": "G"
      },
      {
        "state": "ACT",
        "price": "1400",
        "price_per_unit": "140",
        "price_unit": "G"
      },
      {
        "state": "NT",
        "price": "1400",
        "price_per_unit": "140",
        "price_unit": "G"
      }
    ]
  },
  {
    "source_url": "https://www.woolworths.com.au/shop/productdetails/198810/wash-wild-dishwashing-liquid",
    "name": "Wash Wild Dishwashing Liquid 1l",
    "image_url": "https://cdn1.woolworths.media/content/wowproductimages/large/198810.jpg",
    "source_id": "Woolworths - 198810",
    "barcode": "9349506002486",
    "shop": "Woolworths",
    "weight": "100ML",
    "prices": [
      {
        "state": "QLD",
        "price": "1390",
        "price_per_unit": "139",
        "price_unit": "ML"
      },
      {
        "state": "WA",
        "price": "1390",
        "price_per_unit": "139",
        "price_unit": "ML"
      },
      {
        "state": "SA",
        "price": "1390",
        "price_per_unit": "139",
        "price_unit": "ML"
      },
      {
        "state": "TAS",
        "price": "1390",
        "price_per_unit": "139",
        "price_unit": "ML"
      },
      {
        "state": "ACT",
        "price": "1390",
        "price_per_unit": "139",
        "price_unit": "ML"
      }
    ]
  },
  {
    "source_url": "https://www.woolworths.com.au/shop/productdetails/199360/wash-wild-dishwashing-liquid",
    "name": "Wash Wild Dishwashing Liquid 300ml",
    "image_url": "https://cdn1.woolworths.media/content/wowproductimages/large/199360.jpg",
    "source_id": "Woolworths - 199360",
    "barcode": "9349506002417",
    "shop": "Woolworths",
    "weight": "100ML",
    "prices": [
      {
        "state": "QLD",
        "price": "700",
        "price_per_unit": "233",
        "price_unit": "ML"
      },
      {
        "state": "WA",
        "price": "700",
        "price_per_unit": "233",
        "price_unit": "ML"
      },
      {
        "state": "SA",
        "price": "700",
        "price_per_unit": "233",
        "price_unit": "ML"
      },
      {
        "state": "TAS",
        "price": "700",
        "price_per_unit": "233",
        "price_unit": "ML"
      },
      {
        "state": "ACT",
        "price": "700",
        "price_per_unit": "233",
        "price_unit": "ML"
      }
    ]
  },
  {
    "source_url": "https://www.woolworths.com.au/shop/productdetails/565224/palmolive-dishwashing-liquid-regular-lemon-lime-value-refill",
    "name": "Palmolive Dishwashing Liquid Regular Lemon & Lime Value Refill 2L",
    "image_url": "https://cdn1.woolworths.media/content/wowproductimages/large/565224.jpg",
    "source_id": "Woolworths - 565224",
    "barcode": "8850006952931",
    "shop": "Woolworths",
    "weight": "100ML",
    "prices": [
      {
        "state": "SA",
        "price": "700",
        "price_per_unit": "35",
        "price_unit": "ML"
      },
      {
        "state": "NT",
        "price": "730",
        "price_per_unit": "37",
        "price_unit": "ML"
      }
    ]
  }
]