[
  {
    "source_url": "https://www.woolworths.com.au/shop/productdetails/385982/aerogard-home-crawling-insect-spray",
    "name": "Aerogard Home Crawling-Insect Spray 300ml",
    "image_url": "https://cdn1.woolworths.media/content/wowproductimages/large/385982.jpg",
    "source_id": "Woolworths - 385982",
    "barcode": "9300701630744",
    "shop": "Woolworths",
    "weight": "100ML",
    "prices": [
      {
        "state": "NSW",
        "price": "1400",
        "price_per_unit": "467",
        "price_unit": "ML"
      },
      {
        "state": "VIC",
        "price": "1400",
        "price_per_unit": "467",
        "price_unit": "ML"
      },
      {
        "state": "QLD",
        "price": "1400",
        "price_per_unit": "467",
        "price_unit": "ML"
      },
      {
        "state": "WA",
        "price": "1400",
        "price_per_unit": "467",
        "price_unit": "ML"
      },
      {
        "state": "SA",
        "price": "1400",
        "price_per_unit": "467",
        "price_unit": "ML"
      },
      {
        "state": "ACT",
        "price": "1400",
        "price_per_unit": "467",
        "price_unit": "ML"
      },
      {
        "state": "NT",
        "price": "1470",
        "price_per_unit": "490",
        "price_unit": "ML"
      }
    ]
  },
  {
    "source_url": "https://www.woolworths.com.au/shop/productdetails/386033/aerogard-home-multi-insect-killer-spray",
    "name": "Aerogard Home Multi Insect Killer Spray 300ml",
    "image_url": "https://cdn1.woolworths.media/content/wowproductimages/large/386033.jpg",
    "source_id": "Woolworths - 386033",
    "barcode": "9300701630720",
    "shop": "Woolworths",
    "weight": "100ML",
    "prices": [
      {
        "state": "NSW",
        "price": "980",
        "price_per_unit": "327",
        "price_unit": "ML"
      },
      {
        "state": "VIC",
        "price": "980",
        "price_per_unit": "327",
        "price_unit": "ML"
      },
      {
        "state": "QLD",
        "price": "980",
        "price_per_unit": "327",
        "price_unit": "ML"
      },
      {
        "state": "WA",
        "price": "980",
        "price_per_unit": "327",
        "price_unit": "ML"
      },
      {
        "state": "SA",
        "price": "980",
        "price_per_unit": "327",
        "price_unit": "ML"
      },
      {
        "state": "ACT",
        "price": "980",
        "price_per_unit": "327",
        "price_unit": "ML"
      },
      {
        "state": "NT",
        "price": "1029",
        "price_per_unit": "343",
        "price_unit": "ML"
      }
    ]
  },
  {
    "source_url": "https://www.woolworths.com.au/shop/productdetails/23397/antex-insect-control-granules",
    "name": "Antex Insect Control Granules 500g",
    "image_url": "https://cdn1.woolworths.media/content/wowproductimages/large/023397.jpg",
    "source_id": "Woolworths - 23397",
    "barcode": "9310299070518",
    "shop": "Woolworths",
    "weight": "100G",
    "prices": [
      {
        "state": "NSW",
        "price": "600",
        "price_per_unit": "120",
        "price_unit": "G"
      },
      {
        "state": "VIC",
        "price": "600",
        "price_per_unit": "120",
        "price_unit": "G"
      },
      {
        "state": "QLD",
        "price": "600",
        "price_per_unit": "120",
        "price_unit": "G"
      },
      {
        "state": "WA",
        "price": "600",
        "price_per_unit": "120",
        "price_unit": "G"
      },
      {
        "state": "SA",
        "price": "600",
        "price_per_unit": "120",
        "price_unit": "G"
      },
      {
        "state": "TAS",
        "price": "600",
        "price_per_unit": "120",
        "price_unit": "G"
      },
      {
        "state": "ACT",
        "price": "600",
        "price_per_unit": "120",
        "price_unit": "G"
      },
      {
        "state": "NT",
        "price": "630",
        "price_per_unit": "126",
        "price_unit": "G"
      }
    ]
  },
  {
    "source_url": "https://www.woolworths.com.au/shop/productdetails/629378/bushman-plus-20-deet-insect-repellent-pump-spray",
    "name": "Bushman Plus 20% Deet Insect Repellent Pump Spray 100ml",
    "image_url": "https://cdn1.woolworths.media/content/wowproductimages/large/629378.jpg",
    "source_id": "Woolworths - 629378",
    "barcode": "9317934130903",
    "shop": "Woolworths",
    "weight": "100ML",
    "prices": [
      {
        "state": "NSW",
        "price": "1145",
        "price_per_unit": "1145",
        "price_unit": "ML"
      },
      {
        "state": "VIC",
        "price": "1145",
        "price_per_unit": "1145",
        "price_unit": "ML"
      },
      {
        "state": "QLD",
        "price": "1145",
        "price_per_unit": "1145",
        "price_unit": "ML"
      },
      {
        "state": "WA",
        "price": "1145",
        "price_per_unit": "1145",
        "price_unit": "ML"
      },
      {
        "state": "SA",
        "price": "1145",
        "price_per_unit": "1145",
        "price_unit": "ML"
      },
      {
        "state": "ACT",
        "price": "1145",
        "price_per_unit": "1145",
        "price_unit": "ML"
      },
      {
        "state": "NT",
        "price": "1145",
        "price_per_unit": "1145",
        "price_unit": "ML"
      }
    ]
  },
  {
    "source_url": "https://www.woolworths.com.au/shop/productdetails/91454/combat-ant-rid-ant-bait-ant-control-ant-control",
    "name": "Combat Ant-Rid Ant Bait Ant Control Ant Control 6g x4 Pack",
    "image_url": "https://cdn1.woolworths.media/content/wowproductimages/large/091454.jpg",
    "source_id": "Woolworths - 91454",
    "barcode": "9310740006677",
    "shop": "Woolworths",
    "weight": "100G",
    "prices": [
      {
        "state": "NSW",
        "price": "900",
        "price_per_unit": "3750",
        "price_unit": "G"
      },
      {
        "state": "VIC",
        "price": "900",
        "price_per_unit": "3750",
        "price_unit": "G"
      },
      {
        "state": "QLD",
        "price": "900",
        "price_per_unit": "3750",
        "price_unit": "G"
      },
      {
        "state": "WA",
        "price": "900",
        "price_per_unit": "3750",
        "price_unit": "G"
      },
      {
        "state": "SA",
        "price": "900",
        "price_per_unit": "3750",
        "price_unit": "G"
      },
      {
        "state": "TAS",
        "price": "900",
        "price_per_unit": "3750",
        "price_unit": "G"
      },
      {
        "state": "ACT",
        "price": "900",
        "price_per_unit": "3750",
        "price_unit": "G"
      },
      {
        "state": "NT",
        "price": "945",
        "price_per_unit": "3938",
        "price_unit": "G"
      }
    ]
  },
  {
    "source_url": "https://www.woolworths.com.au/shop/productdetails/662698/combat-ant-rid-ant-bait-strips-ant-control",
    "name": "Combat Ant-Rid Ant Bait Strips Ant Control 10 Pack",
    "image_url": "https://cdn1.woolworths.media/content/wowproductimages/large/662698.jpg",
    "source_id": "Woolworths - 662698",
    "barcode": "9310740006721",
    "shop": "Woolworths",
    "weight": "100G",
    "prices": [
      {
        "state": "NSW",
        "price": "1100",
        "price_per_unit": "11000",
        "price_unit": "G"
      },
      {
        "state": "VIC",
        "price": "1100",
        "price_per_unit": "11000",
        "price_unit": "G"
      },
      {
        "state": "QLD",
        "price": "1100",
        "price_per_unit": "11000",
        "price_unit": "G"
      },
      {
        "state": "WA",
        "price": "1100",
        "price_per_unit": "11000",
        "price_unit": "G"
      },
      {
        "state": "SA",
        "price": "1100",
        "price_per_unit": "11000",
        "price_unit": "G"
      },
      {
        "state": "ACT",
        "price": "1100",
        "price_per_unit": "11000",
        "price_unit": "G"
      },
      {
        "state": "NT",
        "price": "1155",
        "price_per_unit": "11550",
        "price_unit": "G"
      }
    ]
  },
  {
    "source_url": "https://www.woolworths.com.au/shop/productdetails/31440/combat-ant-rid-ant-killing-liquid-ant-control",
    "name": "Combat Ant-Rid Ant Killing Liquid Ant Control 50ml",
    "image_url": "https://cdn1.woolworths.media/content/wowproductimages/large/031440.jpg",
    "source_id": "Woolworths - 31440",
    "barcode": "9310740006707",
    "shop": "Woolworths",
    "weight": "100ML",
    "prices": [
      {
        "state": "NSW",
        "price": "650",
        "price_per_unit": "1300",
        "price_unit": "ML"
      },
      {
        "state": "VIC",
        "price": "650",
        "price_per_unit": "1300",
        "price_unit": "ML"
      },
      {
        "state": "QLD",
        "price": "650",
        "price_per_unit": "1300",
        "price_unit": "ML"
      },
      {
        "state": "WA",
        "price": "650",
        "price_per_unit": "1300",
        "price_unit": "ML"
      },
      {
        "state": "SA",
        "price": "650",
        "price_per_unit": "1300",
        "price_unit": "ML"
      },
      {
        "state": "TAS",
        "price": "650",
        "price_per_unit": "1300",
        "price_unit": "ML"
      },
      {
        "state": "ACT",
        "price": "650",
        "price_per_unit": "1300",
        "price_unit": "ML"
      },
      {
        "state": "NT",
        "price": "650",
        "price_per_unit": "1300",
        "price_unit": "ML"
      }
    ]
  },
  {
    "source_url": "https://www.woolworths.com.au/shop/productdetails/573121/first-force-crawling-insect-killer-spray",
    "name": "First Force Crawling Insect Killer Spray 350g",
    "image_url": "https://cdn1.woolworths.media/content/wowproductimages/large/573121.jpg",
    "source_id": "Woolworths - 573121",
    "barcode": "9300633634223",
    "shop": "Woolworths",
    "weight": "100G",
    "prices": [
      {
        "state": "NSW",
        "price": "350",
        "price_per_unit": "100",
        "price_unit": "G"
      },
      {
        "state": "VIC",
        "price": "350",
        "price_per_unit": "100",
        "price_unit": "G"
      },
      {
        "state": "QLD",
        "price": "350",
        "price_per_unit": "100",
        "price_unit": "G"
      },
      {
        "state": "WA",
        "price": "350",
        "price_per_unit": "100",
        "price_unit": "G"
      },
      {
        "state": "SA",
        "price": "350",
        "price_per_unit": "100",
        "price_unit": "G"
      },
      {
        "state": "TAS",
        "price": "350",
        "price_per_unit": "100",
        "price_unit": "G"
      },
      {
        "state": "ACT",
        "price": "350",
        "price_per_unit": "100",
        "price_unit": "G"
      },
      {
        "state": "NT",
        "price": "350",
        "price_per_unit": "100",
        "price_unit": "G"
      }
    ]
  },
  {
    "source_url": "https://www.woolworths.com.au/shop/productdetails/573127/first-force-home-protection-insect-spray",
    "name": "First Force Home Protection Insect Spray 2l",
    "image_url": "https://cdn1.woolworths.media/content/wowproductimages/large/573127.jpg",
    "source_id": "Woolworths - 573127",
    "barcode": "9300633634285",
    "shop": "Woolworths",
    "weight": "100ML",
    "prices": [
      {
        "state": "NSW",
        "price": "1500",
        "price_per_unit": "75",
        "price_unit": "ML"
      },
      {
        "state": "VIC",
        "price": "1500",
        "price_per_unit": "75",
        "price_unit": "ML"
      },
      {
        "state": "QLD",
        "price": "1500",
        "price_per_unit": "75",
        "price_unit": "ML"
      },
      {
        "state": "WA",
        "price": "1500",
        "price_per_unit": "75",
        "price_unit": "ML"
      },
      {
        "state": "SA",
        "price": "1500",
        "price_per_unit": "75",
        "price_unit": "ML"
      },
      {
        "state": "TAS",
        "price": "1500",
        "price_per_unit": "75",
        "price_unit": "ML"
      },
      {
        "state": "ACT",
        "price": "1500",
        "price_per_unit": "75",
        "price_unit": "ML"
      },
      {
        "state": "NT",
        "price": "1500",
        "price_per_unit": "75",
        "price_unit": "ML"
      }
    ]
  },
  {
    "source_url": "https://www.woolworths.com.au/shop/productdetails/573125/first-force-insect-control-system-kit",
    "name": "First Force Insect Control System Kit Each",
    "image_url": "https://cdn1.woolworths.media/content/wowproductimages/large/573125.jpg",
    "source_id": "Woolworths - 573125",
    "barcode": "9300633634261",
    "shop": "Woolworths",
    "weight": "1EA",
    "prices": [
      {
        "state": "NSW",
        "price": "1700",
        "price_per_unit": "1700",
        "price_unit": "EA"
      },
      {
        "state": "VIC",
        "price": "1700",
        "price_per_unit": "1700",
        "price_unit": "EA"
      },
      {
        "state": "QLD",
        "price": "1700",
        "price_per_unit": "1700",
        "price_unit": "EA"
      },
      {
        "state": "WA",
        "price": "1700",
        "price_per_unit": "1700",
        "price_unit": "EA"
      },
      {
        "state": "SA",
        "price": "1700",
        "price_per_unit": "1700",
        "price_unit": "EA"
      },
      {
        "state": "TAS",
        "price": "1700",
        "price_per_unit": "1700",
        "price_unit": "EA"
      },
      {
        "state": "ACT",
        "price": "1700",
        "price_per_unit": "1700",
        "price_unit": "EA"
      },
      {
        "state": "NT",
        "price": "1700",
        "price_per_unit": "1700",
        "price_unit": "EA"
      }
    ]
  },
  {
    "source_url": "https://www.woolworths.com.au/shop/productdetails/573126/first-force-insect-control-system-refill-indoor-outdoor",
    "name": "First Force Insect Control System Refill Indoor & Outdoor 165g",
    "image_url": "https://cdn1.woolworths.media/content/wowproductimages/large/573126.jpg",
    "source_id": "Woolworths - 573126",
    "barcode": "9300633634278",
    "shop": "Woolworths",
    "weight": "100G",
    "prices": [
      {
        "state": "NSW",
        "price": "435",
        "price_per_unit": "264",
        "price_unit": "G"
      },
      {
        "state": "VIC",
        "price": "435",
        "price_per_unit": "264",
        "price_unit": "G"
      },
      {
        "state": "QLD",
        "price": "435",
        "price_per_unit": "264",
        "price_unit": "G"
      },
      {
        "state": "WA",
        "price": "435",
        "price_per_unit": "264",
        "price_unit": "G"
      },
      {
        "state": "SA",
        "price": "435",
        "price_per_unit": "264",
        "price_unit": "G"
      },
      {
        "state": "TAS",
        "price": "435",
        "price_per_unit": "264",
        "price_unit": "G"
      },
      {
        "state": "ACT",
        "price": "435",
        "price_per_unit": "264",
        "price_unit": "G"
      },
      {
        "state": "NT",
        "price": "435",
        "price_per_unit": "264",
        "price_unit": "G"
      }
    ]
  },
  {
    "source_url": "https://www.woolworths.com.au/shop/productdetails/573123/first-force-multi-purpose-insect-killer-spray",
    "name": "First Force Multi Purpose Insect Killer Spray 300g",
    "image_url": "https://cdn1.woolworths.media/content/wowproductimages/large/573123.jpg",
    "source_id": "Woolworths - 573123",
    "barcode": "9300633634247",
    "shop": "Woolworths",
    "weight": "100G",
    "prices": [
      {
        "state": "NSW",
        "price": "350",
        "price_per_unit": "117",
        "price_unit": "G"
      },
      {
        "state": "VIC",
        "price": "350",
        "price_per_unit": "117",
        "price_unit": "G"
      },
      {
        "state": "QLD",
        "price": "350",
        "price_per_unit": "117",
        "price_unit": "G"
      },
      {
        "state": "WA",
        "price": "350",
        "price_per_unit": "117",
        "price_unit": "G"
      },
      {
        "state": "SA",
        "price": "350",
        "price_per_unit": "117",
        "price_unit": "G"
      },
      {
        "state": "TAS",
        "price": "350",
        "price_per_unit": "117",
        "price_unit": "G"
      },
      {
        "state": "ACT",
        "price": "350",
        "price_per_unit": "117",
        "price_unit": "G"
      }
    ]
  },
  {
    "source_url": "https://www.woolworths.com.au/shop/productdetails/573124/first-force-super-strength-insect-control-bomb",
    "name": "First Force Super Strength Insect Control Bomb 3 Pack",
    "image_url": "https://cdn1.woolworths.media/content/wowproductimages/large/573124.jpg",
    "source_id": "Woolworths - 573124",
    "barcode": "9300633634254",
    "shop": "Woolworths",
    "weight": "1EA",
    "prices": [
      {
        "state": "NSW",
        "price": "800",
        "price_per_unit": "267",
        "price_unit": "EA"
      },
      {
        "state": "VIC",
        "price": "800",
        "price_per_unit": "267",
        "price_unit": "EA"
      },
      {
        "state": "QLD",
        "price": "800",
        "price_per_unit": "267",
        "price_unit": "EA"
      },
      {
        "state": "WA",
        "price": "800",
        "price_per_unit": "267",
        "price_unit": "EA"
      },
      {
        "state": "SA",
        "price": "800",
        "price_per_unit": "267",
        "price_unit": "EA"
      },
      {
        "state": "TAS",
        "price": "800",
        "price_per_unit": "267",
        "price_unit": "EA"
      },
      {
        "state": "ACT",
        "price": "800",
        "price_per_unit": "267",
        "price_unit": "EA"
      },
      {
        "state": "NT",
        "price": "800",
        "price_per_unit": "267",
        "price_unit": "EA"
      }
    ]
  },
  {
    "source_url": "https://www.woolworths.com.au/shop/productdetails/972835/no-bugs-super-protective-barrier-spray",
    "name": "NO Bugs Super Protective Barrier Spray 680mL",
    "image_url": "https://cdn1.woolworths.media/content/wowproductimages/large/972835.jpg",
    "source_id": "Woolworths - 972835",
    "barcode": "9400096003540",
    "shop": "Woolworths",
    "weight": "100ML",
    "prices": [
      {
        "state": "NSW",
        "price": "1330",
        "price_per_unit": "196",
        "price_unit": "ML"
      },
      {
        "state": "VIC",
        "price": "1330",
        "price_per_unit": "196",
        "price_unit": "ML"
      },
      {
        "state": "QLD",
        "price": "1330",
        "price_per_unit": "196",
        "price_unit": "ML"
      },
      {
        "state": "WA",
        "price": "1330",
        "price_per_unit": "196",
        "price_unit": "ML"
      },
      {
        "state": "SA",
        "price": "1330",
        "price_per_unit": "196",
        "price_unit": "ML"
      },
      {
        "state": "ACT",
        "price": "1330",
        "price_per_unit": "196",
        "price_unit": "ML"
      },
      {
        "state": "NT",
        "price": "1330",
        "price_per_unit": "196",
        "price_unit": "ML"
      }
    ]
  },
  {
    "source_url": "https://www.woolworths.com.au/shop/productdetails/972460/no-cockroaches-non-toxic-traps",
    "name": "NO Cockroaches Non-Toxic Traps 3 pack",
    "image_url": "https://cdn1.woolworths.media/content/wowproductimages/large/972460.jpg",
    "source_id": "Woolworths - 972460",
    "barcode": "9400096003502",
    "shop": "Woolworths",
    "weight": "1EA",
    "prices": [
      {
        "state": "VIC",
        "price": "840",
        "price_per_unit": "280",
        "price_unit": "EA"
      },
      {
        "state": "QLD",
        "price": "840",
        "price_per_unit": "280",
        "price_unit": "EA"
      },
      {
        "state": "WA",
        "price": "840",
        "price_per_unit": "280",
        "price_unit": "EA"
      },
      {
        "state": "SA",
        "price": "840",
        "price_per_unit": "280",
        "price_unit": "EA"
      },
      {
        "state": "ACT",
        "price": "840",
        "price_per_unit": "280",
        "price_unit": "EA"
      },
      {
        "state": "NT",
        "price": "840",
        "price_per_unit": "280",
        "price_unit": "EA"
      }
    ]
  },
  {
    "source_url": "https://www.woolworths.com.au/shop/productdetails/79118/mortein-fast-knockdown-multi-insect-spray",
    "name": "Mortein Fast Knockdown Multi-Insect Spray 300g",
    "image_url": "https://cdn1.woolworths.media/content/wowproductimages/large/079118.jpg",
    "source_id": "Woolworths - 79118",
    "barcode": "9310045400217",
    "shop": "Woolworths",
    "weight": "100G",
    "prices": [
      {
        "state": "VIC",
        "price": "600",
        "price_per_unit": "200",
        "price_unit": "G"
      },
      {
        "state": "QLD",
        "price": "600",
        "price_per_unit": "200",
        "price_unit": "G"
      },
      {
        "state": "WA",
        "price": "600",
        "price_per_unit": "200",
        "price_unit": "G"
      },
      {
        "state": "SA",
        "price": "600",
        "price_per_unit": "200",
        "price_unit": "G"
      },
      {
        "state": "TAS",
        "price": "600",
        "price_per_unit": "200",
        "price_unit": "G"
      },
      {
        "state": "ACT",
        "price": "600",
        "price_per_unit": "200",
        "price_unit": "G"
      },
      {
        "state": "NT",
        "price": "600",
        "price_per_unit": "200",
        "price_unit": "G"
      }
    ]
  },
  {
    "source_url": "https://www.woolworths.com.au/shop/productdetails/34227/mortein-fast-knockdown-odourless-crawling-insect-spray",
    "name": "Mortein Fast Knockdown Odourless Crawling Insect Spray 350g",
    "image_url": "https://cdn1.woolworths.media/content/wowproductimages/large/034227.jpg",
    "source_id": "Woolworths - 34227",
    "barcode": "9300701962807",
    "shop": "Woolworths",
    "weight": "100G",
    "prices": [
      {
        "state": "VIC",
        "price": "1400",
        "price_per_unit": "400",
        "price_unit": "G"
      },
      {
        "state": "QLD",
        "price": "1400",
        "price_per_unit": "400",
        "price_unit": "G"
      },
      {
        "state": "WA",
        "price": "1400",
        "price_per_unit": "400",
        "price_unit": "G"
      },
      {
        "state": "SA",
        "price": "1400",
        "price_per_unit": "400",
        "price_unit": "G"
      },
      {
        "state": "TAS",
        "price": "1400",
        "price_per_unit": "400",
        "price_unit": "G"
      },
      {
        "state": "ACT",
        "price": "1400",
        "price_per_unit": "400",
        "price_unit": "G"
      },
      {
        "state": "NT",
        "price": "1470",
        "price_per_unit": "420",
        "price_unit": "G"
      }
    ]
  },
  {
    "source_url": "https://www.woolworths.com.au/shop/productdetails/29165/mortein-kill-protect-cockroach-baits",
    "name": "Mortein Kill & Protect Cockroach Baits 12 Pack",
    "image_url": "https://cdn1.woolworths.media/content/wowproductimages/large/029165.jpg",
    "source_id": "Woolworths - 29165",
    "barcode": "9300701962753",
    "shop": "Woolworths",
    "weight": "1EA",
    "prices": [
      {
        "state": "VIC",
        "price": "1200",
        "price_per_unit": "100",
        "price_unit": "EA"
      },
      {
        "state": "QLD",
        "price": "1200",
        "price_per_unit": "100",
        "price_unit": "EA"
      },
      {
        "state": "WA",
        "price": "1200",
        "price_per_unit": "100",
        "price_unit": "EA"
      },
      {
        "state": "SA",
        "price": "1200",
        "price_per_unit": "100",
        "price_unit": "EA"
      },
      {
        "state": "TAS",
        "price": "1200",
        "price_per_unit": "100",
        "price_unit": "EA"
      },
      {
        "state": "ACT",
        "price": "1200",
        "price_per_unit": "100",
        "price_unit": "EA"
      },
      {
        "state": "NT",
        "price": "1200",
        "price_per_unit": "100",
        "price_unit": "EA"
      }
    ]
  },
  {
    "source_url": "https://www.woolworths.com.au/shop/productdetails/36972/mortein-kill-protect-diy-crawling-insect-control-bomb",
    "name": "Mortein Kill & Protect Diy Crawling Insect Control Bomb 3 Pack",
    "image_url": "https://cdn1.woolworths.media/content/wowproductimages/large/036972.jpg",
    "source_id": "Woolworths - 36972",
    "barcode": "9300701975531",
    "shop": "Woolworths",
    "weight": "1EA",
    "prices": [
      {
        "state": "VIC",
        "price": "1800",
        "price_per_unit": "600",
        "price_unit": "EA"
      },
      {
        "state": "QLD",
        "price": "1800",
        "price_per_unit": "600",
        "price_unit": "EA"
      },
      {
        "state": "WA",
        "price": "1800",
        "price_per_unit": "600",
        "price_unit": "EA"
      },
      {
        "state": "SA",
        "price": "1800",
        "price_per_unit": "600",
        "price_unit": "EA"
      },
      {
        "state": "TAS",
        "price": "1800",
        "price_per_unit": "600",
        "price_unit": "EA"
      },
      {
        "state": "ACT",
        "price": "1800",
        "price_per_unit": "600",
        "price_unit": "EA"
      },
      {
        "state": "NT",
        "price": "1890",
        "price_per_unit": "630",
        "price_unit": "EA"
      }
    ]
  },
  {
    "source_url": "https://www.woolworths.com.au/shop/productdetails/242082/mortein-naturgard-easy-reach-crawling-insect-spray",
    "name": "Mortein Naturgard Easy Reach Crawling Insect Spray 320g",
    "image_url": "https://cdn1.woolworths.media/content/wowproductimages/large/242082.jpg",
    "source_id": "Woolworths - 242082",
    "barcode": "9300701335625",
    "shop": "Woolworths",
    "weight": "100G",
    "prices": [
      {
        "state": "VIC",
        "price": "1225",
        "price_per_unit": "383",
        "price_unit": "G"
      },
      {
        "state": "QLD",
        "price": "1225",
        "price_per_unit": "383",
        "price_unit": "G"
      },
      {
        "state": "WA",
        "price": "1225",
        "price_per_unit": "383",
        "price_unit": "G"
      },
      {
        "state": "SA",
        "price": "1225",
        "price_per_unit": "383",
        "price_unit": "G"
      },
      {
        "state": "ACT",
        "price": "1225",
        "price_per_unit": "383",
        "price_unit": "G"
      },
      {
        "state": "NT",
        "price": "1267",
        "price_per_unit": "396",
        "price_unit": "G"
      }
    ]
  },
  {
    "source_url": "https://www.woolworths.com.au/shop/productdetails/242052/mortein-naturgard-eucalyptus-crawling-insect-control-bomb",
    "name": "Mortein Naturgard Eucalyptus Crawling Insect Control Bomb 3 Pack",
    "image_url": "https://cdn1.woolworths.media/content/wowproductimages/large/242052.jpg",
    "source_id": "Woolworths - 242052",
    "barcode": "9300701217396",
    "shop": "Woolworths",
    "weight": "100G",
    "prices": [
      {
        "state": "VIC",
        "price": "2250",
        "price_per_unit": "833",
        "price_unit": "G"
      },
      {
        "state": "QLD",
        "price": "2250",
        "price_per_unit": "833",
        "price_unit": "G"
      },
      {
        "state": "WA",
        "price": "2250",
        "price_per_unit": "833",
        "price_unit": "G"
      },
      {
        "state": "SA",
        "price": "2250",
        "price_per_unit": "833",
        "price_unit": "G"
      },
      {
        "state": "ACT",
        "price": "2250",
        "price_per_unit": "833",
        "price_unit": "G"
      },
      {
        "state": "NT",
        "price": "2360",
        "price_per_unit": "874",
        "price_unit": "G"
      }
    ]
  },
  {
    "source_url": "https://www.woolworths.com.au/shop/productdetails/174475/mortein-naturgard-fragrance-free-multi-insect-automatic-spray-refill",
    "name": "Mortein Naturgard Fragrance Free Multi Insect Automatic Spray Refill 152g x 2 Pack",
    "image_url": "https://cdn1.woolworths.media/content/wowproductimages/large/174475.jpg",
    "source_id": "Woolworths - 174475",
    "barcode": "9300701941550",
    "shop": "Woolworths",
    "weight": "100G",
    "prices": [
      {
        "state": "VIC",
        "price": "3250",
        "price_per_unit": "1069",
        "price_unit": "G"
      },
      {
        "state": "QLD",
        "price": "3250",
        "price_per_unit": "1069",
        "price_unit": "G"
      },
      {
        "state": "WA",
        "price": "3250",
        "price_per_unit": "1069",
        "price_unit": "G"
      },
      {
        "state": "SA",
        "price": "3250",
        "price_per_unit": "1069",
        "price_unit": "G"
      },
      {
        "state": "ACT",
        "price": "3250",
        "price_per_unit": "1069",
        "price_unit": "G"
      },
      {
        "state": "NT",
        "price": "3410",
        "price_per_unit": "1122",
        "price_unit": "G"
      }
    ]
  },
  {
    "source_url": "https://www.woolworths.com.au/shop/productdetails/174995/mortein-naturgard-fragrance-free-multi-insect-automatic-spray",
    "name": "Mortein Naturgard Fragrance Free Multi-Insect Automatic Spray 152g",
    "image_url": "https://cdn1.woolworths.media/content/wowproductimages/large/174995.jpg",
    "source_id": "Woolworths - 174995",
    "barcode": "9300701943271",
    "shop": "Woolworths",
    "weight": "100G",
    "prices": [
      {
        "state": "VIC",
        "price": "2800",
        "price_per_unit": "1842",
        "price_unit": "G"
      },
      {
        "state": "QLD",
        "price": "2800",
        "price_per_unit": "1842",
        "price_unit": "G"
      },
      {
        "state": "WA",
        "price": "2800",
        "price_per_unit": "1842",
        "price_unit": "G"
      },
      {
        "state": "SA",
        "price": "2800",
        "price_per_unit": "1842",
        "price_unit": "G"
      },
      {
        "state": "TAS",
        "price": "2800",
        "price_per_unit": "1842",
        "price_unit": "G"
      },
      {
        "state": "ACT",
        "price": "2800",
        "price_per_unit": "1842",
        "price_unit": "G"
      },
      {
        "state": "NT",
        "price": "2800",
        "price_per_unit": "1842",
        "price_unit": "G"
      }
    ]
  },
  {
    "source_url": "https://www.woolworths.com.au/shop/productdetails/240591/mortein-naturgard-multi-insect-spray",
    "name": "Mortein Naturgard Multi-Insect Spray 300g",
    "image_url": "https://cdn1.woolworths.media/content/wowproductimages/large/240591.jpg",
    "source_id": "Woolworths - 240591",
    "barcode": "9300701215934",
    "shop": "Woolworths",
    "weight": "100G",
    "prices": [
      {
        "state": "VIC",
        "price": "1400",
        "price_per_unit": "467",
        "price_unit": "G"
      },
      {
        "state": "QLD",
        "price": "1400",
        "price_per_unit": "467",
        "price_unit": "G"
      },
      {
        "state": "WA",
        "price": "1400",
        "price_per_unit": "467",
        "price_unit": "G"
      },
      {
        "state": "SA",
        "price": "1400",
        "price_per_unit": "467",
        "price_unit": "G"
      },
      {
        "state": "ACT",
        "price": "1400",
        "price_per_unit": "467",
        "price_unit": "G"
      },
      {
        "state": "NT",
        "price": "1750",
        "price_per_unit": "583",
        "price_unit": "G"
      }
    ]
  },
  {
    "source_url": "https://www.woolworths.com.au/shop/productdetails/173961/mortein-naturgard-odourless-multi-insect-automatic-spray-refill",
    "name": "Mortein Naturgard Odourless Multi Insect Automatic Spray Refill 152g",
    "image_url": "https://cdn1.woolworths.media/content/wowproductimages/large/173961.jpg",
    "source_id": "Woolworths - 173961",
    "barcode": "9300701789060",
    "shop": "Woolworths",
    "weight": "100G",
    "prices": [
      {
        "state": "VIC",
        "price": "2000",
        "price_per_unit": "1316",
        "price_unit": "G"
      },
      {
        "state": "QLD",
        "price": "2000",
        "price_per_unit": "1316",
        "price_unit": "G"
      },
      {
        "state": "WA",
        "price": "2000",
        "price_per_unit": "1316",
        "price_unit": "G"
      },
      {
        "state": "SA",
        "price": "2000",
        "price_per_unit": "1316",
        "price_unit": "G"
      },
      {
        "state": "TAS",
        "price": "2000",
        "price_per_unit": "1316",
        "price_unit": "G"
      },
      {
        "state": "ACT",
        "price": "2000",
        "price_per_unit": "1316",
        "price_unit": "G"
      },
      {
        "state": "NT",
        "price": "2100",
        "price_per_unit": "1382",
        "price_unit": "G"
      }
    ]
  },
  {
    "source_url": "https://www.woolworths.com.au/shop/productdetails/900304/mortein-peaceful-nights-automatic-plug-in-fly-mosquito-repellent",
    "name": "Mortein Peaceful Nights Automatic Plug In Fly & Mosquito Repellent 2.57ml",
    "image_url": "https://cdn1.woolworths.media/content/wowproductimages/large/900304.jpg",
    "source_id": "Woolworths - 900304",
    "barcode": "9300701883126",
    "shop": "Woolworths",
    "weight": "1EA",
    "prices": [
      {
        "state": "VIC",
        "price": "1400",
        "price_per_unit": "1400",
        "price_unit": "EA"
      },
      {
        "state": "QLD",
        "price": "1400",
        "price_per_unit": "1400",
        "price_unit": "EA"
      },
      {
        "state": "WA",
        "price": "1400",
        "price_per_unit": "1400",
        "price_unit": "EA"
      },
      {
        "state": "SA",
        "price": "1400",
        "price_per_unit": "1400",
        "price_unit": "EA"
      },
      {
        "state": "TAS",
        "price": "1400",
        "price_per_unit": "1400",
        "price_unit": "EA"
      },
      {
        "state": "ACT",
        "price": "1400",
        "price_per_unit": "1400",
        "price_unit": "EA"
      },
      {
        "state": "NT",
        "price": "1470",
        "price_per_unit": "1470",
        "price_unit": "EA"
      }
    ]
  },
  {
    "source_url": "https://www.woolworths.com.au/shop/productdetails/108828/mortein-powergard-all-in-one-multi-insect-killer-eucalyptus",
    "name": "Mortein Powergard All-In-One Multi-Insect Killer Eucalyptus 300g",
    "image_url": "https://cdn1.woolworths.media/content/wowproductimages/large/108828.jpg",
    "source_id": "Woolworths - 108828",
    "barcode": "9300701414986",
    "shop": "Woolworths",
    "weight": "100G",
    "prices": [
      {
        "state": "VIC",
        "price": "875",
        "price_per_unit": "292",
        "price_unit": "G"
      },
      {
        "state": "QLD",
        "price": "875",
        "price_per_unit": "292",
        "price_unit": "G"
      },
      {
        "state": "WA",
        "price": "875",
        "price_per_unit": "292",
        "price_unit": "G"
      },
      {
        "state": "SA",
        "price": "875",
        "price_per_unit": "292",
        "price_unit": "G"
      },
      {
        "state": "TAS",
        "price": "875",
        "price_per_unit": "292",
        "price_unit": "G"
      },
      {
        "state": "ACT",
        "price": "875",
        "price_per_unit": "292",
        "price_unit": "G"
      },
      {
        "state": "NT",
        "price": "920",
        "price_per_unit": "307",
        "price_unit": "G"
      }
    ]
  },
  {
    "source_url": "https://www.woolworths.com.au/shop/productdetails/645169/mortein-powergard-cockroach-baits",
    "name": "Mortein Powergard Cockroach Baits 12 Pack",
    "image_url": "https://cdn1.woolworths.media/content/wowproductimages/large/645169.jpg",
    "source_id": "Woolworths - 645169",
    "barcode": "9300701464769",
    "shop": "Woolworths",
    "weight": "1EA",
    "prices": [
      {
        "state": "VIC",
        "price": "1225",
        "price_per_unit": "102",
        "price_unit": "EA"
      },
      {
        "state": "QLD",
        "price": "1225",
        "price_per_unit": "102",
        "price_unit": "EA"
      },
      {
        "state": "WA",
        "price": "1225",
        "price_per_unit": "102",
        "price_unit": "EA"
      },
      {
        "state": "SA",
        "price": "1225",
        "price_per_unit": "102",
        "price_unit": "EA"
      },
      {
        "state": "TAS",
        "price": "1225",
        "price_per_unit": "102",
        "price_unit": "EA"
      },
      {
        "state": "ACT",
        "price": "1225",
        "price_per_unit": "102",
        "price_unit": "EA"
      },
      {
        "state": "NT",
        "price": "1285",
        "price_per_unit": "107",
        "price_unit": "EA"
      }
    ]
  },
  {
    "source_url": "https://www.woolworths.com.au/shop/productdetails/385231/mortein-powergard-crawling-insect-spray-easy-reach-w-germ-kill",
    "name": "Mortein Powergard Crawling Insect Spray Easy Reach w/ Germ Kill 320g",
    "image_url": "https://cdn1.woolworths.media/content/wowproductimages/large/385231.jpg",
    "source_id": "Woolworths - 385231",
    "barcode": "9300701735807",
    "shop": "Woolworths",
    "weight": "100G",
    "prices": [
      {
        "state": "VIC",
        "price": "1750",
        "price_per_unit": "547",
        "price_unit": "G"
      },
      {
        "state": "QLD",
        "price": "1750",
        "price_per_unit": "547",
        "price_unit": "G"
      },
      {
        "state": "WA",
        "price": "1750",
        "price_per_unit": "547",
        "price_unit": "G"
      },
      {
        "state": "SA",
        "price": "1750",
        "price_per_unit": "547",
        "price_unit": "G"
      },
      {
        "state": "ACT",
        "price": "1750",
        "price_per_unit": "547",
        "price_unit": "G"
      },
      {
        "state": "NT",
        "price": "1840",
        "price_per_unit": "575",
        "price_unit": "G"
      }
    ]
  },
  {
    "source_url": "https://www.woolworths.com.au/shop/productdetails/59124/mortein-powergard-crawling-insect-surface-spray",
    "name": "Mortein Powergard Crawling Insect Surface Spray 350g",
    "image_url": "https://cdn1.woolworths.media/content/wowproductimages/large/059124.jpg",
    "source_id": "Woolworths - 59124",
    "barcode": "9300701012397",
    "shop": "Woolworths",
    "weight": "100G",
    "prices": [
      {
        "state": "VIC",
        "price": "875",
        "price_per_unit": "250",
        "price_unit": "G"
      },
      {
        "state": "QLD",
        "price": "875",
        "price_per_unit": "250",
        "price_unit": "G"
      },
      {
        "state": "WA",
        "price": "875",
        "price_per_unit": "250",
        "price_unit": "G"
      },
      {
        "state": "SA",
        "price": "875",
        "price_per_unit": "250",
        "price_unit": "G"
      },
      {
        "state": "TAS",
        "price": "875",
        "price_per_unit": "250",
        "price_unit": "G"
      },
      {
        "state": "ACT",
        "price": "875",
        "price_per_unit": "250",
        "price_unit": "G"
      },
      {
        "state": "NT",
        "price": "920",
        "price_per_unit": "263",
        "price_unit": "G"
      }
    ]
  },
  {
    "source_url": "https://www.woolworths.com.au/shop/productdetails/196774/mortein-powergard-diy-indoor-outdoor-insect-surface-spray",
    "name": "Mortein Powergard Diy Indoor & Outdoor Insect Surface Spray 2l",
    "image_url": "https://cdn1.woolworths.media/content/wowproductimages/large/196774.jpg",
    "source_id": "Woolworths - 196774",
    "barcode": "9300701083977",
    "shop": "Woolworths",
    "weight": "1L",
    "prices": [
      {
        "state": "VIC",
        "price": "4000",
        "price_per_unit": "2000",
        "price_unit": "L"
      },
      {
        "state": "QLD",
        "price": "4000",
        "price_per_unit": "2000",
        "price_unit": "L"
      },
      {
        "state": "WA",
        "price": "4000",
        "price_per_unit": "2000",
        "price_unit": "L"
      },
      {
        "state": "SA",
        "price": "4000",
        "price_per_unit": "2000",
        "price_unit": "L"
      },
      {
        "state": "TAS",
        "price": "4000",
        "price_per_unit": "2000",
        "price_unit": "L"
      },
      {
        "state": "ACT",
        "price": "4000",
        "price_per_unit": "2000",
        "price_unit": "L"
      },
      {
        "state": "NT",
        "price": "4200",
        "price_per_unit": "2100",
        "price_unit": "L"
      }
    ]
  },
  {
    "source_url": "https://www.woolworths.com.au/shop/productdetails/174178/mortein-powergard-easy-reach-crawling-insect-surface-spray",
    "name": "Mortein Powergard Easy Reach Crawling Insect Surface Spray 350g",
    "image_url": "https://cdn1.woolworths.media/content/wowproductimages/large/174178.jpg",
    "source_id": "Woolworths - 174178",
    "barcode": "9300701887322",
    "shop": "Woolworths",
    "weight": "100G",
    "prices": [
      {
        "state": "VIC",
        "price": "1750",
        "price_per_unit": "500",
        "price_unit": "G"
      },
      {
        "state": "QLD",
        "price": "1750",
        "price_per_unit": "500",
        "price_unit": "G"
      },
      {
        "state": "WA",
        "price": "1750",
        "price_per_unit": "500",
        "price_unit": "G"
      },
      {
        "state": "SA",
        "price": "1750",
        "price_per_unit": "500",
        "price_unit": "G"
      },
      {
        "state": "TAS",
        "price": "1750",
        "price_per_unit": "500",
        "price_unit": "G"
      },
      {
        "state": "ACT",
        "price": "1750",
        "price_per_unit": "500",
        "price_unit": "G"
      },
      {
        "state": "NT",
        "price": "1840",
        "price_per_unit": "526",
        "price_unit": "G"
      }
    ]
  },
  {
    "source_url": "https://www.woolworths.com.au/shop/productdetails/941523/mortein-powergard-insect-control-bombs",
    "name": "Mortein PowerGard Insect Control Bombs 3 pack",
    "image_url": "https://cdn1.woolworths.media/content/wowproductimages/large/941523.jpg",
    "source_id": "Woolworths - 941523",
    "barcode": "9300701937232",
    "shop": "Woolworths",
    "weight": "100G",
    "prices": [
      {
        "state": "VIC",
        "price": "1800",
        "price_per_unit": "480",
        "price_unit": "G"
      },
      {
        "state": "QLD",
        "price": "1800",
        "price_per_unit": "480",
        "price_unit": "G"
      },
      {
        "state": "WA",
        "price": "1800",
        "price_per_unit": "480",
        "price_unit": "G"
      },
      {
        "state": "SA",
        "price": "1800",
        "price_per_unit": "480",
        "price_unit": "G"
      },
      {
        "state": "TAS",
        "price": "1800",
        "price_per_unit": "480",
        "price_unit": "G"
      },
      {
        "state": "ACT",
        "price": "1800",
        "price_per_unit": "480",
        "price_unit": "G"
      },
      {
        "state": "NT",
        "price": "1800",
        "price_per_unit": "480",
        "price_unit": "G"
      }
    ]
  },
  {
    "source_url": "https://www.woolworths.com.au/shop/productdetails/760362/mortein-powergard-multi-insect-spray",
    "name": "Mortein Powergard Multi-Insect Spray 300g",
    "image_url": "https://cdn1.woolworths.media/content/wowproductimages/large/760362.jpg",
    "source_id": "Woolworths - 760362",
    "barcode": "9300701466466",
    "shop": "Woolworths",
    "weight": "100G",
    "prices": [
      {
        "state": "VIC",
        "price": "1400",
        "price_per_unit": "467",
        "price_unit": "G"
      },
      {
        "state": "QLD",
        "price": "1400",
        "price_per_unit": "467",
        "price_unit": "G"
      },
      {
        "state": "WA",
        "price": "1400",
        "price_per_unit": "467",
        "price_unit": "G"
      },
      {
        "state": "SA",
        "price": "1400",
        "price_per_unit": "467",
        "price_unit": "G"
      },
      {
        "state": "TAS",
        "price": "1400",
        "price_per_unit": "467",
        "price_unit": "G"
      },
      {
        "state": "ACT",
        "price": "1400",
        "price_per_unit": "467",
        "price_unit": "G"
      },
      {
        "state": "NT",
        "price": "1470",
        "price_per_unit": "490",
        "price_unit": "G"
      }
    ]
  },
  {
    "source_url": "https://www.woolworths.com.au/shop/productdetails/60003/mortein-powergard-odourless-multi-insect-automatic-spray-refill",
    "name": "Mortein Powergard Odourless Multi Insect Automatic Spray Refill 154g",
    "image_url": "https://cdn1.woolworths.media/content/wowproductimages/large/060003.jpg",
    "source_id": "Woolworths - 60003",
    "barcode": "9300701924546",
    "shop": "Woolworths",
    "weight": "100G",
    "prices": [
      {
        "state": "VIC",
        "price": "1400",
        "price_per_unit": "909",
        "price_unit": "G"
      },
      {
        "state": "QLD",
        "price": "1400",
        "price_per_unit": "909",
        "price_unit": "G"
      },
      {
        "state": "WA",
        "price": "1400",
        "price_per_unit": "909",
        "price_unit": "G"
      },
      {
        "state": "SA",
        "price": "1400",
        "price_per_unit": "909",
        "price_unit": "G"
      },
      {
        "state": "ACT",
        "price": "1400",
        "price_per_unit": "909",
        "price_unit": "G"
      },
      {
        "state": "NT",
        "price": "1400",
        "price_per_unit": "909",
        "price_unit": "G"
      }
    ]
  },
  {
    "source_url": "https://www.woolworths.com.au/shop/productdetails/59120/mortein-powergard-odourless-multi-insect-automatic-spray",
    "name": "Mortein Powergard Odourless Multi-Insect Automatic Spray 154g",
    "image_url": "https://cdn1.woolworths.media/content/wowproductimages/large/059120.jpg",
    "source_id": "Woolworths - 59120",
    "barcode": "9300701951740",
    "shop": "Woolworths",
    "weight": "100G",
    "prices": [
      {
        "state": "VIC",
        "price": "2000",
        "price_per_unit": "1299",
        "price_unit": "G"
      },
      {
        "state": "QLD",
        "price": "2000",
        "price_per_unit": "1299",
        "price_unit": "G"
      },
      {
        "state": "WA",
        "price": "2000",
        "price_per_unit": "1299",
        "price_unit": "G"
      },
      {
        "state": "SA",
        "price": "2000",
        "price_per_unit": "1299",
        "price_unit": "G"
      },
      {
        "state": "ACT",
        "price": "2000",
        "price_per_unit": "1299",
        "price_unit": "G"
      },
      {
        "state": "NT",
        "price": "2100",
        "price_per_unit": "1364",
        "price_unit": "G"
      }
    ]
  },
  {
    "source_url": "https://www.woolworths.com.au/shop/productdetails/175404/mortein-powergard-outdoor-crawling-insect-surface-barrier-spray",
    "name": "Mortein Powergard Outdoor Crawling Insect Surface Barrier Spray 350g",
    "image_url": "https://cdn1.woolworths.media/content/wowproductimages/large/175404.jpg",
    "source_id": "Woolworths - 175404",
    "barcode": "9300701890421",
    "shop": "Woolworths",
    "weight": "100G",
    "prices": [
      {
        "state": "VIC",
        "price": "875",
        "price_per_unit": "250",
        "price_unit": "G"
      },
      {
        "state": "QLD",
        "price": "875",
        "price_per_unit": "250",
        "price_unit": "G"
      },
      {
        "state": "WA",
        "price": "875",
        "price_per_unit": "250",
        "price_unit": "G"
      },
      {
        "state": "SA",
        "price": "875",
        "price_per_unit": "250",
        "price_unit": "G"
      },
      {
        "state": "ACT",
        "price": "875",
        "price_per_unit": "250",
        "price_unit": "G"
      },
      {
        "state": "NT",
        "price": "920",
        "price_per_unit": "263",
        "price_unit": "G"
      }
    ]
  },
  {
    "source_url": "https://www.woolworths.com.au/shop/productdetails/700895/raid-earth-options-botanicals-multi-insect-auto-system-refill",
    "name": "Raid Earth Options Botanicals Multi -Insect Auto System Refill 185g",
    "image_url": "https://cdn1.woolworths.media/content/wowproductimages/large/700895.jpg",
    "source_id": "Woolworths - 700895",
    "barcode": "9300622707525",
    "shop": "Woolworths",
    "weight": "100G",
    "prices": [
      {
        "state": "QLD",
        "price": "1650",
        "price_per_unit": "892",
        "price_unit": "G"
      },
      {
        "state": "WA",
        "price": "1650",
        "price_per_unit": "892",
        "price_unit": "G"
      },
      {
        "state": "SA",
        "price": "1650",
        "price_per_unit": "892",
        "price_unit": "G"
      },
      {
        "state": "TAS",
        "price": "1650",
        "price_per_unit": "892",
        "price_unit": "G"
      },
      {
        "state": "ACT",
        "price": "1650",
        "price_per_unit": "892",
        "price_unit": "G"
      },
      {
        "state": "NT",
        "price": "1730",
        "price_per_unit": "935",
        "price_unit": "G"
      }
    ]
  },
  {
    "source_url": "https://www.woolworths.com.au/shop/productdetails/700915/raid-earth-options-botanicals-multi-insect-automatic-system",
    "name": "Raid Earth Options Botanicals Multi-Insect Automatic System 185g",
    "image_url": "https://cdn1.woolworths.media/content/wowproductimages/large/700915.jpg",
    "source_id": "Woolworths - 700915",
    "barcode": "9300622706771",
    "shop": "Woolworths",
    "weight": "1EA",
    "prices": [
      {
        "state": "QLD",
        "price": "2000",
        "price_per_unit": "2000",
        "price_unit": "EA"
      },
      {
        "state": "WA",
        "price": "2000",
        "price_per_unit": "2000",
        "price_unit": "EA"
      },
      {
        "state": "SA",
        "price": "2000",
        "price_per_unit": "2000",
        "price_unit": "EA"
      },
      {
        "state": "TAS",
        "price": "2000",
        "price_per_unit": "2000",
        "price_unit": "EA"
      },
      {
        "state": "ACT",
        "price": "2000",
        "price_per_unit": "2000",
        "price_unit": "EA"
      },
      {
        "state": "NT",
        "price": "2000",
        "price_per_unit": "2000",
        "price_unit": "EA"
      }
    ]
  },
  {
    "source_url": "https://www.woolworths.com.au/shop/productdetails/742046/raid-exterminator-flea-cockroach-bomb",
    "name": "Raid Exterminator Flea & Cockroach Bomb 160g x 3 Pack",
    "image_url": "https://cdn1.woolworths.media/content/wowproductimages/large/742046.jpg",
    "source_id": "Woolworths - 742046",
    "barcode": "9300622709895",
    "shop": "Woolworths",
    "weight": "1EA",
    "prices": [
      {
        "state": "QLD",
        "price": "1300",
        "price_per_unit": "433",
        "price_unit": "EA"
      },
      {
        "state": "WA",
        "price": "1300",
        "price_per_unit": "433",
        "price_unit": "EA"
      },
      {
        "state": "SA",
        "price": "1300",
        "price_per_unit": "433",
        "price_unit": "EA"
      },
      {
        "state": "TAS",
        "price": "1300",
        "price_per_unit": "433",
        "price_unit": "EA"
      },
      {
        "state": "ACT",
        "price": "1300",
        "price_per_unit": "433",
        "price_unit": "EA"
      },
      {
        "state": "NT",
        "price": "1365",
        "price_per_unit": "455",
        "price_unit": "EA"
      }
    ]
  },
  {
    "source_url": "https://www.woolworths.com.au/shop/productdetails/788751/raid-max-ant-killer-surface-insect-spray",
    "name": "Raid Max Ant Killer Surface Insect Spray 375g",
    "image_url": "https://cdn1.woolworths.media/content/wowproductimages/large/788751.jpg",
    "source_id": "Woolworths - 788751",
    "barcode": "9300622710679",
    "shop": "Woolworths",
    "weight": "100G",
    "prices": [
      {
        "state": "QLD",
        "price": "1050",
        "price_per_unit": "280",
        "price_unit": "G"
      },
      {
        "state": "WA",
        "price": "1050",
        "price_per_unit": "280",
        "price_unit": "G"
      },
      {
        "state": "SA",
        "price": "1050",
        "price_per_unit": "280",
        "price_unit": "G"
      },
      {
        "state": "ACT",
        "price": "1050",
        "price_per_unit": "280",
        "price_unit": "G"
      },
      {
        "state": "NT",
        "price": "1050",
        "price_per_unit": "280",
        "price_unit": "G"
      }
    ]
  },
  {
    "source_url": "https://www.woolworths.com.au/shop/productdetails/239779/raid-max-antibacterial-fast-kill-crawling-insect-killer-spray",
    "name": "Raid Max Antibacterial Fast Kill Crawling Insect Killer Spray 350g",
    "image_url": "https://cdn1.woolworths.media/content/wowproductimages/large/239779.jpg",
    "source_id": "Woolworths - 239779",
    "barcode": "9300622007090",
    "shop": "Woolworths",
    "weight": "100G",
    "prices": [
      {
        "state": "QLD",
        "price": "1100",
        "price_per_unit": "314",
        "price_unit": "G"
      },
      {
        "state": "WA",
        "price": "1100",
        "price_per_unit": "314",
        "price_unit": "G"
      },
      {
        "state": "SA",
        "price": "1100",
        "price_per_unit": "314",
        "price_unit": "G"
      },
      {
        "state": "TAS",
        "price": "1100",
        "price_per_unit": "314",
        "price_unit": "G"
      },
      {
        "state": "ACT",
        "price": "1100",
        "price_per_unit": "314",
        "price_unit": "G"
      },
      {
        "state": "NT",
        "price": "1100",
        "price_per_unit": "314",
        "price_unit": "G"
      }
    ]
  },
  {
    "source_url": "https://www.woolworths.com.au/shop/productdetails/642423/raid-max-multi-insect-killer-double-nozzle-spray",
    "name": "Raid Max Multi Insect Killer Double Nozzle Spray 300g",
    "image_url": "https://cdn1.woolworths.media/content/wowproductimages/large/642423.jpg",
    "source_id": "Woolworths - 642423",
    "barcode": "9300622713533",
    "shop": "Woolworths",
    "weight": "100G",
    "prices": [
      {
        "state": "QLD",
        "price": "980",
        "price_per_unit": "327",
        "price_unit": "G"
      },
      {
        "state": "WA",
        "price": "980",
        "price_per_unit": "327",
        "price_unit": "G"
      },
      {
        "state": "SA",
        "price": "980",
        "price_per_unit": "327",
        "price_unit": "G"
      },
      {
        "state": "TAS",
        "price": "980",
        "price_per_unit": "327",
        "price_unit": "G"
      },
      {
        "state": "ACT",
        "price": "980",
        "price_per_unit": "327",
        "price_unit": "G"
      },
      {
        "state": "NT",
        "price": "980",
        "price_per_unit": "327",
        "price_unit": "G"
      }
    ]
  },
  {
    "source_url": "https://www.woolworths.com.au/shop/productdetails/508100/raid-one-shot-crawling-insects-surface-spray-target-kill",
    "name": "Raid One Shot Crawling Insects Surface Spray Target Kill 300g",
    "image_url": "https://cdn1.woolworths.media/content/wowproductimages/large/508100.jpg",
    "source_id": "Woolworths - 508100",
    "barcode": "9300622714134",
    "shop": "Woolworths",
    "weight": "100G",
    "prices": [
      {
        "state": "QLD",
        "price": "1200",
        "price_per_unit": "400",
        "price_unit": "G"
      },
      {
        "state": "WA",
        "price": "1200",
        "price_per_unit": "400",
        "price_unit": "G"
      },
      {
        "state": "SA",
        "price": "1200",
        "price_per_unit": "400",
        "price_unit": "G"
      },
      {
        "state": "TAS",
        "price": "1200",
        "price_per_unit": "400",
        "price_unit": "G"
      },
      {
        "state": "ACT",
        "price": "1200",
        "price_per_unit": "400",
        "price_unit": "G"
      },
      {
        "state": "NT",
        "price": "1260",
        "price_per_unit": "420",
        "price_unit": "G"
      }
    ]
  },
  {
    "source_url": "https://www.woolworths.com.au/shop/productdetails/114579/raid-one-shot-multipurpose-insect-killer-spray-odourless",
    "name": "Raid One Shot Multipurpose Insect Killer Spray Odourless 320g",
    "image_url": "https://cdn1.woolworths.media/content/wowproductimages/large/114579.jpg",
    "source_id": "Woolworths - 114579",
    "barcode": "9300622004662",
    "shop": "Woolworths",
    "weight": "100G",
    "prices": [
      {
        "state": "QLD",
        "price": "900",
        "price_per_unit": "281",
        "price_unit": "G"
      },
      {
        "state": "WA",
        "price": "900",
        "price_per_unit": "281",
        "price_unit": "G"
      },
      {
        "state": "SA",
        "price": "900",
        "price_per_unit": "281",
        "price_unit": "G"
      },
      {
        "state": "TAS",
        "price": "900",
        "price_per_unit": "281",
        "price_unit": "G"
      },
      {
        "state": "ACT",
        "price": "900",
        "price_per_unit": "281",
        "price_unit": "G"
      },
      {
        "state": "NT",
        "price": "950",
        "price_per_unit": "297",
        "price_unit": "G"
      }
    ]
  },
  {
    "source_url": "https://www.woolworths.com.au/shop/productdetails/789558/talon-insect-control-ant-kill-gel",
    "name": "Talon Insect Control Ant Kill Gel 5g",
    "image_url": "https://cdn1.woolworths.media/content/wowproductimages/large/789558.jpg",
    "source_id": "Woolworths - 789558",
    "barcode": "9322642003494",
    "shop": "Woolworths",
    "weight": "100G",
    "prices": [
      {
        "state": "QLD",
        "price": "950",
        "price_per_unit": "19000",
        "price_unit": "G"
      },
      {
        "state": "WA",
        "price": "950",
        "price_per_unit": "19000",
        "price_unit": "G"
      },
      {
        "state": "SA",
        "price": "950",
        "price_per_unit": "19000",
        "price_unit": "G"
      },
      {
        "state": "TAS",
        "price": "950",
        "price_per_unit": "19000",
        "price_unit": "G"
      },
      {
        "state": "ACT",
        "price": "950",
        "price_per_unit": "19000",
        "price_unit": "G"
      },
      {
        "state": "NT",
        "price": "995",
        "price_per_unit": "19900",
        "price_unit": "G"
      }
    ]
  },
  {
    "source_url": "https://www.woolworths.com.au/shop/productdetails/386632/yates-cockroach-super-baits",
    "name": "Yates Cockroach Super Baits 6 Pack",
    "image_url": "https://cdn1.woolworths.media/content/wowproductimages/large/386632.jpg",
    "source_id": "Woolworths - 386632",
    "barcode": "9310428565526",
    "shop": "Woolworths",
    "weight": "1EA",
    "prices": [
      {
        "state": "QLD",
        "price": "1800",
        "price_per_unit": "300",
        "price_unit": "EA"
      },
      {
        "state": "WA",
        "price": "1800",
        "price_per_unit": "300",
        "price_unit": "EA"
      },
      {
        "state": "SA",
        "price": "1800",
        "price_per_unit": "300",
        "price_unit": "EA"
      },
      {
        "state": "TAS",
        "price": "1800",
        "price_per_unit": "300",
        "price_unit": "EA"
      },
      {
        "state": "ACT",
        "price": "1800",
        "price_per_unit": "300",
        "price_unit": "EA"
      },
      {
        "state": "NT",
        "price": "1890",
        "price_per_unit": "315",
        "price_unit": "EA"
      }
    ]
  },
  {
    "source_url": "https://www.woolworths.com.au/shop/productdetails/78307/david-gray-s-outdoor-fogger-with-citronella-spray",
    "name": "David Gray's Outdoor Fogger With Citronella Spray 400g",
    "image_url": "https://cdn1.woolworths.media/content/wowproductimages/large/078307.jpg",
    "source_id": "Woolworths - 78307",
    "barcode": "9310299017490",
    "shop": "Woolworths",
    "weight": "100G",
    "prices": [
      {
        "state": "WA",
        "price": "960",
        "price_per_unit": "240",
        "price_unit": "G"
      },
      {
        "state": "SA",
        "price": "960",
        "price_per_unit": "240",
        "price_unit": "G"
      }
    ]
  }
]