[
  {
    "source_url": "https://www.woolworths.com.au/shop/productdetails/970990/aerogard-home-flying-insect-killer-spray",
    "name": "Aerogard Home Flying Insect Killer Spray 300mL",
    "image_url": "https://cdn1.woolworths.media/content/wowproductimages/large/970990.jpg",
    "source_id": "Woolworths - 970990",
    "barcode": "9300701630737",
    "shop": "Woolworths",
    "weight": "100ML",
    "prices": [
      {
        "state": "NSW",
        "price": "1150",
        "price_per_unit": "383",
        "price_unit": "ML"
      },
      {
        "state": "VIC",
        "price": "1150",
        "price_per_unit": "383",
        "price_unit": "ML"
      },
      {
        "state": "QLD",
        "price": "1150",
        "price_per_unit": "383",
        "price_unit": "ML"
      },
      {
        "state": "WA",
        "price": "1150",
        "price_per_unit": "383",
        "price_unit": "ML"
      },
      {
        "state": "SA",
        "price": "1150",
        "price_per_unit": "383",
        "price_unit": "ML"
      },
      {
        "state": "ACT",
        "price": "1150",
        "price_per_unit": "383",
        "price_unit": "ML"
      },
      {
        "state": "NT",
        "price": "1200",
        "price_per_unit": "400",
        "price_unit": "ML"
      }
    ]
  },
  {
    "source_url": "https://www.woolworths.com.au/shop/productdetails/962015/aerogard-home-mosquito-control-plug-in-diffuser-refill",
    "name": "Aerogard Home Mosquito Control Plug-In Diffuser & Refill 25mL",
    "image_url": "https://cdn1.woolworths.media/content/wowproductimages/large/962015.jpg",
    "source_id": "Woolworths - 962015",
    "barcode": "9300701769468",
    "shop": "Woolworths",
    "weight": "1EA",
    "prices": [
      {
        "state": "NSW",
        "price": "1000",
        "price_per_unit": "1000",
        "price_unit": "EA"
      },
      {
        "state": "VIC",
        "price": "1000",
        "price_per_unit": "1000",
        "price_unit": "EA"
      },
      {
        "state": "QLD",
        "price": "1000",
        "price_per_unit": "1000",
        "price_unit": "EA"
      },
      {
        "state": "WA",
        "price": "1000",
        "price_per_unit": "1000",
        "price_unit": "EA"
      },
      {
        "state": "SA",
        "price": "1000",
        "price_per_unit": "1000",
        "price_unit": "EA"
      },
      {
        "state": "TAS",
        "price": "1000",
        "price_per_unit": "1000",
        "price_unit": "EA"
      },
      {
        "state": "ACT",
        "price": "1000",
        "price_per_unit": "1000",
        "price_unit": "EA"
      },
      {
        "state": "NT",
        "price": "1000",
        "price_per_unit": "1000",
        "price_unit": "EA"
      }
    ]
  },
  {
    "source_url": "https://www.woolworths.com.au/shop/productdetails/961814/aerogard-home-mosquito-control-plug-in-refill",
    "name": "Aerogard Home Mosquito Control Plug-In Refill 35mL",
    "image_url": "https://cdn1.woolworths.media/content/wowproductimages/large/961814.jpg",
    "source_id": "Woolworths - 961814",
    "barcode": "9300701811464",
    "shop": "Woolworths",
    "weight": "100ML",
    "prices": [
      {
        "state": "NSW",
        "price": "1750",
        "price_per_unit": "5000",
        "price_unit": "ML"
      },
      {
        "state": "VIC",
        "price": "1750",
        "price_per_unit": "5000",
        "price_unit": "ML"
      },
      {
        "state": "QLD",
        "price": "1750",
        "price_per_unit": "5000",
        "price_unit": "ML"
      },
      {
        "state": "WA",
        "price": "1750",
        "price_per_unit": "5000",
        "price_unit": "ML"
      },
      {
        "state": "SA",
        "price": "1750",
        "price_per_unit": "5000",
        "price_unit": "ML"
      },
      {
        "state": "TAS",
        "price": "1750",
        "price_per_unit": "5000",
        "price_unit": "ML"
      },
      {
        "state": "ACT",
        "price": "1750",
        "price_per_unit": "5000",
        "price_unit": "ML"
      },
      {
        "state": "NT",
        "price": "1830",
        "price_per_unit": "5229",
        "price_unit": "ML"
      }
    ]
  },
  {
    "source_url": "https://www.woolworths.com.au/shop/productdetails/386033/aerogard-home-multi-insect-killer-spray",
    "name": "Aerogard Home Multi Insect Killer Spray 300ml",
    "image_url": "https://cdn1.woolworths.media/content/wowproductimages/large/386033.jpg",
    "source_id": "Woolworths - 386033",
    "barcode": "9300701630720",
    "shop": "Woolworths",
    "weight": "100ML",
    "prices": [
      {
        "state": "NSW",
        "price": "980",
        "price_per_unit": "327",
        "price_unit": "ML"
      },
      {
        "state": "VIC",
        "price": "980",
        "price_per_unit": "327",
        "price_unit": "ML"
      },
      {
        "state": "QLD",
        "price": "980",
        "price_per_unit": "327",
        "price_unit": "ML"
      },
      {
        "state": "WA",
        "price": "980",
        "price_per_unit": "327",
        "price_unit": "ML"
      },
      {
        "state": "SA",
        "price": "980",
        "price_per_unit": "327",
        "price_unit": "ML"
      },
      {
        "state": "ACT",
        "price": "980",
        "price_per_unit": "327",
        "price_unit": "ML"
      },
      {
        "state": "NT",
        "price": "1029",
        "price_per_unit": "343",
        "price_unit": "ML"
      }
    ]
  },
  {
    "source_url": "https://www.woolworths.com.au/shop/productdetails/573122/first-force-fast-knockdown-flying-insect-killer-spray",
    "name": "First Force Fast Knockdown Flying Insect Killer Spray 300g",
    "image_url": "https://cdn1.woolworths.media/content/wowproductimages/large/573122.jpg",
    "source_id": "Woolworths - 573122",
    "barcode": "9300633634230",
    "shop": "Woolworths",
    "weight": "100G",
    "prices": [
      {
        "state": "NSW",
        "price": "300",
        "price_per_unit": "100",
        "price_unit": "G"
      },
      {
        "state": "VIC",
        "price": "300",
        "price_per_unit": "100",
        "price_unit": "G"
      },
      {
        "state": "QLD",
        "price": "300",
        "price_per_unit": "100",
        "price_unit": "G"
      },
      {
        "state": "WA",
        "price": "300",
        "price_per_unit": "100",
        "price_unit": "G"
      },
      {
        "state": "SA",
        "price": "300",
        "price_per_unit": "100",
        "price_unit": "G"
      },
      {
        "state": "TAS",
        "price": "300",
        "price_per_unit": "100",
        "price_unit": "G"
      },
      {
        "state": "ACT",
        "price": "300",
        "price_per_unit": "100",
        "price_unit": "G"
      },
      {
        "state": "NT",
        "price": "300",
        "price_per_unit": "100",
        "price_unit": "G"
      }
    ]
  },
  {
    "source_url": "https://www.woolworths.com.au/shop/productdetails/573125/first-force-insect-control-system-kit",
    "name": "First Force Insect Control System Kit Each",
    "image_url": "https://cdn1.woolworths.media/content/wowproductimages/large/573125.jpg",
    "source_id": "Woolworths - 573125",
    "barcode": "9300633634261",
    "shop": "Woolworths",
    "weight": "1EA",
    "prices": [
      {
        "state": "NSW",
        "price": "1700",
        "price_per_unit": "1700",
        "price_unit": "EA"
      },
      {
        "state": "VIC",
        "price": "1700",
        "price_per_unit": "1700",
        "price_unit": "EA"
      },
      {
        "state": "QLD",
        "price": "1700",
        "price_per_unit": "1700",
        "price_unit": "EA"
      },
      {
        "state": "WA",
        "price": "1700",
        "price_per_unit": "1700",
        "price_unit": "EA"
      },
      {
        "state": "SA",
        "price": "1700",
        "price_per_unit": "1700",
        "price_unit": "EA"
      },
      {
        "state": "TAS",
        "price": "1700",
        "price_per_unit": "1700",
        "price_unit": "EA"
      },
      {
        "state": "ACT",
        "price": "1700",
        "price_per_unit": "1700",
        "price_unit": "EA"
      },
      {
        "state": "NT",
        "price": "1700",
        "price_per_unit": "1700",
        "price_unit": "EA"
      }
    ]
  },
  {
    "source_url": "https://www.woolworths.com.au/shop/productdetails/573123/first-force-multi-purpose-insect-killer-spray",
    "name": "First Force Multi Purpose Insect Killer Spray 300g",
    "image_url": "https://cdn1.woolworths.media/content/wowproductimages/large/573123.jpg",
    "source_id": "Woolworths - 573123",
    "barcode": "9300633634247",
    "shop": "Woolworths",
    "weight": "100G",
    "prices": [
      {
        "state": "NSW",
        "price": "350",
        "price_per_unit": "117",
        "price_unit": "G"
      },
      {
        "state": "VIC",
        "price": "350",
        "price_per_unit": "117",
        "price_unit": "G"
      },
      {
        "state": "QLD",
        "price": "350",
        "price_per_unit": "117",
        "price_unit": "G"
      },
      {
        "state": "WA",
        "price": "350",
        "price_per_unit": "117",
        "price_unit": "G"
      },
      {
        "state": "SA",
        "price": "350",
        "price_per_unit": "117",
        "price_unit": "G"
      },
      {
        "state": "TAS",
        "price": "350",
        "price_per_unit": "117",
        "price_unit": "G"
      },
      {
        "state": "ACT",
        "price": "350",
        "price_per_unit": "117",
        "price_unit": "G"
      }
    ]
  },
  {
    "source_url": "https://www.woolworths.com.au/shop/productdetails/48278/hovex-insect-control-camphor",
    "name": "Hovex Insect Control Camphor 18g",
    "image_url": "https://cdn1.woolworths.media/content/wowproductimages/large/048278.jpg",
    "source_id": "Woolworths - 48278",
    "barcode": "9300764010682",
    "shop": "Woolworths",
    "weight": "1EA",
    "prices": [
      {
        "state": "NSW",
        "price": "300",
        "price_per_unit": "150",
        "price_unit": "EA"
      },
      {
        "state": "VIC",
        "price": "300",
        "price_per_unit": "150",
        "price_unit": "EA"
      },
      {
        "state": "QLD",
        "price": "300",
        "price_per_unit": "150",
        "price_unit": "EA"
      },
      {
        "state": "WA",
        "price": "300",
        "price_per_unit": "150",
        "price_unit": "EA"
      },
      {
        "state": "SA",
        "price": "300",
        "price_per_unit": "150",
        "price_unit": "EA"
      },
      {
        "state": "TAS",
        "price": "300",
        "price_per_unit": "150",
        "price_unit": "EA"
      },
      {
        "state": "ACT",
        "price": "300",
        "price_per_unit": "150",
        "price_unit": "EA"
      },
      {
        "state": "NT",
        "price": "300",
        "price_per_unit": "150",
        "price_unit": "EA"
      }
    ]
  },
  {
    "source_url": "https://www.woolworths.com.au/shop/productdetails/202256/hovex-insect-control-moth-balls",
    "name": "Hovex Insect Control Moth Balls 27g",
    "image_url": "https://cdn1.woolworths.media/content/wowproductimages/large/202256.jpg",
    "source_id": "Woolworths - 202256",
    "barcode": "9300764036606",
    "shop": "Woolworths",
    "weight": "1EA",
    "prices": [
      {
        "state": "NSW",
        "price": "370",
        "price_per_unit": "123",
        "price_unit": "EA"
      },
      {
        "state": "VIC",
        "price": "370",
        "price_per_unit": "123",
        "price_unit": "EA"
      },
      {
        "state": "QLD",
        "price": "370",
        "price_per_unit": "123",
        "price_unit": "EA"
      },
      {
        "state": "WA",
        "price": "370",
        "price_per_unit": "123",
        "price_unit": "EA"
      },
      {
        "state": "SA",
        "price": "370",
        "price_per_unit": "123",
        "price_unit": "EA"
      },
      {
        "state": "TAS",
        "price": "370",
        "price_per_unit": "123",
        "price_unit": "EA"
      },
      {
        "state": "ACT",
        "price": "370",
        "price_per_unit": "123",
        "price_unit": "EA"
      },
      {
        "state": "NT",
        "price": "370",
        "price_per_unit": "123",
        "price_unit": "EA"
      }
    ]
  },
  {
    "source_url": "https://www.woolworths.com.au/shop/productdetails/701109/pea-beu-flying-insect-killer-aerosol-spray-lemon",
    "name": "Pea Beu Flying Insect Killer Aerosol Spray Lemon 350g",
    "image_url": "https://cdn1.woolworths.media/content/wowproductimages/large/701109.jpg",
    "source_id": "Woolworths - 701109",
    "barcode": "9300701326425",
    "shop": "Woolworths",
    "weight": "100G",
    "prices": [
      {
        "state": "NSW",
        "price": "550",
        "price_per_unit": "157",
        "price_unit": "G"
      },
      {
        "state": "QLD",
        "price": "550",
        "price_per_unit": "157",
        "price_unit": "G"
      },
      {
        "state": "WA",
        "price": "550",
        "price_per_unit": "157",
        "price_unit": "G"
      },
      {
        "state": "SA",
        "price": "550",
        "price_per_unit": "157",
        "price_unit": "G"
      },
      {
        "state": "ACT",
        "price": "550",
        "price_per_unit": "157",
        "price_unit": "G"
      },
      {
        "state": "NT",
        "price": "550",
        "price_per_unit": "157",
        "price_unit": "G"
      }
    ]
  },
  {
    "source_url": "https://www.woolworths.com.au/shop/productdetails/701116/pea-beu-flying-insect-killer-aerosol-spray-odourless",
    "name": "Pea Beu Flying Insect Killer Aerosol Spray Odourless 350g",
    "image_url": "https://cdn1.woolworths.media/content/wowproductimages/large/701116.jpg",
    "source_id": "Woolworths - 701116",
    "barcode": "9300701326432",
    "shop": "Woolworths",
    "weight": "100G",
    "prices": [
      {
        "state": "NSW",
        "price": "550",
        "price_per_unit": "157",
        "price_unit": "G"
      },
      {
        "state": "QLD",
        "price": "550",
        "price_per_unit": "157",
        "price_unit": "G"
      },
      {
        "state": "WA",
        "price": "550",
        "price_per_unit": "157",
        "price_unit": "G"
      },
      {
        "state": "SA",
        "price": "550",
        "price_per_unit": "157",
        "price_unit": "G"
      },
      {
        "state": "TAS",
        "price": "550",
        "price_per_unit": "157",
        "price_unit": "G"
      },
      {
        "state": "ACT",
        "price": "550",
        "price_per_unit": "157",
        "price_unit": "G"
      },
      {
        "state": "NT",
        "price": "550",
        "price_per_unit": "157",
        "price_unit": "G"
      }
    ]
  },
  {
    "source_url": "https://www.woolworths.com.au/shop/productdetails/353657/mortein-fast-knockdown-low-allergenic-fly-mosquito-spray",
    "name": "Mortein Fast Knockdown Low Allergenic Fly & Mosquito Spray 350g",
    "image_url": "https://cdn1.woolworths.media/content/wowproductimages/large/353657.jpg",
    "source_id": "Woolworths - 353657",
    "barcode": "9300701987763",
    "shop": "Woolworths",
    "weight": "100G",
    "prices": [
      {
        "state": "VIC",
        "price": "750",
        "price_per_unit": "214",
        "price_unit": "G"
      },
      {
        "state": "QLD",
        "price": "750",
        "price_per_unit": "214",
        "price_unit": "G"
      },
      {
        "state": "WA",
        "price": "750",
        "price_per_unit": "214",
        "price_unit": "G"
      },
      {
        "state": "SA",
        "price": "750",
        "price_per_unit": "214",
        "price_unit": "G"
      },
      {
        "state": "TAS",
        "price": "750",
        "price_per_unit": "214",
        "price_unit": "G"
      },
      {
        "state": "ACT",
        "price": "750",
        "price_per_unit": "214",
        "price_unit": "G"
      },
      {
        "state": "NT",
        "price": "750",
        "price_per_unit": "214",
        "price_unit": "G"
      }
    ]
  },
  {
    "source_url": "https://www.woolworths.com.au/shop/productdetails/79118/mortein-fast-knockdown-multi-insect-spray",
    "name": "Mortein Fast Knockdown Multi-Insect Spray 300g",
    "image_url": "https://cdn1.woolworths.media/content/wowproductimages/large/079118.jpg",
    "source_id": "Woolworths - 79118",
    "barcode": "9310045400217",
    "shop": "Woolworths",
    "weight": "100G",
    "prices": [
      {
        "state": "VIC",
        "price": "600",
        "price_per_unit": "200",
        "price_unit": "G"
      },
      {
        "state": "QLD",
        "price": "600",
        "price_per_unit": "200",
        "price_unit": "G"
      },
      {
        "state": "WA",
        "price": "600",
        "price_per_unit": "200",
        "price_unit": "G"
      },
      {
        "state": "SA",
        "price": "600",
        "price_per_unit": "200",
        "price_unit": "G"
      },
      {
        "state": "TAS",
        "price": "600",
        "price_per_unit": "200",
        "price_unit": "G"
      },
      {
        "state": "ACT",
        "price": "600",
        "price_per_unit": "200",
        "price_unit": "G"
      },
      {
        "state": "NT",
        "price": "600",
        "price_per_unit": "200",
        "price_unit": "G"
      }
    ]
  },
  {
    "source_url": "https://www.woolworths.com.au/shop/productdetails/240591/mortein-naturgard-multi-insect-spray",
    "name": "Mortein Naturgard Multi-Insect Spray 300g",
    "image_url": "https://cdn1.woolworths.media/content/wowproductimages/large/240591.jpg",
    "source_id": "Woolworths - 240591",
    "barcode": "9300701215934",
    "shop": "Woolworths",
    "weight": "100G",
    "prices": [
      {
        "state": "VIC",
        "price": "1400",
        "price_per_unit": "467",
        "price_unit": "G"
      },
      {
        "state": "QLD",
        "price": "1400",
        "price_per_unit": "467",
        "price_unit": "G"
      },
      {
        "state": "WA",
        "price": "1400",
        "price_per_unit": "467",
        "price_unit": "G"
      },
      {
        "state": "SA",
        "price": "1400",
        "price_per_unit": "467",
        "price_unit": "G"
      },
      {
        "state": "ACT",
        "price": "1400",
        "price_per_unit": "467",
        "price_unit": "G"
      },
      {
        "state": "NT",
        "price": "1750",
        "price_per_unit": "583",
        "price_unit": "G"
      }
    ]
  },
  {
    "source_url": "https://www.woolworths.com.au/shop/productdetails/92338/mortein-odourless-flying-insect-spray",
    "name": "Mortein Odourless Flying Insect Spray 350g",
    "image_url": "https://cdn1.woolworths.media/content/wowproductimages/large/092338.jpg",
    "source_id": "Woolworths - 92338",
    "barcode": "9300701950293",
    "shop": "Woolworths",
    "weight": "100G",
    "prices": [
      {
        "state": "VIC",
        "price": "750",
        "price_per_unit": "214",
        "price_unit": "G"
      },
      {
        "state": "QLD",
        "price": "750",
        "price_per_unit": "214",
        "price_unit": "G"
      },
      {
        "state": "WA",
        "price": "750",
        "price_per_unit": "214",
        "price_unit": "G"
      },
      {
        "state": "SA",
        "price": "750",
        "price_per_unit": "214",
        "price_unit": "G"
      },
      {
        "state": "TAS",
        "price": "750",
        "price_per_unit": "214",
        "price_unit": "G"
      },
      {
        "state": "ACT",
        "price": "750",
        "price_per_unit": "214",
        "price_unit": "G"
      },
      {
        "state": "NT",
        "price": "750",
        "price_per_unit": "214",
        "price_unit": "G"
      }
    ]
  },
  {
    "source_url": "https://www.woolworths.com.au/shop/productdetails/900304/mortein-peaceful-nights-automatic-plug-in-fly-mosquito-repellent",
    "name": "Mortein Peaceful Nights Automatic Plug In Fly & Mosquito Repellent 2.57ml",
    "image_url": "https://cdn1.woolworths.media/content/wowproductimages/large/900304.jpg",
    "source_id": "Woolworths - 900304",
    "barcode": "9300701883126",
    "shop": "Woolworths",
    "weight": "1EA",
    "prices": [
      {
        "state": "VIC",
        "price": "1400",
        "price_per_unit": "1400",
        "price_unit": "EA"
      },
      {
        "state": "QLD",
        "price": "1400",
        "price_per_unit": "1400",
        "price_unit": "EA"
      },
      {
        "state": "WA",
        "price": "1400",
        "price_per_unit": "1400",
        "price_unit": "EA"
      },
      {
        "state": "SA",
        "price": "1400",
        "price_per_unit": "1400",
        "price_unit": "EA"
      },
      {
        "state": "TAS",
        "price": "1400",
        "price_per_unit": "1400",
        "price_unit": "EA"
      },
      {
        "state": "ACT",
        "price": "1400",
        "price_per_unit": "1400",
        "price_unit": "EA"
      },
      {
        "state": "NT",
        "price": "1470",
        "price_per_unit": "1470",
        "price_unit": "EA"
      }
    ]
  },
  {
    "source_url": "https://www.woolworths.com.au/shop/productdetails/900305/mortein-peaceful-nights-plug-in-fly-mosquito-repellent-refill",
    "name": "Mortein Peaceful Nights Plug-In Fly & Mosquito Repellent Refill 2.57mL",
    "image_url": "https://cdn1.woolworths.media/content/wowproductimages/large/900305.jpg",
    "source_id": "Woolworths - 900305",
    "barcode": "9300701883157",
    "shop": "Woolworths",
    "weight": "1EA",
    "prices": [
      {
        "state": "VIC",
        "price": "1225",
        "price_per_unit": "1225",
        "price_unit": "EA"
      },
      {
        "state": "QLD",
        "price": "1225",
        "price_per_unit": "1225",
        "price_unit": "EA"
      },
      {
        "state": "WA",
        "price": "1225",
        "price_per_unit": "1225",
        "price_unit": "EA"
      },
      {
        "state": "SA",
        "price": "1225",
        "price_per_unit": "1225",
        "price_unit": "EA"
      },
      {
        "state": "TAS",
        "price": "1225",
        "price_per_unit": "1225",
        "price_unit": "EA"
      },
      {
        "state": "ACT",
        "price": "1225",
        "price_per_unit": "1225",
        "price_unit": "EA"
      },
      {
        "state": "NT",
        "price": "1288",
        "price_per_unit": "1288",
        "price_unit": "EA"
      }
    ]
  },
  {
    "source_url": "https://www.woolworths.com.au/shop/productdetails/108828/mortein-powergard-all-in-one-multi-insect-killer-eucalyptus",
    "name": "Mortein Powergard All-In-One Multi-Insect Killer Eucalyptus 300g",
    "image_url": "https://cdn1.woolworths.media/content/wowproductimages/large/108828.jpg",
    "source_id": "Woolworths - 108828",
    "barcode": "9300701414986",
    "shop": "Woolworths",
    "weight": "100G",
    "prices": [
      {
        "state": "VIC",
        "price": "875",
        "price_per_unit": "292",
        "price_unit": "G"
      },
      {
        "state": "QLD",
        "price": "875",
        "price_per_unit": "292",
        "price_unit": "G"
      },
      {
        "state": "WA",
        "price": "875",
        "price_per_unit": "292",
        "price_unit": "G"
      },
      {
        "state": "SA",
        "price": "875",
        "price_per_unit": "292",
        "price_unit": "G"
      },
      {
        "state": "TAS",
        "price": "875",
        "price_per_unit": "292",
        "price_unit": "G"
      },
      {
        "state": "ACT",
        "price": "875",
        "price_per_unit": "292",
        "price_unit": "G"
      },
      {
        "state": "NT",
        "price": "920",
        "price_per_unit": "307",
        "price_unit": "G"
      }
    ]
  },
  {
    "source_url": "https://www.woolworths.com.au/shop/productdetails/644444/mortein-powergard-flying-insect-spray",
    "name": "Mortein Powergard Flying Insect Spray 300g",
    "image_url": "https://cdn1.woolworths.media/content/wowproductimages/large/644444.jpg",
    "source_id": "Woolworths - 644444",
    "barcode": "9300701464721",
    "shop": "Woolworths",
    "weight": "100G",
    "prices": [
      {
        "state": "VIC",
        "price": "805",
        "price_per_unit": "268",
        "price_unit": "G"
      },
      {
        "state": "QLD",
        "price": "805",
        "price_per_unit": "268",
        "price_unit": "G"
      },
      {
        "state": "WA",
        "price": "805",
        "price_per_unit": "268",
        "price_unit": "G"
      },
      {
        "state": "SA",
        "price": "805",
        "price_per_unit": "268",
        "price_unit": "G"
      },
      {
        "state": "TAS",
        "price": "805",
        "price_per_unit": "268",
        "price_unit": "G"
      },
      {
        "state": "ACT",
        "price": "805",
        "price_per_unit": "268",
        "price_unit": "G"
      },
      {
        "state": "NT",
        "price": "847",
        "price_per_unit": "282",
        "price_unit": "G"
      }
    ]
  },
  {
    "source_url": "https://www.woolworths.com.au/shop/productdetails/760362/mortein-powergard-multi-insect-spray",
    "name": "Mortein Powergard Multi-Insect Spray 300g",
    "image_url": "https://cdn1.woolworths.media/content/wowproductimages/large/760362.jpg",
    "source_id": "Woolworths - 760362",
    "barcode": "9300701466466",
    "shop": "Woolworths",
    "weight": "100G",
    "prices": [
      {
        "state": "VIC",
        "price": "1400",
        "price_per_unit": "467",
        "price_unit": "G"
      },
      {
        "state": "QLD",
        "price": "1400",
        "price_per_unit": "467",
        "price_unit": "G"
      },
      {
        "state": "WA",
        "price": "1400",
        "price_per_unit": "467",
        "price_unit": "G"
      },
      {
        "state": "SA",
        "price": "1400",
        "price_per_unit": "467",
        "price_unit": "G"
      },
      {
        "state": "TAS",
        "price": "1400",
        "price_per_unit": "467",
        "price_unit": "G"
      },
      {
        "state": "ACT",
        "price": "1400",
        "price_per_unit": "467",
        "price_unit": "G"
      },
      {
        "state": "NT",
        "price": "1470",
        "price_per_unit": "490",
        "price_unit": "G"
      }
    ]
  },
  {
    "source_url": "https://www.woolworths.com.au/shop/productdetails/700895/raid-earth-options-botanicals-multi-insect-auto-system-refill",
    "name": "Raid Earth Options Botanicals Multi -Insect Auto System Refill 185g",
    "image_url": "https://cdn1.woolworths.media/content/wowproductimages/large/700895.jpg",
    "source_id": "Woolworths - 700895",
    "barcode": "9300622707525",
    "shop": "Woolworths",
    "weight": "100G",
    "prices": [
      {
        "state": "QLD",
        "price": "1650",
        "price_per_unit": "892",
        "price_unit": "G"
      },
      {
        "state": "WA",
        "price": "1650",
        "price_per_unit": "892",
        "price_unit": "G"
      },
      {
        "state": "SA",
        "price": "1650",
        "price_per_unit": "892",
        "price_unit": "G"
      },
      {
        "state": "TAS",
        "price": "1650",
        "price_per_unit": "892",
        "price_unit": "G"
      },
      {
        "state": "ACT",
        "price": "1650",
        "price_per_unit": "892",
        "price_unit": "G"
      },
      {
        "state": "NT",
        "price": "1730",
        "price_per_unit": "935",
        "price_unit": "G"
      }
    ]
  },
  {
    "source_url": "https://www.woolworths.com.au/shop/productdetails/700915/raid-earth-options-botanicals-multi-insect-automatic-system",
    "name": "Raid Earth Options Botanicals Multi-Insect Automatic System 185g",
    "image_url": "https://cdn1.woolworths.media/content/wowproductimages/large/700915.jpg",
    "source_id": "Woolworths - 700915",
    "barcode": "9300622706771",
    "shop": "Woolworths",
    "weight": "1EA",
    "prices": [
      {
        "state": "QLD",
        "price": "2000",
        "price_per_unit": "2000",
        "price_unit": "EA"
      },
      {
        "state": "WA",
        "price": "2000",
        "price_per_unit": "2000",
        "price_unit": "EA"
      },
      {
        "state": "SA",
        "price": "2000",
        "price_per_unit": "2000",
        "price_unit": "EA"
      },
      {
        "state": "TAS",
        "price": "2000",
        "price_per_unit": "2000",
        "price_unit": "EA"
      },
      {
        "state": "ACT",
        "price": "2000",
        "price_per_unit": "2000",
        "price_unit": "EA"
      },
      {
        "state": "NT",
        "price": "2000",
        "price_per_unit": "2000",
        "price_unit": "EA"
      }
    ]
  },
  {
    "source_url": "https://www.woolworths.com.au/shop/productdetails/177675/raid-flying-insect-killer-spray-odourless",
    "name": "Raid Flying Insect Killer Spray Odourless 350g",
    "image_url": "https://cdn1.woolworths.media/content/wowproductimages/large/177675.jpg",
    "source_id": "Woolworths - 177675",
    "barcode": "9300622107042",
    "shop": "Woolworths",
    "weight": "100G",
    "prices": [
      {
        "state": "QLD",
        "price": "580",
        "price_per_unit": "166",
        "price_unit": "G"
      },
      {
        "state": "WA",
        "price": "580",
        "price_per_unit": "166",
        "price_unit": "G"
      },
      {
        "state": "SA",
        "price": "580",
        "price_per_unit": "166",
        "price_unit": "G"
      },
      {
        "state": "TAS",
        "price": "580",
        "price_per_unit": "166",
        "price_unit": "G"
      },
      {
        "state": "ACT",
        "price": "580",
        "price_per_unit": "166",
        "price_unit": "G"
      },
      {
        "state": "NT",
        "price": "580",
        "price_per_unit": "166",
        "price_unit": "G"
      }
    ]
  },
  {
    "source_url": "https://www.woolworths.com.au/shop/productdetails/386882/raid-flying-insect-light-trap-plug-in-starter-pack",
    "name": "Raid Flying Insect Light Trap Plug In Starter Pack each",
    "image_url": "https://cdn1.woolworths.media/content/wowproductimages/large/386882.jpg",
    "source_id": "Woolworths - 386882",
    "barcode": "9300622007588",
    "shop": "Woolworths",
    "weight": "100ML",
    "prices": [
      {
        "state": "QLD",
        "price": "2500",
        "price_per_unit": "2500",
        "price_unit": "ML"
      },
      {
        "state": "WA",
        "price": "2500",
        "price_per_unit": "2500",
        "price_unit": "ML"
      },
      {
        "state": "SA",
        "price": "2500",
        "price_per_unit": "2500",
        "price_unit": "ML"
      },
      {
        "state": "TAS",
        "price": "2500",
        "price_per_unit": "2500",
        "price_unit": "ML"
      },
      {
        "state": "ACT",
        "price": "2500",
        "price_per_unit": "2500",
        "price_unit": "ML"
      },
      {
        "state": "NT",
        "price": "2630",
        "price_per_unit": "2630",
        "price_unit": "ML"
      }
    ]
  },
  {
    "source_url": "https://www.woolworths.com.au/shop/productdetails/386445/raid-flying-insect-light-trap-refills",
    "name": "Raid Flying Insect Light Trap Refills 3 pack",
    "image_url": "https://cdn1.woolworths.media/content/wowproductimages/large/386445.jpg",
    "source_id": "Woolworths - 386445",
    "barcode": "9300622007601",
    "shop": "Woolworths",
    "weight": "1EA",
    "prices": [
      {
        "state": "QLD",
        "price": "1750",
        "price_per_unit": "583",
        "price_unit": "EA"
      },
      {
        "state": "WA",
        "price": "1750",
        "price_per_unit": "583",
        "price_unit": "EA"
      },
      {
        "state": "SA",
        "price": "1750",
        "price_per_unit": "583",
        "price_unit": "EA"
      },
      {
        "state": "TAS",
        "price": "1750",
        "price_per_unit": "583",
        "price_unit": "EA"
      },
      {
        "state": "ACT",
        "price": "1750",
        "price_per_unit": "583",
        "price_unit": "EA"
      },
      {
        "state": "NT",
        "price": "1840",
        "price_per_unit": "613",
        "price_unit": "EA"
      }
    ]
  },
  {
    "source_url": "https://www.woolworths.com.au/shop/productdetails/311072/raid-max-fly-mosquito-protection-electric-plug-in",
    "name": "Raid Max Fly & Mosquito Protection Electric Plug-In each",
    "image_url": "https://cdn1.woolworths.media/content/wowproductimages/large/311072.jpg",
    "source_id": "Woolworths - 311072",
    "barcode": "9300622701172",
    "shop": "Woolworths",
    "weight": "1EA",
    "prices": [
      {
        "state": "QLD",
        "price": "1500",
        "price_per_unit": "1500",
        "price_unit": "EA"
      },
      {
        "state": "WA",
        "price": "1500",
        "price_per_unit": "1500",
        "price_unit": "EA"
      },
      {
        "state": "SA",
        "price": "1500",
        "price_per_unit": "1500",
        "price_unit": "EA"
      },
      {
        "state": "TAS",
        "price": "1500",
        "price_per_unit": "1500",
        "price_unit": "EA"
      },
      {
        "state": "ACT",
        "price": "1500",
        "price_per_unit": "1500",
        "price_unit": "EA"
      },
      {
        "state": "NT",
        "price": "1500",
        "price_per_unit": "1500",
        "price_unit": "EA"
      }
    ]
  },
  {
    "source_url": "https://www.woolworths.com.au/shop/productdetails/336353/raid-max-fly-mosquito-protection-plug-in-refill",
    "name": "Raid Max Fly & Mosquito Protection Plug-In Refill 2 pack",
    "image_url": "https://cdn1.woolworths.media/content/wowproductimages/large/336353.jpg",
    "source_id": "Woolworths - 336353",
    "barcode": "9300622701325",
    "shop": "Woolworths",
    "weight": "100G",
    "prices": [
      {
        "state": "QLD",
        "price": "1750",
        "price_per_unit": "41667",
        "price_unit": "G"
      },
      {
        "state": "WA",
        "price": "1750",
        "price_per_unit": "41667",
        "price_unit": "G"
      },
      {
        "state": "SA",
        "price": "1750",
        "price_per_unit": "41667",
        "price_unit": "G"
      },
      {
        "state": "TAS",
        "price": "1750",
        "price_per_unit": "41667",
        "price_unit": "G"
      },
      {
        "state": "ACT",
        "price": "1750",
        "price_per_unit": "41667",
        "price_unit": "G"
      },
      {
        "state": "NT",
        "price": "1750",
        "price_per_unit": "41667",
        "price_unit": "G"
      }
    ]
  },
  {
    "source_url": "https://www.woolworths.com.au/shop/productdetails/642423/raid-max-multi-insect-killer-double-nozzle-spray",
    "name": "Raid Max Multi Insect Killer Double Nozzle Spray 300g",
    "image_url": "https://cdn1.woolworths.media/content/wowproductimages/large/642423.jpg",
    "source_id": "Woolworths - 642423",
    "barcode": "9300622713533",
    "shop": "Woolworths",
    "weight": "100G",
    "prices": [
      {
        "state": "QLD",
        "price": "980",
        "price_per_unit": "327",
        "price_unit": "G"
      },
      {
        "state": "WA",
        "price": "980",
        "price_per_unit": "327",
        "price_unit": "G"
      },
      {
        "state": "SA",
        "price": "980",
        "price_per_unit": "327",
        "price_unit": "G"
      },
      {
        "state": "TAS",
        "price": "980",
        "price_per_unit": "327",
        "price_unit": "G"
      },
      {
        "state": "ACT",
        "price": "980",
        "price_per_unit": "327",
        "price_unit": "G"
      },
      {
        "state": "NT",
        "price": "980",
        "price_per_unit": "327",
        "price_unit": "G"
      }
    ]
  },
  {
    "source_url": "https://www.woolworths.com.au/shop/productdetails/115441/raid-one-shot-flying-insect-killer-spray-odourless",
    "name": "Raid One Shot Flying Insect Killer Spray Odourless 320g",
    "image_url": "https://cdn1.woolworths.media/content/wowproductimages/large/115441.jpg",
    "source_id": "Woolworths - 115441",
    "barcode": "9300622004686",
    "shop": "Woolworths",
    "weight": "100G",
    "prices": [
      {
        "state": "QLD",
        "price": "900",
        "price_per_unit": "281",
        "price_unit": "G"
      },
      {
        "state": "WA",
        "price": "900",
        "price_per_unit": "281",
        "price_unit": "G"
      },
      {
        "state": "SA",
        "price": "900",
        "price_per_unit": "281",
        "price_unit": "G"
      },
      {
        "state": "ACT",
        "price": "900",
        "price_per_unit": "281",
        "price_unit": "G"
      },
      {
        "state": "NT",
        "price": "950",
        "price_per_unit": "297",
        "price_unit": "G"
      }
    ]
  },
  {
    "source_url": "https://www.woolworths.com.au/shop/productdetails/114579/raid-one-shot-multipurpose-insect-killer-spray-odourless",
    "name": "Raid One Shot Multipurpose Insect Killer Spray Odourless 320g",
    "image_url": "https://cdn1.woolworths.media/content/wowproductimages/large/114579.jpg",
    "source_id": "Woolworths - 114579",
    "barcode": "9300622004662",
    "shop": "Woolworths",
    "weight": "100G",
    "prices": [
      {
        "state": "QLD",
        "price": "900",
        "price_per_unit": "281",
        "price_unit": "G"
      },
      {
        "state": "WA",
        "price": "900",
        "price_per_unit": "281",
        "price_unit": "G"
      },
      {
        "state": "SA",
        "price": "900",
        "price_per_unit": "281",
        "price_unit": "G"
      },
      {
        "state": "TAS",
        "price": "900",
        "price_per_unit": "281",
        "price_unit": "G"
      },
      {
        "state": "ACT",
        "price": "900",
        "price_per_unit": "281",
        "price_unit": "G"
      },
      {
        "state": "NT",
        "price": "950",
        "price_per_unit": "297",
        "price_unit": "G"
      }
    ]
  }
]