[
  {
    "source_url": "https://www.woolworths.com.au/shop/productdetails/1075481798/abode-fabric-softener-comfort-fresh-1l",
    "name": "Abode Fabric Softener Comfort Fresh 1L",
    "image_url": "https://cdn1.woolworths.media/content/wowproductimages/large/1075481798.jpg",
    "source_id": "Woolworths - 1075481798",
    "barcode": null,
    "shop": "Woolworths",
    "weight": "1L",
    "prices": [
      {
        "state": "NSW",
        "price": "1495",
        "price_per_unit": "1495",
        "price_unit": "L"
      },
      {
        "state": "VIC",
        "price": "1495",
        "price_per_unit": "1495",
        "price_unit": "L"
      },
      {
        "state": "QLD",
        "price": "1495",
        "price_per_unit": "1495",
        "price_unit": "L"
      },
      {
        "state": "WA",
        "price": "1495",
        "price_per_unit": "1495",
        "price_unit": "L"
      },
      {
        "state": "SA",
        "price": "1495",
        "price_per_unit": "1495",
        "price_unit": "L"
      },
      {
        "state": "TAS",
        "price": "1495",
        "price_per_unit": "1495",
        "price_unit": "L"
      },
      {
        "state": "ACT",
        "price": "1495",
        "price_per_unit": "1495",
        "price_unit": "L"
      },
      {
        "state": "NT",
        "price": "1495",
        "price_per_unit": "1495",
        "price_unit": "L"
      }
    ]
  },
  {
    "source_url": "https://www.woolworths.com.au/shop/productdetails/1075345963/abode-fabric-softener-comfort-fresh-4l",
    "name": "Abode Fabric Softener Comfort Fresh 4L",
    "image_url": "https://cdn1.woolworths.media/content/wowproductimages/large/1075345963.jpg",
    "source_id": "Woolworths - 1075345963",
    "barcode": null,
    "shop": "Woolworths",
    "weight": "1L",
    "prices": [
      {
        "state": "NSW",
        "price": "4995",
        "price_per_unit": "1249",
        "price_unit": "L"
      },
      {
        "state": "VIC",
        "price": "4995",
        "price_per_unit": "1249",
        "price_unit": "L"
      },
      {
        "state": "QLD",
        "price": "4995",
        "price_per_unit": "1249",
        "price_unit": "L"
      },
      {
        "state": "WA",
        "price": "4995",
        "price_per_unit": "1249",
        "price_unit": "L"
      },
      {
        "state": "SA",
        "price": "4995",
        "price_per_unit": "1249",
        "price_unit": "L"
      },
      {
        "state": "TAS",
        "price": "4995",
        "price_per_unit": "1249",
        "price_unit": "L"
      },
      {
        "state": "ACT",
        "price": "4995",
        "price_per_unit": "1249",
        "price_unit": "L"
      },
      {
        "state": "NT",
        "price": "4995",
        "price_per_unit": "1249",
        "price_unit": "L"
      }
    ]
  },
  {
    "source_url": "https://www.woolworths.com.au/shop/productdetails/1075345437/abode-fabric-softener-zero-4l",
    "name": "Abode Fabric Softener ZERO 4L",
    "image_url": "https://cdn1.woolworths.media/content/wowproductimages/large/1075345437.jpg",
    "source_id": "Woolworths - 1075345437",
    "barcode": null,
    "shop": "Woolworths",
    "weight": "1L",
    "prices": [
      {
        "state": "NSW",
        "price": "4995",
        "price_per_unit": "1249",
        "price_unit": "L"
      },
      {
        "state": "VIC",
        "price": "4995",
        "price_per_unit": "1249",
        "price_unit": "L"
      },
      {
        "state": "QLD",
        "price": "4995",
        "price_per_unit": "1249",
        "price_unit": "L"
      },
      {
        "state": "WA",
        "price": "4995",
        "price_per_unit": "1249",
        "price_unit": "L"
      },
      {
        "state": "SA",
        "price": "4995",
        "price_per_unit": "1249",
        "price_unit": "L"
      },
      {
        "state": "TAS",
        "price": "4995",
        "price_per_unit": "1249",
        "price_unit": "L"
      },
      {
        "state": "ACT",
        "price": "4995",
        "price_per_unit": "1249",
        "price_unit": "L"
      },
      {
        "state": "NT",
        "price": "4995",
        "price_per_unit": "1249",
        "price_unit": "L"
      }
    ]
  },
  {
    "source_url": "https://www.woolworths.com.au/shop/productdetails/1074502726/bounce-fabric-softener-dryer-sheets-outdoor-fresh-2-x-160-sheets-320-sheets-",
    "name": "Bounce Fabric Softener Dryer Sheets Outdoor Fresh 2 x 160 Sheets (320 SHEETS)",
    "image_url": "https://cdn1.woolworths.media/content/wowproductimages/large/1074502726.jpg",
    "source_id": "Woolworths - 1074502726",
    "barcode": null,
    "shop": "Woolworths",
    "weight": "100EA",
    "prices": []
  },
  {
    "source_url": "https://www.woolworths.com.au/shop/productdetails/1075546307/chicco-nursing-sensitive-fabric-softener-delicate-flowers-3pk-750ml",
    "name": "Chicco Nursing Sensitive Fabric Softener - Delicate Flowers 3PK 750ml",
    "image_url": "https://cdn1.woolworths.media/content/wowproductimages/large/1075546307.jpg",
    "source_id": "Woolworths - 1075546307",
    "barcode": null,
    "shop": "Woolworths",
    "weight": "1EA",
    "prices": [
      {
        "state": "NSW",
        "price": "3900",
        "price_per_unit": "1300",
        "price_unit": "EA"
      },
      {
        "state": "VIC",
        "price": "3900",
        "price_per_unit": "1300",
        "price_unit": "EA"
      }
    ]
  },
  {
    "source_url": "https://www.woolworths.com.au/shop/productdetails/1075546308/chicco-nursing-sensitive-fabric-softener-tender-touch-3pk-750ml",
    "name": "Chicco Nursing Sensitive Fabric Softener - Tender Touch 3PK 750ml",
    "image_url": "https://cdn1.woolworths.media/content/wowproductimages/large/1075546308.jpg",
    "source_id": "Woolworths - 1075546308",
    "barcode": null,
    "shop": "Woolworths",
    "weight": "1EA",
    "prices": [
      {
        "state": "NSW",
        "price": "3900",
        "price_per_unit": "1300",
        "price_unit": "EA"
      },
      {
        "state": "VIC",
        "price": "3900",
        "price_per_unit": "1300",
        "price_unit": "EA"
      }
    ]
  },
  {
    "source_url": "https://www.woolworths.com.au/shop/productdetails/248547/clean-iron-aid-starch-spray",
    "name": "Clean Iron Aid Starch Spray 400g",
    "image_url": "https://cdn1.woolworths.media/content/wowproductimages/large/248547.jpg",
    "source_id": "Woolworths - 248547",
    "barcode": "9339687316397",
    "shop": "Woolworths",
    "weight": "1KG",
    "prices": [
      {
        "state": "WA",
        "price": "250",
        "price_per_unit": "625",
        "price_unit": "KG"
      },
      {
        "state": "SA",
        "price": "250",
        "price_per_unit": "625",
        "price_unit": "KG"
      },
      {
        "state": "TAS",
        "price": "250",
        "price_per_unit": "625",
        "price_unit": "KG"
      },
      {
        "state": "ACT",
        "price": "250",
        "price_per_unit": "625",
        "price_unit": "KG"
      },
      {
        "state": "NT",
        "price": "250",
        "price_per_unit": "625",
        "price_unit": "KG"
      }
    ]
  },
  {
    "source_url": "https://www.woolworths.com.au/shop/productdetails/431198/comfort-fabric-conditioner-pure",
    "name": "Comfort Fabric Conditioner Pure 2l",
    "image_url": "https://cdn1.woolworths.media/content/wowproductimages/large/431198.jpg",
    "source_id": "Woolworths - 431198",
    "barcode": "8934868120117",
    "shop": "Woolworths",
    "weight": "1L",
    "prices": [
      {
        "state": "NSW",
        "price": "1400",
        "price_per_unit": "700",
        "price_unit": "L"
      },
      {
        "state": "VIC",
        "price": "1400",
        "price_per_unit": "700",
        "price_unit": "L"
      },
      {
        "state": "QLD",
        "price": "1400",
        "price_per_unit": "700",
        "price_unit": "L"
      },
      {
        "state": "WA",
        "price": "1400",
        "price_per_unit": "700",
        "price_unit": "L"
      },
      {
        "state": "SA",
        "price": "1400",
        "price_per_unit": "700",
        "price_unit": "L"
      },
      {
        "state": "TAS",
        "price": "1400",
        "price_per_unit": "700",
        "price_unit": "L"
      },
      {
        "state": "ACT",
        "price": "1400",
        "price_per_unit": "700",
        "price_unit": "L"
      },
      {
        "state": "NT",
        "price": "1470",
        "price_per_unit": "735",
        "price_unit": "L"
      }
    ]
  },
  {
    "source_url": "https://www.woolworths.com.au/shop/productdetails/205696/comfort-fabric-conditioner-pure",
    "name": "Comfort Fabric Conditioner Pure 900ml",
    "image_url": "https://cdn1.woolworths.media/content/wowproductimages/large/205696.jpg",
    "source_id": "Woolworths - 205696",
    "barcode": "8934868164296",
    "shop": "Woolworths",
    "weight": "1L",
    "prices": [
      {
        "state": "NSW",
        "price": "1100",
        "price_per_unit": "1222",
        "price_unit": "L"
      },
      {
        "state": "VIC",
        "price": "1100",
        "price_per_unit": "1222",
        "price_unit": "L"
      },
      {
        "state": "QLD",
        "price": "1100",
        "price_per_unit": "1222",
        "price_unit": "L"
      },
      {
        "state": "WA",
        "price": "1100",
        "price_per_unit": "1222",
        "price_unit": "L"
      },
      {
        "state": "SA",
        "price": "1100",
        "price_per_unit": "1222",
        "price_unit": "L"
      },
      {
        "state": "TAS",
        "price": "1100",
        "price_per_unit": "1222",
        "price_unit": "L"
      },
      {
        "state": "ACT",
        "price": "1100",
        "price_per_unit": "1222",
        "price_unit": "L"
      },
      {
        "state": "NT",
        "price": "1155",
        "price_per_unit": "1283",
        "price_unit": "L"
      }
    ]
  },
  {
    "source_url": "https://www.woolworths.com.au/shop/productdetails/205743/comfort-fabric-conditioner-rainforest-fresh",
    "name": "Comfort Fabric Conditioner Rainforest Fresh 900ml",
    "image_url": "https://cdn1.woolworths.media/content/wowproductimages/large/205743.jpg",
    "source_id": "Woolworths - 205743",
    "barcode": "8934868164302",
    "shop": "Woolworths",
    "weight": "1L",
    "prices": [
      {
        "state": "NSW",
        "price": "1000",
        "price_per_unit": "1111",
        "price_unit": "L"
      },
      {
        "state": "VIC",
        "price": "1000",
        "price_per_unit": "1111",
        "price_unit": "L"
      },
      {
        "state": "QLD",
        "price": "1000",
        "price_per_unit": "1111",
        "price_unit": "L"
      },
      {
        "state": "WA",
        "price": "1000",
        "price_per_unit": "1111",
        "price_unit": "L"
      },
      {
        "state": "SA",
        "price": "1000",
        "price_per_unit": "1111",
        "price_unit": "L"
      },
      {
        "state": "TAS",
        "price": "1000",
        "price_per_unit": "1111",
        "price_unit": "L"
      },
      {
        "state": "ACT",
        "price": "1000",
        "price_per_unit": "1111",
        "price_unit": "L"
      },
      {
        "state": "NT",
        "price": "1050",
        "price_per_unit": "1167",
        "price_unit": "L"
      }
    ]
  },
  {
    "source_url": "https://www.woolworths.com.au/shop/productdetails/205077/comfort-fabric-conditioner-rosy-blush",
    "name": "Comfort Fabric Conditioner Rosy Blush 900ml",
    "image_url": "https://cdn1.woolworths.media/content/wowproductimages/large/205077.jpg",
    "source_id": "Woolworths - 205077",
    "barcode": "8934868164319",
    "shop": "Woolworths",
    "weight": "1L",
    "prices": [
      {
        "state": "NSW",
        "price": "1100",
        "price_per_unit": "1222",
        "price_unit": "L"
      },
      {
        "state": "VIC",
        "price": "1100",
        "price_per_unit": "1222",
        "price_unit": "L"
      },
      {
        "state": "QLD",
        "price": "1100",
        "price_per_unit": "1222",
        "price_unit": "L"
      },
      {
        "state": "WA",
        "price": "1100",
        "price_per_unit": "1222",
        "price_unit": "L"
      },
      {
        "state": "SA",
        "price": "1100",
        "price_per_unit": "1222",
        "price_unit": "L"
      },
      {
        "state": "TAS",
        "price": "1100",
        "price_per_unit": "1222",
        "price_unit": "L"
      },
      {
        "state": "ACT",
        "price": "1100",
        "price_per_unit": "1222",
        "price_unit": "L"
      },
      {
        "state": "NT",
        "price": "1155",
        "price_per_unit": "1283",
        "price_unit": "L"
      }
    ]
  },
  {
    "source_url": "https://www.woolworths.com.au/shop/productdetails/204827/comfort-fabric-conditioner-sky-blue-sky-blue",
    "name": "Comfort Fabric Conditioner Sky Blue 900 Ml",
    "image_url": "https://cdn1.woolworths.media/content/wowproductimages/large/204827.jpg",
    "source_id": "Woolworths - 204827",
    "barcode": "8934868164326",
    "shop": "Woolworths",
    "weight": "1L",
    "prices": [
      {
        "state": "NSW",
        "price": "1100",
        "price_per_unit": "1222",
        "price_unit": "L"
      },
      {
        "state": "VIC",
        "price": "1100",
        "price_per_unit": "1222",
        "price_unit": "L"
      },
      {
        "state": "QLD",
        "price": "1100",
        "price_per_unit": "1222",
        "price_unit": "L"
      },
      {
        "state": "WA",
        "price": "1100",
        "price_per_unit": "1222",
        "price_unit": "L"
      },
      {
        "state": "SA",
        "price": "1100",
        "price_per_unit": "1222",
        "price_unit": "L"
      },
      {
        "state": "TAS",
        "price": "1100",
        "price_per_unit": "1222",
        "price_unit": "L"
      },
      {
        "state": "ACT",
        "price": "1100",
        "price_per_unit": "1222",
        "price_unit": "L"
      },
      {
        "state": "NT",
        "price": "1155",
        "price_per_unit": "1283",
        "price_unit": "L"
      }
    ]
  },
  {
    "source_url": "https://www.woolworths.com.au/shop/productdetails/206064/comfort-fabric-conditioner-vanilla-orchid",
    "name": "Comfort Fabric Conditioner Vanilla Orchid 900ml",
    "image_url": "https://cdn1.woolworths.media/content/wowproductimages/large/206064.jpg",
    "source_id": "Woolworths - 206064",
    "barcode": "8934868164340",
    "shop": "Woolworths",
    "weight": "1L",
    "prices": [
      {
        "state": "NSW",
        "price": "1000",
        "price_per_unit": "1111",
        "price_unit": "L"
      },
      {
        "state": "VIC",
        "price": "1000",
        "price_per_unit": "1111",
        "price_unit": "L"
      },
      {
        "state": "QLD",
        "price": "1000",
        "price_per_unit": "1111",
        "price_unit": "L"
      },
      {
        "state": "WA",
        "price": "1000",
        "price_per_unit": "1111",
        "price_unit": "L"
      },
      {
        "state": "SA",
        "price": "1000",
        "price_per_unit": "1111",
        "price_unit": "L"
      },
      {
        "state": "TAS",
        "price": "1000",
        "price_per_unit": "1111",
        "price_unit": "L"
      },
      {
        "state": "ACT",
        "price": "1000",
        "price_per_unit": "1111",
        "price_unit": "L"
      },
      {
        "state": "NT",
        "price": "1050",
        "price_per_unit": "1167",
        "price_unit": "L"
      }
    ]
  },
  {
    "source_url": "https://www.woolworths.com.au/shop/productdetails/905288/comfort-x-dusk-in-wash-scent-booster-orange-spring",
    "name": "Comfort x Dusk In Wash Scent Booster Orange Spring 425g",
    "image_url": "https://cdn1.woolworths.media/content/wowproductimages/large/905288.jpg",
    "source_id": "Woolworths - 905288",
    "barcode": "9300830088829",
    "shop": "Woolworths",
    "weight": "1KG",
    "prices": [
      {
        "state": "NSW",
        "price": "3450",
        "price_per_unit": "8118",
        "price_unit": "KG"
      },
      {
        "state": "VIC",
        "price": "3450",
        "price_per_unit": "8118",
        "price_unit": "KG"
      },
      {
        "state": "QLD",
        "price": "3450",
        "price_per_unit": "8118",
        "price_unit": "KG"
      },
      {
        "state": "WA",
        "price": "3450",
        "price_per_unit": "8118",
        "price_unit": "KG"
      },
      {
        "state": "SA",
        "price": "3450",
        "price_per_unit": "8118",
        "price_unit": "KG"
      },
      {
        "state": "TAS",
        "price": "3450",
        "price_per_unit": "8118",
        "price_unit": "KG"
      },
      {
        "state": "ACT",
        "price": "3450",
        "price_per_unit": "8118",
        "price_unit": "KG"
      },
      {
        "state": "NT",
        "price": "3450",
        "price_per_unit": "8118",
        "price_unit": "KG"
      }
    ]
  },
  {
    "source_url": "https://www.woolworths.com.au/shop/productdetails/904747/comfort-x-dusk-in-wash-scent-booster-sweet-bouquet",
    "name": "Comfort x Dusk In Wash Scent Booster Sweet Bouquet 425g",
    "image_url": "https://cdn1.woolworths.media/content/wowproductimages/large/904747.jpg",
    "source_id": "Woolworths - 904747",
    "barcode": "9300830086726",
    "shop": "Woolworths",
    "weight": "1KG",
    "prices": [
      {
        "state": "NSW",
        "price": "3450",
        "price_per_unit": "8118",
        "price_unit": "KG"
      },
      {
        "state": "VIC",
        "price": "3450",
        "price_per_unit": "8118",
        "price_unit": "KG"
      },
      {
        "state": "QLD",
        "price": "3450",
        "price_per_unit": "8118",
        "price_unit": "KG"
      },
      {
        "state": "WA",
        "price": "3450",
        "price_per_unit": "8118",
        "price_unit": "KG"
      },
      {
        "state": "SA",
        "price": "3450",
        "price_per_unit": "8118",
        "price_unit": "KG"
      },
      {
        "state": "TAS",
        "price": "3450",
        "price_per_unit": "8118",
        "price_unit": "KG"
      },
      {
        "state": "ACT",
        "price": "3450",
        "price_per_unit": "8118",
        "price_unit": "KG"
      },
      {
        "state": "NT",
        "price": "3450",
        "price_per_unit": "8118",
        "price_unit": "KG"
      }
    ]
  },
  {
    "source_url": "https://www.woolworths.com.au/shop/productdetails/746886/crisp-spray-starch-spray",
    "name": "Crisp Spray Starch 385g",
    "image_url": "https://cdn1.woolworths.media/content/wowproductimages/large/746886.jpg",
    "source_id": "Woolworths - 746886",
    "barcode": "9300701846374",
    "shop": "Woolworths",
    "weight": "1KG",
    "prices": [
      {
        "state": "NSW",
        "price": "920",
        "price_per_unit": "2390",
        "price_unit": "KG"
      },
      {
        "state": "VIC",
        "price": "920",
        "price_per_unit": "2390",
        "price_unit": "KG"
      },
      {
        "state": "QLD",
        "price": "920",
        "price_per_unit": "2390",
        "price_unit": "KG"
      },
      {
        "state": "WA",
        "price": "920",
        "price_per_unit": "2390",
        "price_unit": "KG"
      },
      {
        "state": "SA",
        "price": "920",
        "price_per_unit": "2390",
        "price_unit": "KG"
      },
      {
        "state": "TAS",
        "price": "920",
        "price_per_unit": "2390",
        "price_unit": "KG"
      },
      {
        "state": "ACT",
        "price": "920",
        "price_per_unit": "2390",
        "price_unit": "KG"
      },
      {
        "state": "NT",
        "price": "965",
        "price_per_unit": "2506",
        "price_unit": "KG"
      }
    ]
  },
  {
    "source_url": "https://www.woolworths.com.au/shop/productdetails/277615/cuddly-concentrate-fabric-conditioner-complete-care-ocean-wave",
    "name": "Cuddly Concentrate Fabric Conditioner Complete Care Ocean Wave 850ml",
    "image_url": "https://cdn1.woolworths.media/content/wowproductimages/large/277615.jpg",
    "source_id": "Woolworths - 277615",
    "barcode": "8850006934289",
    "shop": "Woolworths",
    "weight": "1L",
    "prices": [
      {
        "state": "VIC",
        "price": "500",
        "price_per_unit": "588",
        "price_unit": "L"
      },
      {
        "state": "QLD",
        "price": "500",
        "price_per_unit": "588",
        "price_unit": "L"
      },
      {
        "state": "WA",
        "price": "500",
        "price_per_unit": "588",
        "price_unit": "L"
      },
      {
        "state": "SA",
        "price": "500",
        "price_per_unit": "588",
        "price_unit": "L"
      },
      {
        "state": "TAS",
        "price": "500",
        "price_per_unit": "588",
        "price_unit": "L"
      },
      {
        "state": "ACT",
        "price": "500",
        "price_per_unit": "588",
        "price_unit": "L"
      },
      {
        "state": "NT",
        "price": "525",
        "price_per_unit": "618",
        "price_unit": "L"
      }
    ]
  },
  {
    "source_url": "https://www.woolworths.com.au/shop/productdetails/211967/cuddly-fabric-softener-sunshine-fresh",
    "name": "Cuddly Fabric Softener Sunshine Fresh 2l",
    "image_url": "https://cdn1.woolworths.media/content/wowproductimages/large/211967.jpg",
    "source_id": "Woolworths - 211967",
    "barcode": "9300632062713",
    "shop": "Woolworths",
    "weight": "1L",
    "prices": [
      {
        "state": "NSW",
        "price": "800",
        "price_per_unit": "400",
        "price_unit": "L"
      },
      {
        "state": "VIC",
        "price": "800",
        "price_per_unit": "400",
        "price_unit": "L"
      },
      {
        "state": "QLD",
        "price": "800",
        "price_per_unit": "400",
        "price_unit": "L"
      },
      {
        "state": "WA",
        "price": "800",
        "price_per_unit": "400",
        "price_unit": "L"
      },
      {
        "state": "SA",
        "price": "800",
        "price_per_unit": "400",
        "price_unit": "L"
      },
      {
        "state": "TAS",
        "price": "800",
        "price_per_unit": "400",
        "price_unit": "L"
      },
      {
        "state": "ACT",
        "price": "800",
        "price_per_unit": "400",
        "price_unit": "L"
      },
      {
        "state": "NT",
        "price": "840",
        "price_per_unit": "420",
        "price_unit": "L"
      }
    ]
  },
  {
    "source_url": "https://www.woolworths.com.au/shop/productdetails/613649/cuddly-in-wash-scent-booster-coco-cuddles",
    "name": "Cuddly In Wash Scent Booster Coco Cuddles 480g",
    "image_url": "https://cdn1.woolworths.media/content/wowproductimages/large/613649.jpg",
    "source_id": "Woolworths - 613649",
    "barcode": "8850006951460",
    "shop": "Woolworths",
    "weight": "1KG",
    "prices": [
      {
        "state": "NSW",
        "price": "3000",
        "price_per_unit": "6250",
        "price_unit": "KG"
      },
      {
        "state": "VIC",
        "price": "3000",
        "price_per_unit": "6250",
        "price_unit": "KG"
      },
      {
        "state": "QLD",
        "price": "3000",
        "price_per_unit": "6250",
        "price_unit": "KG"
      },
      {
        "state": "SA",
        "price": "3000",
        "price_per_unit": "6250",
        "price_unit": "KG"
      },
      {
        "state": "TAS",
        "price": "3000",
        "price_per_unit": "6250",
        "price_unit": "KG"
      },
      {
        "state": "ACT",
        "price": "3000",
        "price_per_unit": "6250",
        "price_unit": "KG"
      },
      {
        "state": "NT",
        "price": "3150",
        "price_per_unit": "6563",
        "price_unit": "KG"
      }
    ]
  },
  {
    "source_url": "https://www.woolworths.com.au/shop/productdetails/909249/cuddly-in-wash-scent-booster-sunshine-fresh",
    "name": "Cuddly In Wash Scent Booster Sunshine Fresh 240g",
    "image_url": "https://cdn1.woolworths.media/content/wowproductimages/large/909249.jpg",
    "source_id": "Woolworths - 909249",
    "barcode": "8850006951491",
    "shop": "Woolworths",
    "weight": "1KG",
    "prices": [
      {
        "state": "NSW",
        "price": "800",
        "price_per_unit": "3333",
        "price_unit": "KG"
      },
      {
        "state": "VIC",
        "price": "800",
        "price_per_unit": "3333",
        "price_unit": "KG"
      },
      {
        "state": "QLD",
        "price": "800",
        "price_per_unit": "3333",
        "price_unit": "KG"
      },
      {
        "state": "WA",
        "price": "800",
        "price_per_unit": "3333",
        "price_unit": "KG"
      },
      {
        "state": "SA",
        "price": "800",
        "price_per_unit": "3333",
        "price_unit": "KG"
      },
      {
        "state": "TAS",
        "price": "800",
        "price_per_unit": "3333",
        "price_unit": "KG"
      },
      {
        "state": "ACT",
        "price": "800",
        "price_per_unit": "3333",
        "price_unit": "KG"
      },
      {
        "state": "NT",
        "price": "840",
        "price_per_unit": "3500",
        "price_unit": "KG"
      }
    ]
  },
  {
    "source_url": "https://www.woolworths.com.au/shop/productdetails/679254/cuddly-ultra-fabric-softener-aroma-intense-rose",
    "name": "Cuddly Ultra Fabric Softener Aroma Intense Rose 850ml",
    "image_url": "https://cdn1.woolworths.media/content/wowproductimages/large/679254.jpg",
    "source_id": "Woolworths - 679254",
    "barcode": "9300632089376",
    "shop": "Woolworths",
    "weight": "1L",
    "prices": [
      {
        "state": "VIC",
        "price": "1000",
        "price_per_unit": "1176",
        "price_unit": "L"
      },
      {
        "state": "QLD",
        "price": "1000",
        "price_per_unit": "1176",
        "price_unit": "L"
      },
      {
        "state": "WA",
        "price": "1000",
        "price_per_unit": "1176",
        "price_unit": "L"
      },
      {
        "state": "SA",
        "price": "1000",
        "price_per_unit": "1176",
        "price_unit": "L"
      },
      {
        "state": "ACT",
        "price": "1000",
        "price_per_unit": "1176",
        "price_unit": "L"
      },
      {
        "state": "NT",
        "price": "1050",
        "price_per_unit": "1235",
        "price_unit": "L"
      }
    ]
  },
  {
    "source_url": "https://www.woolworths.com.au/shop/productdetails/141173/cuddly-ultra-fabric-softener-care-protect",
    "name": "Cuddly Ultra Fabric Softener Care & Protect 900ml",
    "image_url": "https://cdn1.woolworths.media/content/wowproductimages/large/141173.jpg",
    "source_id": "Woolworths - 141173",
    "barcode": "8850006939130",
    "shop": "Woolworths",
    "weight": "1L",
    "prices": [
      {
        "state": "NSW",
        "price": "500",
        "price_per_unit": "556",
        "price_unit": "L"
      },
      {
        "state": "VIC",
        "price": "500",
        "price_per_unit": "556",
        "price_unit": "L"
      },
      {
        "state": "QLD",
        "price": "500",
        "price_per_unit": "556",
        "price_unit": "L"
      },
      {
        "state": "WA",
        "price": "500",
        "price_per_unit": "556",
        "price_unit": "L"
      },
      {
        "state": "SA",
        "price": "500",
        "price_per_unit": "556",
        "price_unit": "L"
      },
      {
        "state": "TAS",
        "price": "500",
        "price_per_unit": "556",
        "price_unit": "L"
      },
      {
        "state": "ACT",
        "price": "500",
        "price_per_unit": "556",
        "price_unit": "L"
      },
      {
        "state": "NT",
        "price": "500",
        "price_per_unit": "556",
        "price_unit": "L"
      }
    ]
  },
  {
    "source_url": "https://www.woolworths.com.au/shop/productdetails/861574/cuddly-ultra-fabric-softener-japanese-cherry-blossom",
    "name": "Cuddly Ultra Fabric Softener Japanese Cherry Blossom 900ml",
    "image_url": "https://cdn1.woolworths.media/content/wowproductimages/large/861574.jpg",
    "source_id": "Woolworths - 861574",
    "barcode": "9300632086078",
    "shop": "Woolworths",
    "weight": "1L",
    "prices": [
      {
        "state": "NSW",
        "price": "500",
        "price_per_unit": "556",
        "price_unit": "L"
      },
      {
        "state": "VIC",
        "price": "500",
        "price_per_unit": "556",
        "price_unit": "L"
      },
      {
        "state": "QLD",
        "price": "500",
        "price_per_unit": "556",
        "price_unit": "L"
      },
      {
        "state": "WA",
        "price": "500",
        "price_per_unit": "556",
        "price_unit": "L"
      },
      {
        "state": "SA",
        "price": "500",
        "price_per_unit": "556",
        "price_unit": "L"
      },
      {
        "state": "TAS",
        "price": "500",
        "price_per_unit": "556",
        "price_unit": "L"
      },
      {
        "state": "ACT",
        "price": "500",
        "price_per_unit": "556",
        "price_unit": "L"
      },
      {
        "state": "NT",
        "price": "500",
        "price_per_unit": "556",
        "price_unit": "L"
      }
    ]
  },
  {
    "source_url": "https://www.woolworths.com.au/shop/productdetails/205641/cuddly-ultra-fabric-softener-pure-clear-violet",
    "name": "Cuddly Ultra Fabric Softener Pure & Clear Violet 900ml",
    "image_url": "https://cdn1.woolworths.media/content/wowproductimages/large/205641.jpg",
    "source_id": "Woolworths - 205641",
    "barcode": "8850006943557",
    "shop": "Woolworths",
    "weight": "1L",
    "prices": [
      {
        "state": "NSW",
        "price": "500",
        "price_per_unit": "556",
        "price_unit": "L"
      },
      {
        "state": "VIC",
        "price": "500",
        "price_per_unit": "556",
        "price_unit": "L"
      },
      {
        "state": "QLD",
        "price": "500",
        "price_per_unit": "556",
        "price_unit": "L"
      },
      {
        "state": "WA",
        "price": "500",
        "price_per_unit": "556",
        "price_unit": "L"
      },
      {
        "state": "SA",
        "price": "500",
        "price_per_unit": "556",
        "price_unit": "L"
      },
      {
        "state": "TAS",
        "price": "500",
        "price_per_unit": "556",
        "price_unit": "L"
      },
      {
        "state": "ACT",
        "price": "500",
        "price_per_unit": "556",
        "price_unit": "L"
      },
      {
        "state": "NT",
        "price": "500",
        "price_per_unit": "556",
        "price_unit": "L"
      }
    ]
  },
  {
    "source_url": "https://www.woolworths.com.au/shop/productdetails/233130/cuddly-ultra-fabric-softener-refill-classic-fresh",
    "name": "Cuddly Ultra Fabric Softener Refill Classic Fresh 300ml",
    "image_url": "https://cdn1.woolworths.media/content/wowproductimages/large/233130.jpg",
    "source_id": "Woolworths - 233130",
    "barcode": "9300632065776",
    "shop": "Woolworths",
    "weight": "1L",
    "prices": [
      {
        "state": "NSW",
        "price": "400",
        "price_per_unit": "1333",
        "price_unit": "L"
      },
      {
        "state": "VIC",
        "price": "400",
        "price_per_unit": "1333",
        "price_unit": "L"
      },
      {
        "state": "QLD",
        "price": "400",
        "price_per_unit": "1333",
        "price_unit": "L"
      },
      {
        "state": "WA",
        "price": "400",
        "price_per_unit": "1333",
        "price_unit": "L"
      },
      {
        "state": "SA",
        "price": "400",
        "price_per_unit": "1333",
        "price_unit": "L"
      },
      {
        "state": "TAS",
        "price": "400",
        "price_per_unit": "1333",
        "price_unit": "L"
      },
      {
        "state": "ACT",
        "price": "400",
        "price_per_unit": "1333",
        "price_unit": "L"
      },
      {
        "state": "NT",
        "price": "400",
        "price_per_unit": "1333",
        "price_unit": "L"
      }
    ]
  },
  {
    "source_url": "https://www.woolworths.com.au/shop/productdetails/336493/cuddly-ultra-fabric-softener-sensitive",
    "name": "Cuddly Ultra Fabric Softener Sensitive 1l",
    "image_url": "https://cdn1.woolworths.media/content/wowproductimages/large/336493.jpg",
    "source_id": "Woolworths - 336493",
    "barcode": "9300632072750",
    "shop": "Woolworths",
    "weight": "1L",
    "prices": [
      {
        "state": "NSW",
        "price": "1000",
        "price_per_unit": "1000",
        "price_unit": "L"
      },
      {
        "state": "VIC",
        "price": "1000",
        "price_per_unit": "1000",
        "price_unit": "L"
      },
      {
        "state": "QLD",
        "price": "1000",
        "price_per_unit": "1000",
        "price_unit": "L"
      },
      {
        "state": "WA",
        "price": "1000",
        "price_per_unit": "1000",
        "price_unit": "L"
      },
      {
        "state": "SA",
        "price": "1000",
        "price_per_unit": "1000",
        "price_unit": "L"
      },
      {
        "state": "TAS",
        "price": "1000",
        "price_per_unit": "1000",
        "price_unit": "L"
      },
      {
        "state": "ACT",
        "price": "1000",
        "price_per_unit": "1000",
        "price_unit": "L"
      },
      {
        "state": "NT",
        "price": "1050",
        "price_per_unit": "1050",
        "price_unit": "L"
      }
    ]
  },
  {
    "source_url": "https://www.woolworths.com.au/shop/productdetails/759743/cuddly-ultra-fabric-softener-sensitive",
    "name": "Cuddly Ultra Fabric Softener Sensitive 2l",
    "image_url": "https://cdn1.woolworths.media/content/wowproductimages/large/759743.jpg",
    "source_id": "Woolworths - 759743",
    "barcode": "9300632074815",
    "shop": "Woolworths",
    "weight": "1L",
    "prices": [
      {
        "state": "NSW",
        "price": "1100",
        "price_per_unit": "550",
        "price_unit": "L"
      },
      {
        "state": "VIC",
        "price": "1100",
        "price_per_unit": "550",
        "price_unit": "L"
      },
      {
        "state": "QLD",
        "price": "1100",
        "price_per_unit": "550",
        "price_unit": "L"
      },
      {
        "state": "WA",
        "price": "1100",
        "price_per_unit": "550",
        "price_unit": "L"
      },
      {
        "state": "SA",
        "price": "1100",
        "price_per_unit": "550",
        "price_unit": "L"
      },
      {
        "state": "TAS",
        "price": "1100",
        "price_per_unit": "550",
        "price_unit": "L"
      },
      {
        "state": "ACT",
        "price": "1100",
        "price_per_unit": "550",
        "price_unit": "L"
      },
      {
        "state": "NT",
        "price": "1100",
        "price_per_unit": "550",
        "price_unit": "L"
      }
    ]
  },
  {
    "source_url": "https://www.woolworths.com.au/shop/productdetails/336491/cuddly-ultra-fabric-softener-sunshine-fresh",
    "name": "Cuddly Ultra Fabric Softener Sunshine Fresh 1l",
    "image_url": "https://cdn1.woolworths.media/content/wowproductimages/large/336491.jpg",
    "source_id": "Woolworths - 336491",
    "barcode": "9300632072736",
    "shop": "Woolworths",
    "weight": "1L",
    "prices": [
      {
        "state": "NSW",
        "price": "1000",
        "price_per_unit": "1000",
        "price_unit": "L"
      },
      {
        "state": "VIC",
        "price": "1000",
        "price_per_unit": "1000",
        "price_unit": "L"
      },
      {
        "state": "QLD",
        "price": "1000",
        "price_per_unit": "1000",
        "price_unit": "L"
      },
      {
        "state": "WA",
        "price": "1000",
        "price_per_unit": "1000",
        "price_unit": "L"
      },
      {
        "state": "SA",
        "price": "1000",
        "price_per_unit": "1000",
        "price_unit": "L"
      },
      {
        "state": "TAS",
        "price": "1000",
        "price_per_unit": "1000",
        "price_unit": "L"
      },
      {
        "state": "ACT",
        "price": "1000",
        "price_per_unit": "1000",
        "price_unit": "L"
      },
      {
        "state": "NT",
        "price": "1050",
        "price_per_unit": "1050",
        "price_unit": "L"
      }
    ]
  },
  {
    "source_url": "https://www.woolworths.com.au/shop/productdetails/679284/cuddly-ultra-fabric-softener-sunshine-fresh",
    "name": "Cuddly Ultra Fabric Softener Sunshine Fresh 2l",
    "image_url": "https://cdn1.woolworths.media/content/wowproductimages/large/679284.jpg",
    "source_id": "Woolworths - 679284",
    "barcode": "9300632088904",
    "shop": "Woolworths",
    "weight": "1L",
    "prices": [
      {
        "state": "NSW",
        "price": "1100",
        "price_per_unit": "550",
        "price_unit": "L"
      },
      {
        "state": "VIC",
        "price": "1100",
        "price_per_unit": "550",
        "price_unit": "L"
      },
      {
        "state": "QLD",
        "price": "1100",
        "price_per_unit": "550",
        "price_unit": "L"
      },
      {
        "state": "SA",
        "price": "1100",
        "price_per_unit": "550",
        "price_unit": "L"
      },
      {
        "state": "TAS",
        "price": "1100",
        "price_per_unit": "550",
        "price_unit": "L"
      },
      {
        "state": "ACT",
        "price": "1100",
        "price_per_unit": "550",
        "price_unit": "L"
      },
      {
        "state": "NT",
        "price": "1100",
        "price_per_unit": "550",
        "price_unit": "L"
      }
    ]
  },
  {
    "source_url": "https://www.woolworths.com.au/shop/productdetails/1076348670/downy-fabric-softener-april-fresh-5-03-ltr-251-loads",
    "name": "Downy Fabric Softener April Fresh 5.03 Ltr 251 loads",
    "image_url": "https://cdn1.woolworths.media/content/wowproductimages/large/1076348670.jpg",
    "source_id": "Woolworths - 1076348670",
    "barcode": null,
    "shop": "Woolworths",
    "weight": "1L",
    "prices": [
      {
        "state": "NSW",
        "price": "6999",
        "price_per_unit": "1391",
        "price_unit": "L"
      },
      {
        "state": "VIC",
        "price": "6999",
        "price_per_unit": "1391",
        "price_unit": "L"
      }
    ]
  },
  {
    "source_url": "https://www.woolworths.com.au/shop/productdetails/1076335387/downy-fresh-protect-april-fresh-in-wash-scent-booster-963g",
    "name": "Downy Fresh Protect April Fresh in Wash Scent Booster 963g",
    "image_url": "https://cdn1.woolworths.media/content/wowproductimages/large/1076335387.jpg",
    "source_id": "Woolworths - 1076335387",
    "barcode": null,
    "shop": "Woolworths",
    "weight": "1KG",
    "prices": [
      {
        "state": "NSW",
        "price": "6300",
        "price_per_unit": "6542",
        "price_unit": "KG"
      },
      {
        "state": "VIC",
        "price": "6300",
        "price_per_unit": "6542",
        "price_unit": "KG"
      }
    ]
  },
  {
    "source_url": "https://www.woolworths.com.au/shop/productdetails/1074487734/downy-unstopables-in-wash-scent-booster-fresh-1-13-kg",
    "name": "Downy Unstopables in Wash Scent Booster Fresh 1.13 kg",
    "image_url": "https://cdn1.woolworths.media/content/wowproductimages/large/1074487734.jpg",
    "source_id": "Woolworths - 1074487734",
    "barcode": null,
    "shop": "Woolworths",
    "weight": "1KG",
    "prices": [
      {
        "state": "NSW",
        "price": "6999",
        "price_per_unit": "6194",
        "price_unit": "KG"
      },
      {
        "state": "VIC",
        "price": "6999",
        "price_per_unit": "6194",
        "price_unit": "KG"
      }
    ]
  },
  {
    "source_url": "https://www.woolworths.com.au/shop/productdetails/1074719171/dryer-balls-naturally-soften-laundry-2pc",
    "name": "Dryer Balls Naturally Soften Laundry 2pc",
    "image_url": "https://cdn1.woolworths.media/content/wowproductimages/large/1074719171.jpg",
    "source_id": "Woolworths - 1074719171",
    "barcode": null,
    "shop": "Woolworths",
    "weight": "1EA",
    "prices": [
      {
        "state": "NSW",
        "price": "2100",
        "price_per_unit": "2100",
        "price_unit": "EA"
      },
      {
        "state": "VIC",
        "price": "2100",
        "price_per_unit": "2100",
        "price_unit": "EA"
      }
    ]
  },
  {
    "source_url": "https://www.woolworths.com.au/shop/productdetails/1074719172/dryer-balls-naturally-soften-laundry-2x-2pc",
    "name": "Dryer Balls Naturally Soften Laundry 2x 2pc",
    "image_url": "https://cdn1.woolworths.media/content/wowproductimages/large/1074719172.jpg",
    "source_id": "Woolworths - 1074719172",
    "barcode": null,
    "shop": "Woolworths",
    "weight": "1EA",
    "prices": [
      {
        "state": "NSW",
        "price": "2400",
        "price_per_unit": "1200",
        "price_unit": "EA"
      },
      {
        "state": "VIC",
        "price": "2400",
        "price_per_unit": "1200",
        "price_unit": "EA"
      }
    ]
  },
  {
    "source_url": "https://www.woolworths.com.au/shop/productdetails/255373/earth-choice-fabric-softener",
    "name": "Earth Choice Fabric Softener 1l",
    "image_url": "https://cdn1.woolworths.media/content/wowproductimages/large/255373.jpg",
    "source_id": "Woolworths - 255373",
    "barcode": "9310692151111",
    "shop": "Woolworths",
    "weight": "1L",
    "prices": [
      {
        "state": "NSW",
        "price": "250",
        "price_per_unit": "250",
        "price_unit": "L"
      },
      {
        "state": "VIC",
        "price": "250",
        "price_per_unit": "250",
        "price_unit": "L"
      },
      {
        "state": "QLD",
        "price": "250",
        "price_per_unit": "250",
        "price_unit": "L"
      },
      {
        "state": "WA",
        "price": "250",
        "price_per_unit": "250",
        "price_unit": "L"
      },
      {
        "state": "SA",
        "price": "250",
        "price_per_unit": "250",
        "price_unit": "L"
      },
      {
        "state": "TAS",
        "price": "250",
        "price_per_unit": "250",
        "price_unit": "L"
      },
      {
        "state": "ACT",
        "price": "250",
        "price_per_unit": "250",
        "price_unit": "L"
      },
      {
        "state": "NT",
        "price": "250",
        "price_per_unit": "250",
        "price_unit": "L"
      }
    ]
  },
  {
    "source_url": "https://www.woolworths.com.au/shop/productdetails/63878/earth-choice-wool-wash",
    "name": "Earth Choice Wool Wash 1l",
    "image_url": "https://cdn1.woolworths.media/content/wowproductimages/large/063878.jpg",
    "source_id": "Woolworths - 63878",
    "barcode": "9310692123118",
    "shop": "Woolworths",
    "weight": "1L",
    "prices": [
      {
        "state": "NSW",
        "price": "260",
        "price_per_unit": "260",
        "price_unit": "L"
      },
      {
        "state": "VIC",
        "price": "260",
        "price_per_unit": "260",
        "price_unit": "L"
      },
      {
        "state": "QLD",
        "price": "260",
        "price_per_unit": "260",
        "price_unit": "L"
      },
      {
        "state": "WA",
        "price": "260",
        "price_per_unit": "260",
        "price_unit": "L"
      },
      {
        "state": "SA",
        "price": "260",
        "price_per_unit": "260",
        "price_unit": "L"
      },
      {
        "state": "TAS",
        "price": "260",
        "price_per_unit": "260",
        "price_unit": "L"
      },
      {
        "state": "ACT",
        "price": "260",
        "price_per_unit": "260",
        "price_unit": "L"
      },
      {
        "state": "NT",
        "price": "260",
        "price_per_unit": "260",
        "price_unit": "L"
      }
    ]
  },
  {
    "source_url": "https://www.woolworths.com.au/shop/productdetails/905822/earth-rescue-in-wash-scent-booster-cherry-blossom",
    "name": "Earth Rescue In Wash Scent Booster Cherry Blossom 200g",
    "image_url": "https://cdn1.woolworths.media/content/wowproductimages/large/905822.jpg",
    "source_id": "Woolworths - 905822",
    "barcode": "9322596011187",
    "shop": "Woolworths",
    "weight": "1KG",
    "prices": [
      {
        "state": "NSW",
        "price": "1200",
        "price_per_unit": "6000",
        "price_unit": "KG"
      },
      {
        "state": "VIC",
        "price": "1200",
        "price_per_unit": "6000",
        "price_unit": "KG"
      },
      {
        "state": "QLD",
        "price": "1200",
        "price_per_unit": "6000",
        "price_unit": "KG"
      },
      {
        "state": "WA",
        "price": "1200",
        "price_per_unit": "6000",
        "price_unit": "KG"
      },
      {
        "state": "SA",
        "price": "1200",
        "price_per_unit": "6000",
        "price_unit": "KG"
      },
      {
        "state": "TAS",
        "price": "1200",
        "price_per_unit": "6000",
        "price_unit": "KG"
      },
      {
        "state": "ACT",
        "price": "1200",
        "price_per_unit": "6000",
        "price_unit": "KG"
      }
    ]
  },
  {
    "source_url": "https://www.woolworths.com.au/shop/productdetails/905793/earth-rescue-in-wash-scent-booster-tropical-crush",
    "name": "Earth Rescue In-Wash Scent Booster Tropical Crush 200g",
    "image_url": "https://cdn1.woolworths.media/content/wowproductimages/large/905793.jpg",
    "source_id": "Woolworths - 905793",
    "barcode": "9322596011194",
    "shop": "Woolworths",
    "weight": "1KG",
    "prices": [
      {
        "state": "NSW",
        "price": "1200",
        "price_per_unit": "6000",
        "price_unit": "KG"
      },
      {
        "state": "VIC",
        "price": "1200",
        "price_per_unit": "6000",
        "price_unit": "KG"
      },
      {
        "state": "QLD",
        "price": "1200",
        "price_per_unit": "6000",
        "price_unit": "KG"
      },
      {
        "state": "WA",
        "price": "1200",
        "price_per_unit": "6000",
        "price_unit": "KG"
      },
      {
        "state": "SA",
        "price": "1200",
        "price_per_unit": "6000",
        "price_unit": "KG"
      },
      {
        "state": "TAS",
        "price": "1200",
        "price_per_unit": "6000",
        "price_unit": "KG"
      },
      {
        "state": "ACT",
        "price": "1200",
        "price_per_unit": "6000",
        "price_unit": "KG"
      }
    ]
  },
  {
    "source_url": "https://www.woolworths.com.au/shop/productdetails/1074129187/envirocare-earth-fabric-conditioner-softener-1l-2-pack",
    "name": "envirocare earth Fabric Conditioner - Softener 1L 2 pack",
    "image_url": "https://cdn1.woolworths.media/content/wowproductimages/large/1074129187.jpg",
    "source_id": "Woolworths - 1074129187",
    "barcode": null,
    "shop": "Woolworths",
    "weight": "1L",
    "prices": [
      {
        "state": "NSW",
        "price": "3210",
        "price_per_unit": "1605",
        "price_unit": "L"
      },
      {
        "state": "VIC",
        "price": "3210",
        "price_per_unit": "1605",
        "price_unit": "L"
      }
    ]
  },
  {
    "source_url": "https://www.woolworths.com.au/shop/productdetails/1074129188/envirocare-earth-fabric-conditioner-softener-5l",
    "name": "envirocare earth Fabric Conditioner - Softener 5L",
    "image_url": "https://cdn1.woolworths.media/content/wowproductimages/large/1074129188.jpg",
    "source_id": "Woolworths - 1074129188",
    "barcode": null,
    "shop": "Woolworths",
    "weight": "1L",
    "prices": [
      {
        "state": "NSW",
        "price": "5130",
        "price_per_unit": "1026",
        "price_unit": "L"
      },
      {
        "state": "VIC",
        "price": "5130",
        "price_per_unit": "1026",
        "price_unit": "L"
      }
    ]
  },
  {
    "source_url": "https://www.woolworths.com.au/shop/productdetails/1074129189/envirocare-earth-fabric-conditioner-softener-with-tap-15l",
    "name": "envirocare earth Fabric Conditioner - Softener with TAP 15L",
    "image_url": "https://cdn1.woolworths.media/content/wowproductimages/large/1074129189.jpg",
    "source_id": "Woolworths - 1074129189",
    "barcode": null,
    "shop": "Woolworths",
    "weight": "1L",
    "prices": [
      {
        "state": "NSW",
        "price": "12385",
        "price_per_unit": "826",
        "price_unit": "L"
      },
      {
        "state": "VIC",
        "price": "12385",
        "price_per_unit": "826",
        "price_unit": "L"
      }
    ]
  },
  {
    "source_url": "https://www.woolworths.com.au/shop/productdetails/32224/fabulon-starch-trigger-aid-trigger-spray",
    "name": "Fabulon Starch Trigger 500mL",
    "image_url": "https://cdn1.woolworths.media/content/wowproductimages/large/032224.jpg",
    "source_id": "Woolworths - 32224",
    "barcode": "9310045403041",
    "shop": "Woolworths",
    "weight": "1L",
    "prices": [
      {
        "state": "NSW",
        "price": "1050",
        "price_per_unit": "2100",
        "price_unit": "L"
      },
      {
        "state": "VIC",
        "price": "1050",
        "price_per_unit": "2100",
        "price_unit": "L"
      },
      {
        "state": "QLD",
        "price": "1050",
        "price_per_unit": "2100",
        "price_unit": "L"
      },
      {
        "state": "WA",
        "price": "1050",
        "price_per_unit": "2100",
        "price_unit": "L"
      },
      {
        "state": "SA",
        "price": "1050",
        "price_per_unit": "2100",
        "price_unit": "L"
      },
      {
        "state": "TAS",
        "price": "1050",
        "price_per_unit": "2100",
        "price_unit": "L"
      },
      {
        "state": "ACT",
        "price": "1050",
        "price_per_unit": "2100",
        "price_unit": "L"
      },
      {
        "state": "NT",
        "price": "1100",
        "price_per_unit": "2200",
        "price_unit": "L"
      }
    ]
  },
  {
    "source_url": "https://www.woolworths.com.au/shop/productdetails/1075003398/febreze-ambi-pur-fabric-spray-blossom-breeze-370ml-pack-2",
    "name": "Febreze Ambi Pur Fabric Spray Blossom Breeze 370mL Pack 2",
    "image_url": "https://cdn1.woolworths.media/content/wowproductimages/large/1075003398.jpg",
    "source_id": "Woolworths - 1075003398",
    "barcode": null,
    "shop": "Woolworths",
    "weight": "1EA",
    "prices": [
      {
        "state": "NSW",
        "price": "2995",
        "price_per_unit": "1498",
        "price_unit": "EA"
      },
      {
        "state": "VIC",
        "price": "2995",
        "price_per_unit": "1498",
        "price_unit": "EA"
      }
    ]
  },
  {
    "source_url": "https://www.woolworths.com.au/shop/productdetails/742660/febreze-fabric-refresher-extra-strength",
    "name": "Febreze Fabric Refresher Extra Strength 370ml",
    "image_url": "https://cdn1.woolworths.media/content/wowproductimages/large/742660.jpg",
    "source_id": "Woolworths - 742660",
    "barcode": "4902430766463",
    "shop": "Woolworths",
    "weight": "1L",
    "prices": [
      {
        "state": "NSW",
        "price": "500",
        "price_per_unit": "1351",
        "price_unit": "L"
      },
      {
        "state": "VIC",
        "price": "500",
        "price_per_unit": "1351",
        "price_unit": "L"
      },
      {
        "state": "QLD",
        "price": "500",
        "price_per_unit": "1351",
        "price_unit": "L"
      },
      {
        "state": "WA",
        "price": "500",
        "price_per_unit": "1351",
        "price_unit": "L"
      },
      {
        "state": "SA",
        "price": "500",
        "price_per_unit": "1351",
        "price_unit": "L"
      },
      {
        "state": "TAS",
        "price": "500",
        "price_per_unit": "1351",
        "price_unit": "L"
      },
      {
        "state": "ACT",
        "price": "500",
        "price_per_unit": "1351",
        "price_unit": "L"
      },
      {
        "state": "NT",
        "price": "515",
        "price_per_unit": "1392",
        "price_unit": "L"
      }
    ]
  },
  {
    "source_url": "https://www.woolworths.com.au/shop/productdetails/317201/fluffy-fabric-softener-dryer-sheets-f-flowers",
    "name": "Fluffy Fabric Softener Dryer Sheets f/Flowers 40 Pack",
    "image_url": "https://cdn1.woolworths.media/content/wowproductimages/large/317201.jpg",
    "source_id": "Woolworths - 317201",
    "barcode": "9300632070480",
    "shop": "Woolworths",
    "weight": "1EA",
    "prices": [
      {
        "state": "NSW",
        "price": "750",
        "price_per_unit": "19",
        "price_unit": "EA"
      },
      {
        "state": "VIC",
        "price": "750",
        "price_per_unit": "19",
        "price_unit": "EA"
      },
      {
        "state": "QLD",
        "price": "750",
        "price_per_unit": "19",
        "price_unit": "EA"
      },
      {
        "state": "WA",
        "price": "750",
        "price_per_unit": "19",
        "price_unit": "EA"
      },
      {
        "state": "SA",
        "price": "750",
        "price_per_unit": "19",
        "price_unit": "EA"
      },
      {
        "state": "TAS",
        "price": "750",
        "price_per_unit": "19",
        "price_unit": "EA"
      },
      {
        "state": "ACT",
        "price": "750",
        "price_per_unit": "19",
        "price_unit": "EA"
      },
      {
        "state": "NT",
        "price": "750",
        "price_per_unit": "19",
        "price_unit": "EA"
      }
    ]
  },
  {
    "source_url": "https://www.woolworths.com.au/shop/productdetails/140957/fluffy-fabric-softener-freshen-up-spray-breeze",
    "name": "Fluffy Fabric Softener Freshen Up Spray Breeze 400ml",
    "image_url": "https://cdn1.woolworths.media/content/wowproductimages/large/140957.jpg",
    "source_id": "Woolworths - 140957",
    "barcode": "8850006938676",
    "shop": "Woolworths",
    "weight": "1L",
    "prices": [
      {
        "state": "WA",
        "price": "525",
        "price_per_unit": "1313",
        "price_unit": "L"
      },
      {
        "state": "SA",
        "price": "525",
        "price_per_unit": "1313",
        "price_unit": "L"
      },
      {
        "state": "TAS",
        "price": "525",
        "price_per_unit": "1313",
        "price_unit": "L"
      },
      {
        "state": "NT",
        "price": "550",
        "price_per_unit": "1375",
        "price_unit": "L"
      }
    ]
  },
  {
    "source_url": "https://www.woolworths.com.au/shop/productdetails/233124/fluffy-fabric-softener-summer-breeze",
    "name": "Fluffy Fabric Softener Summer Breeze 2l",
    "image_url": "https://cdn1.woolworths.media/content/wowproductimages/large/233124.jpg",
    "source_id": "Woolworths - 233124",
    "barcode": "9300632065844",
    "shop": "Woolworths",
    "weight": "1L",
    "prices": [
      {
        "state": "NSW",
        "price": "700",
        "price_per_unit": "350",
        "price_unit": "L"
      },
      {
        "state": "VIC",
        "price": "700",
        "price_per_unit": "350",
        "price_unit": "L"
      },
      {
        "state": "QLD",
        "price": "700",
        "price_per_unit": "350",
        "price_unit": "L"
      },
      {
        "state": "WA",
        "price": "700",
        "price_per_unit": "350",
        "price_unit": "L"
      },
      {
        "state": "SA",
        "price": "700",
        "price_per_unit": "350",
        "price_unit": "L"
      },
      {
        "state": "TAS",
        "price": "700",
        "price_per_unit": "350",
        "price_unit": "L"
      },
      {
        "state": "ACT",
        "price": "700",
        "price_per_unit": "350",
        "price_unit": "L"
      },
      {
        "state": "NT",
        "price": "700",
        "price_per_unit": "350",
        "price_unit": "L"
      }
    ]
  },
  {
    "source_url": "https://www.woolworths.com.au/shop/productdetails/266927/fluffy-in-wash-scent-booster-cloud-nine",
    "name": "Fluffy In-Wash Scent Booster Cloud Nine 500g",
    "image_url": "https://cdn1.woolworths.media/content/wowproductimages/large/266927.jpg",
    "source_id": "Woolworths - 266927",
    "barcode": "8850006948132",
    "shop": "Woolworths",
    "weight": "1KG",
    "prices": [
      {
        "state": "NSW",
        "price": "2400",
        "price_per_unit": "4800",
        "price_unit": "KG"
      },
      {
        "state": "VIC",
        "price": "2400",
        "price_per_unit": "4800",
        "price_unit": "KG"
      },
      {
        "state": "QLD",
        "price": "2400",
        "price_per_unit": "4800",
        "price_unit": "KG"
      },
      {
        "state": "WA",
        "price": "2400",
        "price_per_unit": "4800",
        "price_unit": "KG"
      },
      {
        "state": "SA",
        "price": "2400",
        "price_per_unit": "4800",
        "price_unit": "KG"
      },
      {
        "state": "TAS",
        "price": "2400",
        "price_per_unit": "4800",
        "price_unit": "KG"
      },
      {
        "state": "ACT",
        "price": "2400",
        "price_per_unit": "4800",
        "price_unit": "KG"
      },
      {
        "state": "NT",
        "price": "2480",
        "price_per_unit": "4960",
        "price_unit": "KG"
      }
    ]
  },
  {
    "source_url": "https://www.woolworths.com.au/shop/productdetails/267052/fluffy-in-wash-scent-booster-spice-allure",
    "name": "Fluffy In-Wash Scent Booster Spice Allure 500g",
    "image_url": "https://cdn1.woolworths.media/content/wowproductimages/large/267052.jpg",
    "source_id": "Woolworths - 267052",
    "barcode": "8850006948149",
    "shop": "Woolworths",
    "weight": "1KG",
    "prices": [
      {
        "state": "NSW",
        "price": "2400",
        "price_per_unit": "4800",
        "price_unit": "KG"
      },
      {
        "state": "VIC",
        "price": "2400",
        "price_per_unit": "4800",
        "price_unit": "KG"
      },
      {
        "state": "QLD",
        "price": "2400",
        "price_per_unit": "4800",
        "price_unit": "KG"
      },
      {
        "state": "WA",
        "price": "2400",
        "price_per_unit": "4800",
        "price_unit": "KG"
      },
      {
        "state": "SA",
        "price": "2400",
        "price_per_unit": "4800",
        "price_unit": "KG"
      },
      {
        "state": "ACT",
        "price": "2400",
        "price_per_unit": "4800",
        "price_unit": "KG"
      },
      {
        "state": "NT",
        "price": "2480",
        "price_per_unit": "4960",
        "price_unit": "KG"
      }
    ]
  },
  {
    "source_url": "https://www.woolworths.com.au/shop/productdetails/206387/fluffy-in-wash-scent-booster-wonderland",
    "name": "Fluffy In-Wash Scent Booster Wonderland 250g",
    "image_url": "https://cdn1.woolworths.media/content/wowproductimages/large/206387.jpg",
    "source_id": "Woolworths - 206387",
    "barcode": "8850006946213",
    "shop": "Woolworths",
    "weight": "1KG",
    "prices": [
      {
        "state": "NSW",
        "price": "1600",
        "price_per_unit": "6400",
        "price_unit": "KG"
      },
      {
        "state": "VIC",
        "price": "1600",
        "price_per_unit": "6400",
        "price_unit": "KG"
      },
      {
        "state": "QLD",
        "price": "1600",
        "price_per_unit": "6400",
        "price_unit": "KG"
      },
      {
        "state": "WA",
        "price": "1600",
        "price_per_unit": "6400",
        "price_unit": "KG"
      },
      {
        "state": "SA",
        "price": "1600",
        "price_per_unit": "6400",
        "price_unit": "KG"
      },
      {
        "state": "TAS",
        "price": "1600",
        "price_per_unit": "6400",
        "price_unit": "KG"
      },
      {
        "state": "ACT",
        "price": "1600",
        "price_per_unit": "6400",
        "price_unit": "KG"
      },
      {
        "state": "NT",
        "price": "1600",
        "price_per_unit": "6400",
        "price_unit": "KG"
      }
    ]
  },
  {
    "source_url": "https://www.woolworths.com.au/shop/productdetails/759725/fluffy-ultra-fabric-softener-divine-blends-lotus-sea-minerals",
    "name": "Fluffy Ultra Fabric Softener Divine Blends Lotus & Sea Minerals 900mL",
    "image_url": "https://cdn1.woolworths.media/content/wowproductimages/large/759725.jpg",
    "source_id": "Woolworths - 759725",
    "barcode": "9300632082674",
    "shop": "Woolworths",
    "weight": "1L",
    "prices": [
      {
        "state": "NSW",
        "price": "630",
        "price_per_unit": "700",
        "price_unit": "L"
      },
      {
        "state": "VIC",
        "price": "630",
        "price_per_unit": "700",
        "price_unit": "L"
      },
      {
        "state": "QLD",
        "price": "630",
        "price_per_unit": "700",
        "price_unit": "L"
      },
      {
        "state": "WA",
        "price": "630",
        "price_per_unit": "700",
        "price_unit": "L"
      },
      {
        "state": "SA",
        "price": "630",
        "price_per_unit": "700",
        "price_unit": "L"
      },
      {
        "state": "TAS",
        "price": "630",
        "price_per_unit": "700",
        "price_unit": "L"
      },
      {
        "state": "ACT",
        "price": "630",
        "price_per_unit": "700",
        "price_unit": "L"
      },
      {
        "state": "NT",
        "price": "650",
        "price_per_unit": "722",
        "price_unit": "L"
      }
    ]
  },
  {
    "source_url": "https://www.woolworths.com.au/shop/productdetails/85832/fluffy-ultra-fabric-softener-jade-shimmer-ltd-edition",
    "name": "Fluffy Ultra Fabric Softener Jade Shimmer Ltd. Edition 1l",
    "image_url": "https://cdn1.woolworths.media/content/wowproductimages/large/085832.jpg",
    "source_id": "Woolworths - 85832",
    "barcode": "8850006934609",
    "shop": "Woolworths",
    "weight": "1L",
    "prices": [
      {
        "state": "NSW",
        "price": "630",
        "price_per_unit": "630",
        "price_unit": "L"
      },
      {
        "state": "VIC",
        "price": "630",
        "price_per_unit": "630",
        "price_unit": "L"
      },
      {
        "state": "QLD",
        "price": "630",
        "price_per_unit": "630",
        "price_unit": "L"
      },
      {
        "state": "WA",
        "price": "630",
        "price_per_unit": "630",
        "price_unit": "L"
      },
      {
        "state": "SA",
        "price": "630",
        "price_per_unit": "630",
        "price_unit": "L"
      },
      {
        "state": "TAS",
        "price": "630",
        "price_per_unit": "630",
        "price_unit": "L"
      },
      {
        "state": "ACT",
        "price": "630",
        "price_per_unit": "630",
        "price_unit": "L"
      },
      {
        "state": "NT",
        "price": "650",
        "price_per_unit": "650",
        "price_unit": "L"
      }
    ]
  },
  {
    "source_url": "https://www.woolworths.com.au/shop/productdetails/255411/fluffy-ultra-fabric-softener-refill-summer-breeze",
    "name": "Fluffy Ultra Fabric Softener Refill Summer Breeze 250ml",
    "image_url": "https://cdn1.woolworths.media/content/wowproductimages/large/255411.jpg",
    "source_id": "Woolworths - 255411",
    "barcode": "9300632067398",
    "shop": "Woolworths",
    "weight": "1L",
    "prices": [
      {
        "state": "NSW",
        "price": "250",
        "price_per_unit": "1000",
        "price_unit": "L"
      },
      {
        "state": "VIC",
        "price": "250",
        "price_per_unit": "1000",
        "price_unit": "L"
      },
      {
        "state": "QLD",
        "price": "250",
        "price_per_unit": "1000",
        "price_unit": "L"
      },
      {
        "state": "WA",
        "price": "250",
        "price_per_unit": "1000",
        "price_unit": "L"
      },
      {
        "state": "SA",
        "price": "250",
        "price_per_unit": "1000",
        "price_unit": "L"
      },
      {
        "state": "TAS",
        "price": "250",
        "price_per_unit": "1000",
        "price_unit": "L"
      },
      {
        "state": "ACT",
        "price": "250",
        "price_per_unit": "1000",
        "price_unit": "L"
      },
      {
        "state": "NT",
        "price": "250",
        "price_per_unit": "1000",
        "price_unit": "L"
      }
    ]
  },
  {
    "source_url": "https://www.woolworths.com.au/shop/productdetails/700563/fluffy-ultra-fabric-softener-spice-allure",
    "name": "Fluffy Ultra Fabric Softener Spice Allure 1l",
    "image_url": "https://cdn1.woolworths.media/content/wowproductimages/large/700563.jpg",
    "source_id": "Woolworths - 700563",
    "barcode": "9300632076307",
    "shop": "Woolworths",
    "weight": "1L",
    "prices": [
      {
        "state": "NSW",
        "price": "630",
        "price_per_unit": "630",
        "price_unit": "L"
      },
      {
        "state": "VIC",
        "price": "630",
        "price_per_unit": "630",
        "price_unit": "L"
      },
      {
        "state": "QLD",
        "price": "630",
        "price_per_unit": "630",
        "price_unit": "L"
      },
      {
        "state": "WA",
        "price": "630",
        "price_per_unit": "630",
        "price_unit": "L"
      },
      {
        "state": "SA",
        "price": "630",
        "price_per_unit": "630",
        "price_unit": "L"
      },
      {
        "state": "TAS",
        "price": "630",
        "price_per_unit": "630",
        "price_unit": "L"
      },
      {
        "state": "ACT",
        "price": "630",
        "price_per_unit": "630",
        "price_unit": "L"
      },
      {
        "state": "NT",
        "price": "650",
        "price_per_unit": "650",
        "price_unit": "L"
      }
    ]
  },
  {
    "source_url": "https://www.woolworths.com.au/shop/productdetails/679255/fluffy-ultra-fabric-softener-spice-allure",
    "name": "Fluffy Ultra Fabric Softener Spice Allure 2l",
    "image_url": "https://cdn1.woolworths.media/content/wowproductimages/large/679255.jpg",
    "source_id": "Woolworths - 679255",
    "barcode": "9300632089451",
    "shop": "Woolworths",
    "weight": "1L",
    "prices": [
      {
        "state": "NSW",
        "price": "1500",
        "price_per_unit": "750",
        "price_unit": "L"
      },
      {
        "state": "VIC",
        "price": "1500",
        "price_per_unit": "750",
        "price_unit": "L"
      },
      {
        "state": "QLD",
        "price": "1500",
        "price_per_unit": "750",
        "price_unit": "L"
      },
      {
        "state": "WA",
        "price": "1500",
        "price_per_unit": "750",
        "price_unit": "L"
      },
      {
        "state": "SA",
        "price": "1500",
        "price_per_unit": "750",
        "price_unit": "L"
      },
      {
        "state": "ACT",
        "price": "1500",
        "price_per_unit": "750",
        "price_unit": "L"
      },
      {
        "state": "NT",
        "price": "1570",
        "price_per_unit": "785",
        "price_unit": "L"
      }
    ]
  },
  {
    "source_url": "https://www.woolworths.com.au/shop/productdetails/336488/fluffy-ultra-fabric-softener-summer-breeze",
    "name": "Fluffy Ultra Fabric Softener Summer Breeze 1l",
    "image_url": "https://cdn1.woolworths.media/content/wowproductimages/large/336488.jpg",
    "source_id": "Woolworths - 336488",
    "barcode": "9300632072798",
    "shop": "Woolworths",
    "weight": "1L",
    "prices": [
      {
        "state": "NSW",
        "price": "630",
        "price_per_unit": "630",
        "price_unit": "L"
      },
      {
        "state": "VIC",
        "price": "630",
        "price_per_unit": "630",
        "price_unit": "L"
      },
      {
        "state": "QLD",
        "price": "630",
        "price_per_unit": "630",
        "price_unit": "L"
      },
      {
        "state": "WA",
        "price": "630",
        "price_per_unit": "630",
        "price_unit": "L"
      },
      {
        "state": "SA",
        "price": "630",
        "price_per_unit": "630",
        "price_unit": "L"
      },
      {
        "state": "TAS",
        "price": "630",
        "price_per_unit": "630",
        "price_unit": "L"
      },
      {
        "state": "ACT",
        "price": "630",
        "price_per_unit": "630",
        "price_unit": "L"
      },
      {
        "state": "NT",
        "price": "650",
        "price_per_unit": "650",
        "price_unit": "L"
      }
    ]
  },
  {
    "source_url": "https://www.woolworths.com.au/shop/productdetails/863045/fluffy-ultra-fabric-softener-vanilla-coconut",
    "name": "Fluffy Ultra Fabric Softener Vanilla & Coconut 1.9l",
    "image_url": "https://cdn1.woolworths.media/content/wowproductimages/large/863045.jpg",
    "source_id": "Woolworths - 863045",
    "barcode": "8850006931691",
    "shop": "Woolworths",
    "weight": "1L",
    "prices": [
      {
        "state": "NSW",
        "price": "1500",
        "price_per_unit": "789",
        "price_unit": "L"
      },
      {
        "state": "VIC",
        "price": "1500",
        "price_per_unit": "789",
        "price_unit": "L"
      },
      {
        "state": "QLD",
        "price": "1500",
        "price_per_unit": "789",
        "price_unit": "L"
      },
      {
        "state": "WA",
        "price": "1500",
        "price_per_unit": "789",
        "price_unit": "L"
      },
      {
        "state": "SA",
        "price": "1500",
        "price_per_unit": "789",
        "price_unit": "L"
      },
      {
        "state": "TAS",
        "price": "1500",
        "price_per_unit": "789",
        "price_unit": "L"
      },
      {
        "state": "ACT",
        "price": "1500",
        "price_per_unit": "789",
        "price_unit": "L"
      },
      {
        "state": "NT",
        "price": "1570",
        "price_per_unit": "826",
        "price_unit": "L"
      }
    ]
  },
  {
    "source_url": "https://www.woolworths.com.au/shop/productdetails/785104/fluffy-ultra-fabric-softener-vanilla-coconut",
    "name": "Fluffy Ultra Fabric Softener Vanilla & Coconut 900ml",
    "image_url": "https://cdn1.woolworths.media/content/wowproductimages/large/785104.jpg",
    "source_id": "Woolworths - 785104",
    "barcode": "9300632084173",
    "shop": "Woolworths",
    "weight": "1L",
    "prices": [
      {
        "state": "NSW",
        "price": "630",
        "price_per_unit": "700",
        "price_unit": "L"
      },
      {
        "state": "VIC",
        "price": "630",
        "price_per_unit": "700",
        "price_unit": "L"
      },
      {
        "state": "QLD",
        "price": "630",
        "price_per_unit": "700",
        "price_unit": "L"
      },
      {
        "state": "WA",
        "price": "630",
        "price_per_unit": "700",
        "price_unit": "L"
      },
      {
        "state": "SA",
        "price": "630",
        "price_per_unit": "700",
        "price_unit": "L"
      },
      {
        "state": "TAS",
        "price": "630",
        "price_per_unit": "700",
        "price_unit": "L"
      },
      {
        "state": "ACT",
        "price": "630",
        "price_per_unit": "700",
        "price_unit": "L"
      },
      {
        "state": "NT",
        "price": "650",
        "price_per_unit": "722",
        "price_unit": "L"
      }
    ]
  },
  {
    "source_url": "https://www.woolworths.com.au/shop/productdetails/206117/fluffy-ultra-fabric-softener-zenergy-orchid",
    "name": "Fluffy Ultra Fabric Softener Zenergy Orchid 1l",
    "image_url": "https://cdn1.woolworths.media/content/wowproductimages/large/206117.jpg",
    "source_id": "Woolworths - 206117",
    "barcode": "8850006945568",
    "shop": "Woolworths",
    "weight": "1L",
    "prices": [
      {
        "state": "NSW",
        "price": "630",
        "price_per_unit": "630",
        "price_unit": "L"
      },
      {
        "state": "VIC",
        "price": "630",
        "price_per_unit": "630",
        "price_unit": "L"
      },
      {
        "state": "QLD",
        "price": "630",
        "price_per_unit": "630",
        "price_unit": "L"
      },
      {
        "state": "WA",
        "price": "630",
        "price_per_unit": "630",
        "price_unit": "L"
      },
      {
        "state": "SA",
        "price": "630",
        "price_per_unit": "630",
        "price_unit": "L"
      },
      {
        "state": "TAS",
        "price": "630",
        "price_per_unit": "630",
        "price_unit": "L"
      },
      {
        "state": "ACT",
        "price": "630",
        "price_per_unit": "630",
        "price_unit": "L"
      },
      {
        "state": "NT",
        "price": "650",
        "price_per_unit": "650",
        "price_unit": "L"
      }
    ]
  },
  {
    "source_url": "https://www.woolworths.com.au/shop/productdetails/1074419739/grand-fusion-wool-dryer-balls-pack-3",
    "name": "Grand Fusion Wool Dryer Balls Pack 3",
    "image_url": "https://cdn1.woolworths.media/content/wowproductimages/large/1074419739.jpg",
    "source_id": "Woolworths - 1074419739",
    "barcode": null,
    "shop": "Woolworths",
    "weight": "1EA",
    "prices": [
      {
        "state": "NSW",
        "price": "2295",
        "price_per_unit": "2295",
        "price_unit": "EA"
      },
      {
        "state": "VIC",
        "price": "2295",
        "price_per_unit": "2295",
        "price_unit": "EA"
      }
    ]
  },
  {
    "source_url": "https://www.woolworths.com.au/shop/productdetails/1076223636/kikkerland-cactus-dryer-balls-set-of-2-",
    "name": "Kikkerland Cactus Dryer Balls (Set of 2)",
    "image_url": "https://cdn1.woolworths.media/content/wowproductimages/large/1076223636.jpg",
    "source_id": "Woolworths - 1076223636",
    "barcode": null,
    "shop": "Woolworths",
    "weight": "1EA",
    "prices": [
      {
        "state": "NSW",
        "price": "2300",
        "price_per_unit": "2300",
        "price_unit": "EA"
      },
      {
        "state": "VIC",
        "price": "2300",
        "price_per_unit": "2300",
        "price_unit": "EA"
      }
    ]
  },
  {
    "source_url": "https://www.woolworths.com.au/shop/productdetails/1074419783/leifheit-sensitive-air-drying-mat",
    "name": "Leifheit Sensitive Air Drying Mat",
    "image_url": "https://cdn1.woolworths.media/content/wowproductimages/large/1074419783.jpg",
    "source_id": "Woolworths - 1074419783",
    "barcode": null,
    "shop": "Woolworths",
    "weight": "1EA",
    "prices": [
      {
        "state": "NSW",
        "price": "3695",
        "price_per_unit": "3695",
        "price_unit": "EA"
      },
      {
        "state": "VIC",
        "price": "3695",
        "price_per_unit": "3695",
        "price_unit": "EA"
      }
    ]
  },
  {
    "source_url": "https://www.woolworths.com.au/shop/productdetails/1074165422/livingstone-fabric-softener-premium-5l-x2",
    "name": "Livingstone Fabric Softener Premium 5L x2",
    "image_url": "https://cdn1.woolworths.media/content/wowproductimages/large/1074165422.jpg",
    "source_id": "Woolworths - 1074165422",
    "barcode": null,
    "shop": "Woolworths",
    "weight": "1EA",
    "prices": [
      {
        "state": "NSW",
        "price": "10790",
        "price_per_unit": "5395",
        "price_unit": "EA"
      },
      {
        "state": "VIC",
        "price": "10790",
        "price_per_unit": "5395",
        "price_unit": "EA"
      }
    ]
  },
  {
    "source_url": "https://www.woolworths.com.au/shop/productdetails/1075150153/nnevl-washing-machine-stacking-kit-with-pull-out-shelf",
    "name": "NNEVL Washing Machine Stacking Kit with Pull-Out Shelf",
    "image_url": "https://cdn1.woolworths.media/content/wowproductimages/large/1075150153.jpg",
    "source_id": "Woolworths - 1075150153",
    "barcode": null,
    "shop": "Woolworths",
    "weight": "1EA",
    "prices": [
      {
        "state": "NSW",
        "price": "19999",
        "price_per_unit": "19999",
        "price_unit": "EA"
      },
      {
        "state": "VIC",
        "price": "19999",
        "price_per_unit": "19999",
        "price_unit": "EA"
      }
    ]
  },
  {
    "source_url": "https://www.woolworths.com.au/shop/productdetails/1075248983/ozoffer-2pc-xtra-kleen-laundry-dryer-balls-reusable-washing-machine-ball-6-5cm",
    "name": "Ozoffer 2Pc Xtra Kleen Laundry Dryer Balls Reusable Washing Machine Ball 6.5Cm",
    "image_url": "https://cdn1.woolworths.media/content/wowproductimages/large/1075248983.jpg",
    "source_id": "Woolworths - 1075248983",
    "barcode": null,
    "shop": "Woolworths",
    "weight": "1EA",
    "prices": [
      {
        "state": "NSW",
        "price": "2600",
        "price_per_unit": "2600",
        "price_unit": "EA"
      },
      {
        "state": "VIC",
        "price": "2600",
        "price_per_unit": "2600",
        "price_unit": "EA"
      }
    ]
  },
  {
    "source_url": "https://www.woolworths.com.au/shop/productdetails/1075358481/ozoffer-laundry-dryer-balls-with-delicates-wash-bag-5pc-includes-4-x-4-5cm-dia-balls-1-x-bag-40cm-x-50cm",
    "name": "Ozoffer Laundry Dryer Balls With Delicates Wash Bag 5Pc - Includes 4 X 4.5Cm Dia Balls & 1 X Bag 40Cm X 50Cm",
    "image_url": "https://cdn1.woolworths.media/content/wowproductimages/large/1075358481.jpg",
    "source_id": "Woolworths - 1075358481",
    "barcode": null,
    "shop": "Woolworths",
    "weight": "1EA",
    "prices": [
      {
        "state": "NSW",
        "price": "2600",
        "price_per_unit": "2600",
        "price_unit": "EA"
      }
    ]
  },
  {
    "source_url": "https://www.woolworths.com.au/shop/productdetails/1075704211/ozoffer-lenor-tumble-dryer-sheets-spring-awakening-34pack",
    "name": "Ozoffer Lenor Tumble Dryer Sheets Spring Awakening 34Pack",
    "image_url": "https://cdn1.woolworths.media/content/wowproductimages/large/1075704211.jpg",
    "source_id": "Woolworths - 1075704211",
    "barcode": null,
    "shop": "Woolworths",
    "weight": "1EA",
    "prices": [
      {
        "state": "NSW",
        "price": "1569",
        "price_per_unit": "1569",
        "price_unit": "EA"
      }
    ]
  },
  {
    "source_url": "https://www.woolworths.com.au/shop/productdetails/206365/comfort-fabric-conditioner-amber-rose",
    "name": "Comfort Fabric Conditioner Amber & Rose 900ml",
    "image_url": "https://cdn1.woolworths.media/content/wowproductimages/large/206365.jpg",
    "source_id": "Woolworths - 206365",
    "barcode": "8934868164265",
    "shop": "Woolworths",
    "weight": "1L",
    "prices": [
      {
        "state": "VIC",
        "price": "1000",
        "price_per_unit": "1111",
        "price_unit": "L"
      },
      {
        "state": "QLD",
        "price": "1000",
        "price_per_unit": "1111",
        "price_unit": "L"
      },
      {
        "state": "WA",
        "price": "1000",
        "price_per_unit": "1111",
        "price_unit": "L"
      },
      {
        "state": "SA",
        "price": "1000",
        "price_per_unit": "1111",
        "price_unit": "L"
      },
      {
        "state": "ACT",
        "price": "1000",
        "price_per_unit": "1111",
        "price_unit": "L"
      },
      {
        "state": "NT",
        "price": "1050",
        "price_per_unit": "1167",
        "price_unit": "L"
      }
    ]
  },
  {
    "source_url": "https://www.woolworths.com.au/shop/productdetails/206396/comfort-in-wash-scent-booster-classic-fresh",
    "name": "Comfort In-Wash Scent Booster Classic Fresh 200g",
    "image_url": "https://cdn1.woolworths.media/content/wowproductimages/large/206396.jpg",
    "source_id": "Woolworths - 206396",
    "barcode": "8934868162254",
    "shop": "Woolworths",
    "weight": "1KG",
    "prices": [
      {
        "state": "VIC",
        "price": "1400",
        "price_per_unit": "7000",
        "price_unit": "KG"
      },
      {
        "state": "QLD",
        "price": "1400",
        "price_per_unit": "7000",
        "price_unit": "KG"
      },
      {
        "state": "WA",
        "price": "1400",
        "price_per_unit": "7000",
        "price_unit": "KG"
      },
      {
        "state": "SA",
        "price": "1400",
        "price_per_unit": "7000",
        "price_unit": "KG"
      },
      {
        "state": "ACT",
        "price": "1400",
        "price_per_unit": "7000",
        "price_unit": "KG"
      },
      {
        "state": "NT",
        "price": "1400",
        "price_per_unit": "7000",
        "price_unit": "KG"
      }
    ]
  },
  {
    "source_url": "https://www.woolworths.com.au/shop/productdetails/206893/comfort-in-wash-scent-booster-luxury-perfume",
    "name": "Comfort In-Wash Scent Booster Luxury Perfume 200g",
    "image_url": "https://cdn1.woolworths.media/content/wowproductimages/large/206893.jpg",
    "source_id": "Woolworths - 206893",
    "barcode": "8934868162278",
    "shop": "Woolworths",
    "weight": "1KG",
    "prices": [
      {
        "state": "VIC",
        "price": "1400",
        "price_per_unit": "7000",
        "price_unit": "KG"
      },
      {
        "state": "QLD",
        "price": "1400",
        "price_per_unit": "7000",
        "price_unit": "KG"
      },
      {
        "state": "WA",
        "price": "1400",
        "price_per_unit": "7000",
        "price_unit": "KG"
      },
      {
        "state": "SA",
        "price": "1400",
        "price_per_unit": "7000",
        "price_unit": "KG"
      },
      {
        "state": "ACT",
        "price": "1400",
        "price_per_unit": "7000",
        "price_unit": "KG"
      },
      {
        "state": "NT",
        "price": "1400",
        "price_per_unit": "7000",
        "price_unit": "KG"
      }
    ]
  },
  {
    "source_url": "https://www.woolworths.com.au/shop/productdetails/909771/cuddly-coco-cuddles-in-wash-scent-booster",
    "name": "Cuddly Coco Cuddles In-Wash Scent Booster 240g",
    "image_url": "https://cdn1.woolworths.media/content/wowproductimages/large/909771.jpg",
    "source_id": "Woolworths - 909771",
    "barcode": "8850006951507",
    "shop": "Woolworths",
    "weight": "1KG",
    "prices": [
      {
        "state": "VIC",
        "price": "800",
        "price_per_unit": "3333",
        "price_unit": "KG"
      },
      {
        "state": "QLD",
        "price": "800",
        "price_per_unit": "3333",
        "price_unit": "KG"
      },
      {
        "state": "WA",
        "price": "800",
        "price_per_unit": "3333",
        "price_unit": "KG"
      },
      {
        "state": "SA",
        "price": "800",
        "price_per_unit": "3333",
        "price_unit": "KG"
      },
      {
        "state": "ACT",
        "price": "800",
        "price_per_unit": "3333",
        "price_unit": "KG"
      },
      {
        "state": "NT",
        "price": "840",
        "price_per_unit": "3500",
        "price_unit": "KG"
      }
    ]
  },
  {
    "source_url": "https://www.woolworths.com.au/shop/productdetails/149307/cuddly-concentrate-fabric-conditioner-complete-care-wild-rose",
    "name": "Cuddly Concentrate Fabric Conditioner Complete Care Wild Rose 850ml",
    "image_url": "https://cdn1.woolworths.media/content/wowproductimages/large/149307.jpg",
    "source_id": "Woolworths - 149307",
    "barcode": "8850006934272",
    "shop": "Woolworths",
    "weight": "1L",
    "prices": [
      {
        "state": "VIC",
        "price": "500",
        "price_per_unit": "588",
        "price_unit": "L"
      },
      {
        "state": "QLD",
        "price": "500",
        "price_per_unit": "588",
        "price_unit": "L"
      },
      {
        "state": "SA",
        "price": "500",
        "price_per_unit": "588",
        "price_unit": "L"
      },
      {
        "state": "ACT",
        "price": "500",
        "price_per_unit": "588",
        "price_unit": "L"
      },
      {
        "state": "NT",
        "price": "525",
        "price_per_unit": "618",
        "price_unit": "L"
      }
    ]
  },
  {
    "source_url": "https://www.woolworths.com.au/shop/productdetails/613648/cuddly-laundry-in-wash-scent-booster-sunshine-fresh",
    "name": "Cuddly Laundry In-Wash Scent Booster Sunshine Fresh 480g",
    "image_url": "https://cdn1.woolworths.media/content/wowproductimages/large/613648.jpg",
    "source_id": "Woolworths - 613648",
    "barcode": "8850006951514",
    "shop": "Woolworths",
    "weight": "1KG",
    "prices": [
      {
        "state": "VIC",
        "price": "3000",
        "price_per_unit": "6250",
        "price_unit": "KG"
      },
      {
        "state": "QLD",
        "price": "3000",
        "price_per_unit": "6250",
        "price_unit": "KG"
      },
      {
        "state": "WA",
        "price": "3000",
        "price_per_unit": "6250",
        "price_unit": "KG"
      },
      {
        "state": "SA",
        "price": "3000",
        "price_per_unit": "6250",
        "price_unit": "KG"
      },
      {
        "state": "ACT",
        "price": "3000",
        "price_per_unit": "6250",
        "price_unit": "KG"
      },
      {
        "state": "NT",
        "price": "3150",
        "price_per_unit": "6563",
        "price_unit": "KG"
      }
    ]
  },
  {
    "source_url": "https://www.woolworths.com.au/shop/productdetails/86297/cuddly-ultra-fabric-softener-aroma-intense-jasmine",
    "name": "Cuddly Ultra Fabric Softener Aroma Intense Jasmine 850ml",
    "image_url": "https://cdn1.woolworths.media/content/wowproductimages/large/086297.jpg",
    "source_id": "Woolworths - 86297",
    "barcode": "8850006935187",
    "shop": "Woolworths",
    "weight": "1L",
    "prices": [
      {
        "state": "VIC",
        "price": "1000",
        "price_per_unit": "1176",
        "price_unit": "L"
      },
      {
        "state": "QLD",
        "price": "1000",
        "price_per_unit": "1176",
        "price_unit": "L"
      },
      {
        "state": "SA",
        "price": "1000",
        "price_per_unit": "1176",
        "price_unit": "L"
      },
      {
        "state": "ACT",
        "price": "1000",
        "price_per_unit": "1176",
        "price_unit": "L"
      },
      {
        "state": "NT",
        "price": "1050",
        "price_per_unit": "1235",
        "price_unit": "L"
      }
    ]
  },
  {
    "source_url": "https://www.woolworths.com.au/shop/productdetails/598597/cuddly-ultra-fabric-softener-white-lily-frnch-van",
    "name": "Cuddly Ultra Fabric Softener White Lily & Frnch Van 900ml",
    "image_url": "https://cdn1.woolworths.media/content/wowproductimages/large/598597.jpg",
    "source_id": "Woolworths - 598597",
    "barcode": "9300632088638",
    "shop": "Woolworths",
    "weight": "1L",
    "prices": [
      {
        "state": "VIC",
        "price": "500",
        "price_per_unit": "556",
        "price_unit": "L"
      },
      {
        "state": "QLD",
        "price": "500",
        "price_per_unit": "556",
        "price_unit": "L"
      },
      {
        "state": "WA",
        "price": "500",
        "price_per_unit": "556",
        "price_unit": "L"
      },
      {
        "state": "SA",
        "price": "500",
        "price_per_unit": "556",
        "price_unit": "L"
      },
      {
        "state": "ACT",
        "price": "500",
        "price_per_unit": "556",
        "price_unit": "L"
      },
      {
        "state": "NT",
        "price": "500",
        "price_per_unit": "556",
        "price_unit": "L"
      }
    ]
  },
  {
    "source_url": "https://www.woolworths.com.au/shop/productdetails/265565/fluffy-fabric-softener-freshen-up-spray-spice-allure",
    "name": "Fluffy Fabric Softener Freshen Up Spray Spice Allure 400ml",
    "image_url": "https://cdn1.woolworths.media/content/wowproductimages/large/265565.jpg",
    "source_id": "Woolworths - 265565",
    "barcode": "8850006948217",
    "shop": "Woolworths",
    "weight": "1L",
    "prices": [
      {
        "state": "VIC",
        "price": "525",
        "price_per_unit": "1313",
        "price_unit": "L"
      },
      {
        "state": "QLD",
        "price": "525",
        "price_per_unit": "1313",
        "price_unit": "L"
      },
      {
        "state": "SA",
        "price": "525",
        "price_per_unit": "1313",
        "price_unit": "L"
      },
      {
        "state": "ACT",
        "price": "525",
        "price_per_unit": "1313",
        "price_unit": "L"
      },
      {
        "state": "NT",
        "price": "550",
        "price_per_unit": "1375",
        "price_unit": "L"
      }
    ]
  },
  {
    "source_url": "https://www.woolworths.com.au/shop/productdetails/205768/fluffy-in-wash-scent-booster-cloud-nine",
    "name": "Fluffy In-Wash Scent Booster Cloud Nine 250g",
    "image_url": "https://cdn1.woolworths.media/content/wowproductimages/large/205768.jpg",
    "source_id": "Woolworths - 205768",
    "barcode": "8850006946220",
    "shop": "Woolworths",
    "weight": "1KG",
    "prices": [
      {
        "state": "VIC",
        "price": "1600",
        "price_per_unit": "6400",
        "price_unit": "KG"
      },
      {
        "state": "QLD",
        "price": "1600",
        "price_per_unit": "6400",
        "price_unit": "KG"
      },
      {
        "state": "WA",
        "price": "1600",
        "price_per_unit": "6400",
        "price_unit": "KG"
      },
      {
        "state": "SA",
        "price": "1600",
        "price_per_unit": "6400",
        "price_unit": "KG"
      },
      {
        "state": "ACT",
        "price": "1600",
        "price_per_unit": "6400",
        "price_unit": "KG"
      },
      {
        "state": "NT",
        "price": "1600",
        "price_per_unit": "6400",
        "price_unit": "KG"
      }
    ]
  },
  {
    "source_url": "https://www.woolworths.com.au/shop/productdetails/86379/fluffy-ultra-fabric-softener-summer-breeze",
    "name": "Fluffy Ultra Fabric Softener Summer Breeze 2l",
    "image_url": "https://cdn1.woolworths.media/content/wowproductimages/large/086379.jpg",
    "source_id": "Woolworths - 86379",
    "barcode": "8850006935170",
    "shop": "Woolworths",
    "weight": "1L",
    "prices": [
      {
        "state": "VIC",
        "price": "1500",
        "price_per_unit": "750",
        "price_unit": "L"
      },
      {
        "state": "QLD",
        "price": "1500",
        "price_per_unit": "750",
        "price_unit": "L"
      },
      {
        "state": "WA",
        "price": "1500",
        "price_per_unit": "750",
        "price_unit": "L"
      },
      {
        "state": "SA",
        "price": "1500",
        "price_per_unit": "750",
        "price_unit": "L"
      },
      {
        "state": "ACT",
        "price": "1500",
        "price_per_unit": "750",
        "price_unit": "L"
      },
      {
        "state": "NT",
        "price": "1570",
        "price_per_unit": "785",
        "price_unit": "L"
      }
    ]
  },
  {
    "source_url": "https://www.woolworths.com.au/shop/productdetails/656130/ozkleen-prewash-power-fabric-stain-remover-trigger",
    "name": "OzKleen Prewash Power Fabric Stain Remover Trigger 500mL",
    "image_url": "https://cdn1.woolworths.media/content/wowproductimages/large/656130.jpg",
    "source_id": "Woolworths - 656130",
    "barcode": "803678001443",
    "shop": "Woolworths",
    "weight": "1L",
    "prices": [
      {
        "state": "QLD",
        "price": "700",
        "price_per_unit": "1400",
        "price_unit": "L"
      },
      {
        "state": "NT",
        "price": "730",
        "price_per_unit": "1460",
        "price_unit": "L"
      }
    ]
  },
  {
    "source_url": "https://www.woolworths.com.au/shop/productdetails/88869/purity-sensitive-fabric-softener",
    "name": "Purity Sensitive Fabric Softener 2l",
    "image_url": "https://cdn1.woolworths.media/content/wowproductimages/large/088869.jpg",
    "source_id": "Woolworths - 88869",
    "barcode": "9310692911029",
    "shop": "Woolworths",
    "weight": "1L",
    "prices": [
      {
        "state": "QLD",
        "price": "670",
        "price_per_unit": "335",
        "price_unit": "L"
      },
      {
        "state": "WA",
        "price": "670",
        "price_per_unit": "335",
        "price_unit": "L"
      },
      {
        "state": "SA",
        "price": "670",
        "price_per_unit": "335",
        "price_unit": "L"
      },
      {
        "state": "ACT",
        "price": "670",
        "price_per_unit": "335",
        "price_unit": "L"
      },
      {
        "state": "NT",
        "price": "670",
        "price_per_unit": "335",
        "price_unit": "L"
      }
    ]
  },
  {
    "source_url": "https://www.woolworths.com.au/shop/productdetails/117138/refresh-demineralised-water",
    "name": "Refresh Demineralised Water 2l",
    "image_url": "https://cdn1.woolworths.media/content/wowproductimages/large/117138.jpg",
    "source_id": "Woolworths - 117138",
    "barcode": "9324096009022",
    "shop": "Woolworths",
    "weight": "1L",
    "prices": [
      {
        "state": "QLD",
        "price": "230",
        "price_per_unit": "115",
        "price_unit": "L"
      },
      {
        "state": "SA",
        "price": "230",
        "price_per_unit": "115",
        "price_unit": "L"
      },
      {
        "state": "TAS",
        "price": "230",
        "price_per_unit": "115",
        "price_unit": "L"
      },
      {
        "state": "ACT",
        "price": "230",
        "price_per_unit": "115",
        "price_unit": "L"
      },
      {
        "state": "NT",
        "price": "230",
        "price_per_unit": "115",
        "price_unit": "L"
      }
    ]
  },
  {
    "source_url": "https://www.woolworths.com.au/shop/productdetails/909268/resolv-laundry-in-wash-scent-booster",
    "name": "Resolv Laundry In-Wash Scent Booster 200g",
    "image_url": "https://cdn1.woolworths.media/content/wowproductimages/large/909268.jpg",
    "source_id": "Woolworths - 909268",
    "barcode": "9420035619939",
    "shop": "Woolworths",
    "weight": "1KG",
    "prices": [
      {
        "state": "QLD",
        "price": "1150",
        "price_per_unit": "5750",
        "price_unit": "KG"
      },
      {
        "state": "WA",
        "price": "1150",
        "price_per_unit": "5750",
        "price_unit": "KG"
      },
      {
        "state": "SA",
        "price": "1150",
        "price_per_unit": "5750",
        "price_unit": "KG"
      },
      {
        "state": "TAS",
        "price": "1150",
        "price_per_unit": "5750",
        "price_unit": "KG"
      },
      {
        "state": "ACT",
        "price": "1150",
        "price_per_unit": "5750",
        "price_unit": "KG"
      }
    ]
  },
  {
    "source_url": "https://www.woolworths.com.au/shop/productdetails/657182/sard-super-power-stain-remover-powder-soaker",
    "name": "Sard Super Power Stain Remover Powder Soaker 900g",
    "image_url": "https://cdn1.woolworths.media/content/wowproductimages/large/657182.jpg",
    "source_id": "Woolworths - 657182",
    "barcode": "9350376002223",
    "shop": "Woolworths",
    "weight": "1KG",
    "prices": [
      {
        "state": "QLD",
        "price": "1100",
        "price_per_unit": "1222",
        "price_unit": "KG"
      },
      {
        "state": "WA",
        "price": "1100",
        "price_per_unit": "1222",
        "price_unit": "KG"
      },
      {
        "state": "SA",
        "price": "1100",
        "price_per_unit": "1222",
        "price_unit": "KG"
      },
      {
        "state": "TAS",
        "price": "1100",
        "price_per_unit": "1222",
        "price_unit": "KG"
      },
      {
        "state": "ACT",
        "price": "1100",
        "price_per_unit": "1222",
        "price_unit": "KG"
      },
      {
        "state": "NT",
        "price": "1150",
        "price_per_unit": "1278",
        "price_unit": "KG"
      }
    ]
  },
  {
    "source_url": "https://www.woolworths.com.au/shop/productdetails/187133/soften-elegant-night-fabric-softener",
    "name": "Soften Elegant Night Fabric Softener 1l",
    "image_url": "https://cdn1.woolworths.media/content/wowproductimages/large/187133.jpg",
    "source_id": "Woolworths - 187133",
    "barcode": "9339687280100",
    "shop": "Woolworths",
    "weight": "1L",
    "prices": [
      {
        "state": "QLD",
        "price": "420",
        "price_per_unit": "420",
        "price_unit": "L"
      },
      {
        "state": "WA",
        "price": "420",
        "price_per_unit": "420",
        "price_unit": "L"
      },
      {
        "state": "SA",
        "price": "420",
        "price_per_unit": "420",
        "price_unit": "L"
      },
      {
        "state": "TAS",
        "price": "420",
        "price_per_unit": "420",
        "price_unit": "L"
      },
      {
        "state": "ACT",
        "price": "420",
        "price_per_unit": "420",
        "price_unit": "L"
      },
      {
        "state": "NT",
        "price": "420",
        "price_per_unit": "420",
        "price_unit": "L"
      }
    ]
  },
  {
    "source_url": "https://www.woolworths.com.au/shop/productdetails/184417/soften-fabric-conditioner-concentrate-lavender-magnolia",
    "name": "Soften Fabric Conditioner Concentrate Lavender & Magnolia 250mL",
    "image_url": "https://cdn1.woolworths.media/content/wowproductimages/large/184417.jpg",
    "source_id": "Woolworths - 184417",
    "barcode": "9339687276905",
    "shop": "Woolworths",
    "weight": "1L",
    "prices": [
      {
        "state": "QLD",
        "price": "130",
        "price_per_unit": "520",
        "price_unit": "L"
      },
      {
        "state": "WA",
        "price": "130",
        "price_per_unit": "520",
        "price_unit": "L"
      },
      {
        "state": "SA",
        "price": "130",
        "price_per_unit": "520",
        "price_unit": "L"
      },
      {
        "state": "TAS",
        "price": "130",
        "price_per_unit": "520",
        "price_unit": "L"
      },
      {
        "state": "ACT",
        "price": "130",
        "price_per_unit": "520",
        "price_unit": "L"
      },
      {
        "state": "NT",
        "price": "130",
        "price_per_unit": "520",
        "price_unit": "L"
      }
    ]
  },
  {
    "source_url": "https://www.woolworths.com.au/shop/productdetails/184420/soften-fabric-conditioner-lavender-breeze",
    "name": "Soften Fabric Conditioner Lavender Breeze 2l",
    "image_url": "https://cdn1.woolworths.media/content/wowproductimages/large/184420.jpg",
    "source_id": "Woolworths - 184420",
    "barcode": "9339687276929",
    "shop": "Woolworths",
    "weight": "1L",
    "prices": [
      {
        "state": "QLD",
        "price": "300",
        "price_per_unit": "150",
        "price_unit": "L"
      },
      {
        "state": "WA",
        "price": "300",
        "price_per_unit": "150",
        "price_unit": "L"
      },
      {
        "state": "SA",
        "price": "300",
        "price_per_unit": "150",
        "price_unit": "L"
      },
      {
        "state": "TAS",
        "price": "300",
        "price_per_unit": "150",
        "price_unit": "L"
      },
      {
        "state": "ACT",
        "price": "300",
        "price_per_unit": "150",
        "price_unit": "L"
      },
      {
        "state": "NT",
        "price": "300",
        "price_per_unit": "150",
        "price_unit": "L"
      }
    ]
  },
  {
    "source_url": "https://www.woolworths.com.au/shop/productdetails/187132/soften-fabric-conditioner-ocean-fresh",
    "name": "Soften Fabric Conditioner Ocean Fresh 2l",
    "image_url": "https://cdn1.woolworths.media/content/wowproductimages/large/187132.jpg",
    "source_id": "Woolworths - 187132",
    "barcode": "9339687280094",
    "shop": "Woolworths",
    "weight": "1L",
    "prices": [
      {
        "state": "QLD",
        "price": "300",
        "price_per_unit": "150",
        "price_unit": "L"
      },
      {
        "state": "WA",
        "price": "300",
        "price_per_unit": "150",
        "price_unit": "L"
      },
      {
        "state": "SA",
        "price": "300",
        "price_per_unit": "150",
        "price_unit": "L"
      },
      {
        "state": "ACT",
        "price": "300",
        "price_per_unit": "150",
        "price_unit": "L"
      }
    ]
  },
  {
    "source_url": "https://www.woolworths.com.au/shop/productdetails/816219/soften-fabric-softener-sensitive",
    "name": "Soften Fabric Softener Sensitive 2l",
    "image_url": "https://cdn1.woolworths.media/content/wowproductimages/large/816219.jpg",
    "source_id": "Woolworths - 816219",
    "barcode": "9339687074273",
    "shop": "Woolworths",
    "weight": "1L",
    "prices": [
      {
        "state": "QLD",
        "price": "700",
        "price_per_unit": "350",
        "price_unit": "L"
      },
      {
        "state": "WA",
        "price": "700",
        "price_per_unit": "350",
        "price_unit": "L"
      },
      {
        "state": "SA",
        "price": "700",
        "price_per_unit": "350",
        "price_unit": "L"
      },
      {
        "state": "ACT",
        "price": "700",
        "price_per_unit": "350",
        "price_unit": "L"
      },
      {
        "state": "NT",
        "price": "700",
        "price_per_unit": "350",
        "price_unit": "L"
      }
    ]
  },
  {
    "source_url": "https://www.woolworths.com.au/shop/productdetails/187134/soften-serene-moment-fabric-softener",
    "name": "Soften Serene Moment Fabric Softener 1l",
    "image_url": "https://cdn1.woolworths.media/content/wowproductimages/large/187134.jpg",
    "source_id": "Woolworths - 187134",
    "barcode": "9339687280117",
    "shop": "Woolworths",
    "weight": "1L",
    "prices": [
      {
        "state": "QLD",
        "price": "420",
        "price_per_unit": "420",
        "price_unit": "L"
      },
      {
        "state": "TAS",
        "price": "420",
        "price_per_unit": "420",
        "price_unit": "L"
      },
      {
        "state": "ACT",
        "price": "420",
        "price_per_unit": "420",
        "price_unit": "L"
      },
      {
        "state": "NT",
        "price": "420",
        "price_per_unit": "420",
        "price_unit": "L"
      }
    ]
  },
  {
    "source_url": "https://www.woolworths.com.au/shop/productdetails/27941/softly-delicates-fabric-solution",
    "name": "Softly Delicates Fabric Solution 1.25l",
    "image_url": "https://cdn1.woolworths.media/content/wowproductimages/large/027941.jpg",
    "source_id": "Woolworths - 27941",
    "barcode": "9333441005091",
    "shop": "Woolworths",
    "weight": "1L",
    "prices": [
      {
        "state": "QLD",
        "price": "900",
        "price_per_unit": "720",
        "price_unit": "L"
      },
      {
        "state": "WA",
        "price": "900",
        "price_per_unit": "720",
        "price_unit": "L"
      },
      {
        "state": "SA",
        "price": "900",
        "price_per_unit": "720",
        "price_unit": "L"
      },
      {
        "state": "TAS",
        "price": "900",
        "price_per_unit": "720",
        "price_unit": "L"
      },
      {
        "state": "ACT",
        "price": "900",
        "price_per_unit": "720",
        "price_unit": "L"
      },
      {
        "state": "NT",
        "price": "900",
        "price_per_unit": "720",
        "price_unit": "L"
      }
    ]
  },
  {
    "source_url": "https://www.woolworths.com.au/shop/productdetails/863920/softly-woolwash-laundry-wash-eucalyptus",
    "name": "Softly Woolwash Laundry Wash Eucalyptus 1.25l",
    "image_url": "https://cdn1.woolworths.media/content/wowproductimages/large/863920.jpg",
    "source_id": "Woolworths - 863920",
    "barcode": "9333441010194",
    "shop": "Woolworths",
    "weight": "1L",
    "prices": [
      {
        "state": "QLD",
        "price": "900",
        "price_per_unit": "720",
        "price_unit": "L"
      },
      {
        "state": "WA",
        "price": "900",
        "price_per_unit": "720",
        "price_unit": "L"
      },
      {
        "state": "SA",
        "price": "900",
        "price_per_unit": "720",
        "price_unit": "L"
      },
      {
        "state": "ACT",
        "price": "900",
        "price_per_unit": "720",
        "price_unit": "L"
      },
      {
        "state": "NT",
        "price": "900",
        "price_per_unit": "720",
        "price_unit": "L"
      }
    ]
  },
  {
    "source_url": "https://www.woolworths.com.au/shop/productdetails/905916/swirl-laundry-fragrance-booster-spring-blossom",
    "name": "Swirl Laundry Fragrance Booster Spring Blossom 350g",
    "image_url": "https://cdn1.woolworths.media/content/wowproductimages/large/905916.jpg",
    "source_id": "Woolworths - 905916",
    "barcode": "5053249274133",
    "shop": "Woolworths",
    "weight": "1KG",
    "prices": [
      {
        "state": "QLD",
        "price": "960",
        "price_per_unit": "2743",
        "price_unit": "KG"
      },
      {
        "state": "NT",
        "price": "1005",
        "price_per_unit": "2871",
        "price_unit": "KG"
      }
    ]
  },
  {
    "source_url": "https://www.woolworths.com.au/shop/productdetails/32671/david-gray-s-distilled-water-distilled",
    "name": "David Gray's Distilled Water Distilled 4L",
    "image_url": "https://cdn1.woolworths.media/content/wowproductimages/large/032671.jpg",
    "source_id": "Woolworths - 32671",
    "barcode": "9310299029691",
    "shop": "Woolworths",
    "weight": "1L",
    "prices": [
      {
        "state": "WA",
        "price": "340",
        "price_per_unit": "85",
        "price_unit": "L"
      }
    ]
  },
  {
    "source_url": "https://www.woolworths.com.au/shop/productdetails/32337/david-gray-s-water-distilled",
    "name": "David Gray's Water Distilled 2L",
    "image_url": "https://cdn1.woolworths.media/content/wowproductimages/large/032337.jpg",
    "source_id": "Woolworths - 32337",
    "barcode": "9310299025112",
    "shop": "Woolworths",
    "weight": "1L",
    "prices": [
      {
        "state": "WA",
        "price": "230",
        "price_per_unit": "115",
        "price_unit": "L"
      }
    ]
  },
  {
    "source_url": "https://www.woolworths.com.au/shop/productdetails/571546/earth-choice-wild-orchid-magnolia-fabric-softener",
    "name": "Earth Choice Wild Orchid & Magnolia Fabric Softener 1l",
    "image_url": "https://cdn1.woolworths.media/content/wowproductimages/large/571546.jpg",
    "source_id": "Woolworths - 571546",
    "barcode": "9310692154716",
    "shop": "Woolworths",
    "weight": "1L",
    "prices": [
      {
        "state": "SA",
        "price": "650",
        "price_per_unit": "650",
        "price_unit": "L"
      },
      {
        "state": "ACT",
        "price": "650",
        "price_per_unit": "650",
        "price_unit": "L"
      },
      {
        "state": "NT",
        "price": "650",
        "price_per_unit": "650",
        "price_unit": "L"
      }
    ]
  },
  {
    "source_url": "https://www.woolworths.com.au/shop/productdetails/909405/huggie-fabric-conditioner-classic-blue",
    "name": "Huggie Fabric Conditioner Classic Blue 5L",
    "image_url": "https://cdn1.woolworths.media/content/wowproductimages/large/909405.jpg",
    "source_id": "Woolworths - 909405",
    "barcode": "9333441006586",
    "shop": "Woolworths",
    "weight": "1L",
    "prices": [
      {
        "state": "NT",
        "price": "1050",
        "price_per_unit": "210",
        "price_unit": "L"
      }
    ]
  }
]