[
  {
    "source_url": "https://www.woolworths.com.au/shop/productdetails/1075345825/abode-auto-dishwashing-powder-1kg",
    "name": "Abode Auto Dishwashing Powder 1kg",
    "image_url": "https://cdn1.woolworths.media/content/wowproductimages/large/1075345825.jpg",
    "source_id": "Woolworths - 1075345825",
    "barcode": null,
    "shop": "Woolworths",
    "weight": "100G",
    "prices": [
      {
        "state": "NSW",
        "price": "2495",
        "price_per_unit": "250",
        "price_unit": "G"
      },
      {
        "state": "VIC",
        "price": "2495",
        "price_per_unit": "250",
        "price_unit": "G"
      },
      {
        "state": "QLD",
        "price": "2495",
        "price_per_unit": "250",
        "price_unit": "G"
      },
      {
        "state": "WA",
        "price": "2495",
        "price_per_unit": "250",
        "price_unit": "G"
      },
      {
        "state": "SA",
        "price": "2495",
        "price_per_unit": "250",
        "price_unit": "G"
      },
      {
        "state": "TAS",
        "price": "2495",
        "price_per_unit": "250",
        "price_unit": "G"
      },
      {
        "state": "ACT",
        "price": "2495",
        "price_per_unit": "250",
        "price_unit": "G"
      },
      {
        "state": "NT",
        "price": "2495",
        "price_per_unit": "250",
        "price_unit": "G"
      }
    ]
  },
  {
    "source_url": "https://www.woolworths.com.au/shop/productdetails/1075346383/abode-auto-dishwashing-powder-4kg",
    "name": "Abode Auto Dishwashing Powder 4Kg",
    "image_url": "https://cdn1.woolworths.media/content/wowproductimages/large/1075346383.jpg",
    "source_id": "Woolworths - 1075346383",
    "barcode": null,
    "shop": "Woolworths",
    "weight": "100G",
    "prices": [
      {
        "state": "NSW",
        "price": "6495",
        "price_per_unit": "162",
        "price_unit": "G"
      },
      {
        "state": "VIC",
        "price": "6495",
        "price_per_unit": "162",
        "price_unit": "G"
      },
      {
        "state": "QLD",
        "price": "6495",
        "price_per_unit": "162",
        "price_unit": "G"
      },
      {
        "state": "WA",
        "price": "6495",
        "price_per_unit": "162",
        "price_unit": "G"
      },
      {
        "state": "SA",
        "price": "6495",
        "price_per_unit": "162",
        "price_unit": "G"
      },
      {
        "state": "TAS",
        "price": "6495",
        "price_per_unit": "162",
        "price_unit": "G"
      },
      {
        "state": "ACT",
        "price": "6495",
        "price_per_unit": "162",
        "price_unit": "G"
      },
      {
        "state": "NT",
        "price": "6495",
        "price_per_unit": "162",
        "price_unit": "G"
      }
    ]
  },
  {
    "source_url": "https://www.woolworths.com.au/shop/productdetails/1075346502/abode-dishwashing-liquid-ginger-lemongrass-4l",
    "name": "Abode Dishwashing Liquid Ginger & Lemongrass 4L",
    "image_url": "https://cdn1.woolworths.media/content/wowproductimages/large/1075346502.jpg",
    "source_id": "Woolworths - 1075346502",
    "barcode": null,
    "shop": "Woolworths",
    "weight": "100ML",
    "prices": [
      {
        "state": "NSW",
        "price": "5995",
        "price_per_unit": "150",
        "price_unit": "ML"
      },
      {
        "state": "VIC",
        "price": "5995",
        "price_per_unit": "150",
        "price_unit": "ML"
      },
      {
        "state": "QLD",
        "price": "5995",
        "price_per_unit": "150",
        "price_unit": "ML"
      },
      {
        "state": "WA",
        "price": "5995",
        "price_per_unit": "150",
        "price_unit": "ML"
      },
      {
        "state": "SA",
        "price": "5995",
        "price_per_unit": "150",
        "price_unit": "ML"
      },
      {
        "state": "TAS",
        "price": "5995",
        "price_per_unit": "150",
        "price_unit": "ML"
      },
      {
        "state": "ACT",
        "price": "5995",
        "price_per_unit": "150",
        "price_unit": "ML"
      },
      {
        "state": "NT",
        "price": "5995",
        "price_per_unit": "150",
        "price_unit": "ML"
      }
    ]
  },
  {
    "source_url": "https://www.woolworths.com.au/shop/productdetails/1075535786/abode-dishwashing-liquid-ginger-lemongrass-500ml",
    "name": "Abode Dishwashing Liquid Ginger & Lemongrass 500ml",
    "image_url": "https://cdn1.woolworths.media/content/wowproductimages/large/1075535786.jpg",
    "source_id": "Woolworths - 1075535786",
    "barcode": null,
    "shop": "Woolworths",
    "weight": "100ML",
    "prices": [
      {
        "state": "NSW",
        "price": "895",
        "price_per_unit": "179",
        "price_unit": "ML"
      },
      {
        "state": "VIC",
        "price": "895",
        "price_per_unit": "179",
        "price_unit": "ML"
      },
      {
        "state": "QLD",
        "price": "895",
        "price_per_unit": "179",
        "price_unit": "ML"
      },
      {
        "state": "WA",
        "price": "895",
        "price_per_unit": "179",
        "price_unit": "ML"
      },
      {
        "state": "SA",
        "price": "895",
        "price_per_unit": "179",
        "price_unit": "ML"
      },
      {
        "state": "TAS",
        "price": "895",
        "price_per_unit": "179",
        "price_unit": "ML"
      },
      {
        "state": "ACT",
        "price": "895",
        "price_per_unit": "179",
        "price_unit": "ML"
      },
      {
        "state": "NT",
        "price": "895",
        "price_per_unit": "179",
        "price_unit": "ML"
      }
    ]
  },
  {
    "source_url": "https://www.woolworths.com.au/shop/productdetails/1075349860/abode-dishwashing-liquid-lavender-mint-4l",
    "name": "Abode Dishwashing Liquid Lavender & Mint 4L",
    "image_url": "https://cdn1.woolworths.media/content/wowproductimages/large/1075349860.jpg",
    "source_id": "Woolworths - 1075349860",
    "barcode": null,
    "shop": "Woolworths",
    "weight": "100ML",
    "prices": [
      {
        "state": "NSW",
        "price": "5995",
        "price_per_unit": "150",
        "price_unit": "ML"
      },
      {
        "state": "VIC",
        "price": "5995",
        "price_per_unit": "150",
        "price_unit": "ML"
      },
      {
        "state": "QLD",
        "price": "5995",
        "price_per_unit": "150",
        "price_unit": "ML"
      },
      {
        "state": "WA",
        "price": "5995",
        "price_per_unit": "150",
        "price_unit": "ML"
      },
      {
        "state": "SA",
        "price": "5995",
        "price_per_unit": "150",
        "price_unit": "ML"
      },
      {
        "state": "TAS",
        "price": "5995",
        "price_per_unit": "150",
        "price_unit": "ML"
      },
      {
        "state": "ACT",
        "price": "5995",
        "price_per_unit": "150",
        "price_unit": "ML"
      },
      {
        "state": "NT",
        "price": "5995",
        "price_per_unit": "150",
        "price_unit": "ML"
      }
    ]
  },
  {
    "source_url": "https://www.woolworths.com.au/shop/productdetails/1075537335/abode-dishwashing-liquid-lavender-mint-500ml",
    "name": "Abode Dishwashing Liquid Lavender & Mint 500ml",
    "image_url": "https://cdn1.woolworths.media/content/wowproductimages/large/1075537335.jpg",
    "source_id": "Woolworths - 1075537335",
    "barcode": null,
    "shop": "Woolworths",
    "weight": "100ML",
    "prices": [
      {
        "state": "NSW",
        "price": "895",
        "price_per_unit": "179",
        "price_unit": "ML"
      },
      {
        "state": "VIC",
        "price": "895",
        "price_per_unit": "179",
        "price_unit": "ML"
      },
      {
        "state": "QLD",
        "price": "895",
        "price_per_unit": "179",
        "price_unit": "ML"
      },
      {
        "state": "WA",
        "price": "895",
        "price_per_unit": "179",
        "price_unit": "ML"
      },
      {
        "state": "SA",
        "price": "895",
        "price_per_unit": "179",
        "price_unit": "ML"
      },
      {
        "state": "TAS",
        "price": "895",
        "price_per_unit": "179",
        "price_unit": "ML"
      },
      {
        "state": "ACT",
        "price": "895",
        "price_per_unit": "179",
        "price_unit": "ML"
      },
      {
        "state": "NT",
        "price": "895",
        "price_per_unit": "179",
        "price_unit": "ML"
      }
    ]
  },
  {
    "source_url": "https://www.woolworths.com.au/shop/productdetails/1075346376/abode-dishwashing-liquid-lime-spritz-4l",
    "name": "Abode Dishwashing Liquid Lime Spritz 4L",
    "image_url": "https://cdn1.woolworths.media/content/wowproductimages/large/1075346376.jpg",
    "source_id": "Woolworths - 1075346376",
    "barcode": null,
    "shop": "Woolworths",
    "weight": "100ML",
    "prices": [
      {
        "state": "NSW",
        "price": "5995",
        "price_per_unit": "150",
        "price_unit": "ML"
      },
      {
        "state": "VIC",
        "price": "5995",
        "price_per_unit": "150",
        "price_unit": "ML"
      },
      {
        "state": "QLD",
        "price": "5995",
        "price_per_unit": "150",
        "price_unit": "ML"
      },
      {
        "state": "WA",
        "price": "5995",
        "price_per_unit": "150",
        "price_unit": "ML"
      },
      {
        "state": "SA",
        "price": "5995",
        "price_per_unit": "150",
        "price_unit": "ML"
      },
      {
        "state": "TAS",
        "price": "5995",
        "price_per_unit": "150",
        "price_unit": "ML"
      },
      {
        "state": "ACT",
        "price": "5995",
        "price_per_unit": "150",
        "price_unit": "ML"
      },
      {
        "state": "NT",
        "price": "5995",
        "price_per_unit": "150",
        "price_unit": "ML"
      }
    ]
  },
  {
    "source_url": "https://www.woolworths.com.au/shop/productdetails/1075533425/abode-dishwashing-liquid-lime-spritz-500ml",
    "name": "Abode Dishwashing Liquid Lime Spritz 500ml",
    "image_url": "https://cdn1.woolworths.media/content/wowproductimages/large/1075533425.jpg",
    "source_id": "Woolworths - 1075533425",
    "barcode": null,
    "shop": "Woolworths",
    "weight": "100ML",
    "prices": [
      {
        "state": "NSW",
        "price": "895",
        "price_per_unit": "179",
        "price_unit": "ML"
      },
      {
        "state": "VIC",
        "price": "895",
        "price_per_unit": "179",
        "price_unit": "ML"
      },
      {
        "state": "QLD",
        "price": "895",
        "price_per_unit": "179",
        "price_unit": "ML"
      },
      {
        "state": "WA",
        "price": "895",
        "price_per_unit": "179",
        "price_unit": "ML"
      },
      {
        "state": "SA",
        "price": "895",
        "price_per_unit": "179",
        "price_unit": "ML"
      },
      {
        "state": "TAS",
        "price": "895",
        "price_per_unit": "179",
        "price_unit": "ML"
      },
      {
        "state": "ACT",
        "price": "895",
        "price_per_unit": "179",
        "price_unit": "ML"
      },
      {
        "state": "NT",
        "price": "895",
        "price_per_unit": "179",
        "price_unit": "ML"
      }
    ]
  },
  {
    "source_url": "https://www.woolworths.com.au/shop/productdetails/1075346380/abode-dishwashing-liquid-zero-4l",
    "name": "Abode Dishwashing Liquid ZERO 4L",
    "image_url": "https://cdn1.woolworths.media/content/wowproductimages/large/1075346380.jpg",
    "source_id": "Woolworths - 1075346380",
    "barcode": null,
    "shop": "Woolworths",
    "weight": "100ML",
    "prices": [
      {
        "state": "NSW",
        "price": "5995",
        "price_per_unit": "150",
        "price_unit": "ML"
      },
      {
        "state": "VIC",
        "price": "5995",
        "price_per_unit": "150",
        "price_unit": "ML"
      },
      {
        "state": "QLD",
        "price": "5995",
        "price_per_unit": "150",
        "price_unit": "ML"
      },
      {
        "state": "WA",
        "price": "5995",
        "price_per_unit": "150",
        "price_unit": "ML"
      },
      {
        "state": "SA",
        "price": "5995",
        "price_per_unit": "150",
        "price_unit": "ML"
      },
      {
        "state": "TAS",
        "price": "5995",
        "price_per_unit": "150",
        "price_unit": "ML"
      },
      {
        "state": "ACT",
        "price": "5995",
        "price_per_unit": "150",
        "price_unit": "ML"
      },
      {
        "state": "NT",
        "price": "5995",
        "price_per_unit": "150",
        "price_unit": "ML"
      }
    ]
  },
  {
    "source_url": "https://www.woolworths.com.au/shop/productdetails/1075530932/abode-dishwashing-liquid-zero-500ml",
    "name": "Abode Dishwashing Liquid ZERO 500ml",
    "image_url": "https://cdn1.woolworths.media/content/wowproductimages/large/1075530932.jpg",
    "source_id": "Woolworths - 1075530932",
    "barcode": null,
    "shop": "Woolworths",
    "weight": "100ML",
    "prices": [
      {
        "state": "NSW",
        "price": "895",
        "price_per_unit": "179",
        "price_unit": "ML"
      },
      {
        "state": "VIC",
        "price": "895",
        "price_per_unit": "179",
        "price_unit": "ML"
      },
      {
        "state": "QLD",
        "price": "895",
        "price_per_unit": "179",
        "price_unit": "ML"
      },
      {
        "state": "WA",
        "price": "895",
        "price_per_unit": "179",
        "price_unit": "ML"
      },
      {
        "state": "SA",
        "price": "895",
        "price_per_unit": "179",
        "price_unit": "ML"
      },
      {
        "state": "TAS",
        "price": "895",
        "price_per_unit": "179",
        "price_unit": "ML"
      },
      {
        "state": "ACT",
        "price": "895",
        "price_per_unit": "179",
        "price_unit": "ML"
      },
      {
        "state": "NT",
        "price": "895",
        "price_per_unit": "179",
        "price_unit": "ML"
      }
    ]
  },
  {
    "source_url": "https://www.woolworths.com.au/shop/productdetails/1075345667/abode-fruit-vegetable-wash-4l",
    "name": "Abode Fruit & Vegetable Wash 4L",
    "image_url": "https://cdn1.woolworths.media/content/wowproductimages/large/1075345667.jpg",
    "source_id": "Woolworths - 1075345667",
    "barcode": null,
    "shop": "Woolworths",
    "weight": "100ML",
    "prices": [
      {
        "state": "NSW",
        "price": "5995",
        "price_per_unit": "150",
        "price_unit": "ML"
      },
      {
        "state": "VIC",
        "price": "5995",
        "price_per_unit": "150",
        "price_unit": "ML"
      },
      {
        "state": "QLD",
        "price": "5995",
        "price_per_unit": "150",
        "price_unit": "ML"
      },
      {
        "state": "WA",
        "price": "5995",
        "price_per_unit": "150",
        "price_unit": "ML"
      },
      {
        "state": "SA",
        "price": "5995",
        "price_per_unit": "150",
        "price_unit": "ML"
      },
      {
        "state": "TAS",
        "price": "5995",
        "price_per_unit": "150",
        "price_unit": "ML"
      },
      {
        "state": "ACT",
        "price": "5995",
        "price_per_unit": "150",
        "price_unit": "ML"
      },
      {
        "state": "NT",
        "price": "5995",
        "price_per_unit": "150",
        "price_unit": "ML"
      }
    ]
  },
  {
    "source_url": "https://www.woolworths.com.au/shop/productdetails/1075346279/abode-fruit-vegetable-wash-500ml",
    "name": "Abode Fruit & Vegetable Wash 500ml",
    "image_url": "https://cdn1.woolworths.media/content/wowproductimages/large/1075346279.jpg",
    "source_id": "Woolworths - 1075346279",
    "barcode": null,
    "shop": "Woolworths",
    "weight": "100ML",
    "prices": [
      {
        "state": "NSW",
        "price": "1000",
        "price_per_unit": "200",
        "price_unit": "ML"
      },
      {
        "state": "VIC",
        "price": "1000",
        "price_per_unit": "200",
        "price_unit": "ML"
      },
      {
        "state": "QLD",
        "price": "1000",
        "price_per_unit": "200",
        "price_unit": "ML"
      },
      {
        "state": "WA",
        "price": "1000",
        "price_per_unit": "200",
        "price_unit": "ML"
      },
      {
        "state": "SA",
        "price": "1000",
        "price_per_unit": "200",
        "price_unit": "ML"
      },
      {
        "state": "TAS",
        "price": "1000",
        "price_per_unit": "200",
        "price_unit": "ML"
      },
      {
        "state": "ACT",
        "price": "1000",
        "price_per_unit": "200",
        "price_unit": "ML"
      },
      {
        "state": "NT",
        "price": "1000",
        "price_per_unit": "200",
        "price_unit": "ML"
      }
    ]
  },
  {
    "source_url": "https://www.woolworths.com.au/shop/productdetails/1074416289/appetito-silicone-bottle-brush",
    "name": "Appetito Silicone Bottle Brush",
    "image_url": "https://cdn1.woolworths.media/content/wowproductimages/large/1074416289.jpg",
    "source_id": "Woolworths - 1074416289",
    "barcode": null,
    "shop": "Woolworths",
    "weight": "1EA",
    "prices": [
      {
        "state": "NSW",
        "price": "1595",
        "price_per_unit": "1595",
        "price_unit": "EA"
      },
      {
        "state": "VIC",
        "price": "1595",
        "price_per_unit": "1595",
        "price_unit": "EA"
      },
      {
        "state": "QLD",
        "price": "1595",
        "price_per_unit": "1595",
        "price_unit": "EA"
      },
      {
        "state": "WA",
        "price": "1595",
        "price_per_unit": "1595",
        "price_unit": "EA"
      },
      {
        "state": "SA",
        "price": "1595",
        "price_per_unit": "1595",
        "price_unit": "EA"
      },
      {
        "state": "ACT",
        "price": "1595",
        "price_per_unit": "1595",
        "price_unit": "EA"
      },
      {
        "state": "NT",
        "price": "1595",
        "price_per_unit": "1595",
        "price_unit": "EA"
      }
    ]
  },
  {
    "source_url": "https://www.woolworths.com.au/shop/productdetails/778259/ajax-professional-kitchen-cleaner-trigger",
    "name": "Ajax Professional Kitchen Cleaner Trigger 500ml",
    "image_url": "https://cdn1.woolworths.media/content/wowproductimages/large/778259.jpg",
    "source_id": "Woolworths - 778259",
    "barcode": "9300632084203",
    "shop": "Woolworths",
    "weight": "100ML",
    "prices": [
      {
        "state": "NSW",
        "price": "350",
        "price_per_unit": "70",
        "price_unit": "ML"
      },
      {
        "state": "VIC",
        "price": "350",
        "price_per_unit": "70",
        "price_unit": "ML"
      },
      {
        "state": "QLD",
        "price": "350",
        "price_per_unit": "70",
        "price_unit": "ML"
      },
      {
        "state": "WA",
        "price": "350",
        "price_per_unit": "70",
        "price_unit": "ML"
      },
      {
        "state": "SA",
        "price": "350",
        "price_per_unit": "70",
        "price_unit": "ML"
      },
      {
        "state": "TAS",
        "price": "350",
        "price_per_unit": "70",
        "price_unit": "ML"
      },
      {
        "state": "ACT",
        "price": "350",
        "price_per_unit": "70",
        "price_unit": "ML"
      },
      {
        "state": "NT",
        "price": "365",
        "price_per_unit": "73",
        "price_unit": "ML"
      }
    ]
  },
  {
    "source_url": "https://www.woolworths.com.au/shop/productdetails/1075705977/ashley-co-topup-insink-diswashing-liquid-refill-lotus-leaf-lustre-1l",
    "name": "Ashley & Co Topup InSink Diswashing Liquid Refill - Lotus Leaf & Lustre 1L",
    "image_url": "https://cdn1.woolworths.media/content/wowproductimages/large/1075705977.jpg",
    "source_id": "Woolworths - 1075705977",
    "barcode": null,
    "shop": "Woolworths",
    "weight": "100ML",
    "prices": [
      {
        "state": "NSW",
        "price": "3700",
        "price_per_unit": "370",
        "price_unit": "ML"
      },
      {
        "state": "VIC",
        "price": "3700",
        "price_per_unit": "370",
        "price_unit": "ML"
      }
    ]
  },
  {
    "source_url": "https://www.woolworths.com.au/shop/productdetails/1074660624/biome-bamboo-bottle-brush-2-pack",
    "name": "Biome Bamboo Bottle Brush - 2 pack",
    "image_url": "https://cdn1.woolworths.media/content/wowproductimages/large/1074660624.jpg",
    "source_id": "Woolworths - 1074660624",
    "barcode": null,
    "shop": "Woolworths",
    "weight": "1EA",
    "prices": [
      {
        "state": "NSW",
        "price": "2095",
        "price_per_unit": "1048",
        "price_unit": "EA"
      },
      {
        "state": "VIC",
        "price": "2095",
        "price_per_unit": "1048",
        "price_unit": "EA"
      }
    ]
  },
  {
    "source_url": "https://www.woolworths.com.au/shop/productdetails/1075448843/br-home-mad-mama-microwave-oven-steam-cleaner-cleaning-tool-deodoriser-kitchen-gadget",
    "name": "BR Home Mad Mama Microwave Oven Steam Cleaner Cleaning Tool Deodoriser Kitchen Gadget",
    "image_url": "https://cdn1.woolworths.media/content/wowproductimages/large/1075448843.jpg",
    "source_id": "Woolworths - 1075448843",
    "barcode": null,
    "shop": "Woolworths",
    "weight": "1EA",
    "prices": [
      {
        "state": "NSW",
        "price": "1595",
        "price_per_unit": "1595",
        "price_unit": "EA"
      },
      {
        "state": "VIC",
        "price": "1595",
        "price_per_unit": "1595",
        "price_unit": "EA"
      }
    ]
  },
  {
    "source_url": "https://www.woolworths.com.au/shop/productdetails/1074417365/cafetto-58mm-blind-filter-basket",
    "name": "Cafetto 58mm Blind Filter Basket",
    "image_url": "https://cdn1.woolworths.media/content/wowproductimages/large/1074417365.jpg",
    "source_id": "Woolworths - 1074417365",
    "barcode": null,
    "shop": "Woolworths",
    "weight": "1EA",
    "prices": [
      {
        "state": "NSW",
        "price": "1095",
        "price_per_unit": "1095",
        "price_unit": "EA"
      },
      {
        "state": "VIC",
        "price": "1095",
        "price_per_unit": "1095",
        "price_unit": "EA"
      }
    ]
  },
  {
    "source_url": "https://www.woolworths.com.au/shop/productdetails/1074420368/cafetto-b30-super-automatic-espresso-machine-cleaning-tablets-150-tablets",
    "name": "Cafetto B30 Super Automatic Espresso Machine Cleaning Tablets - 150 Tablets",
    "image_url": "https://cdn1.woolworths.media/content/wowproductimages/large/1074420368.jpg",
    "source_id": "Woolworths - 1074420368",
    "barcode": null,
    "shop": "Woolworths",
    "weight": "100EA",
    "prices": [
      {
        "state": "NSW",
        "price": "4995",
        "price_per_unit": "3330",
        "price_unit": "EA"
      },
      {
        "state": "VIC",
        "price": "4995",
        "price_per_unit": "3330",
        "price_unit": "EA"
      }
    ]
  },
  {
    "source_url": "https://www.woolworths.com.au/shop/productdetails/1074416099/cafetto-black-espresso-group-head-cleaning-brush",
    "name": "Cafetto Black Espresso Group Head Cleaning Brush",
    "image_url": "https://cdn1.woolworths.media/content/wowproductimages/large/1074416099.jpg",
    "source_id": "Woolworths - 1074416099",
    "barcode": null,
    "shop": "Woolworths",
    "weight": "1EA",
    "prices": [
      {
        "state": "NSW",
        "price": "1095",
        "price_per_unit": "1095",
        "price_unit": "EA"
      },
      {
        "state": "VIC",
        "price": "1095",
        "price_per_unit": "1095",
        "price_unit": "EA"
      }
    ]
  },
  {
    "source_url": "https://www.woolworths.com.au/shop/productdetails/1074416196/cafetto-cino-cleano-cleaning-tablets-1-pack",
    "name": "Cafetto Cino Cleano Cleaning Tablets - 1 Pack",
    "image_url": "https://cdn1.woolworths.media/content/wowproductimages/large/1074416196.jpg",
    "source_id": "Woolworths - 1074416196",
    "barcode": null,
    "shop": "Woolworths",
    "weight": "1EA",
    "prices": [
      {
        "state": "NSW",
        "price": "1395",
        "price_per_unit": "1395",
        "price_unit": "EA"
      },
      {
        "state": "VIC",
        "price": "1395",
        "price_per_unit": "1395",
        "price_unit": "EA"
      }
    ]
  },
  {
    "source_url": "https://www.woolworths.com.au/shop/productdetails/1074416197/cafetto-cino-cleano-cleaning-tablets-pack-of-2",
    "name": "Cafetto Cino Cleano Cleaning Tablets Pack of 2",
    "image_url": "https://cdn1.woolworths.media/content/wowproductimages/large/1074416197.jpg",
    "source_id": "Woolworths - 1074416197",
    "barcode": null,
    "shop": "Woolworths",
    "weight": "1EA",
    "prices": [
      {
        "state": "NSW",
        "price": "1995",
        "price_per_unit": "998",
        "price_unit": "EA"
      },
      {
        "state": "VIC",
        "price": "1995",
        "price_per_unit": "998",
        "price_unit": "EA"
      }
    ]
  },
  {
    "source_url": "https://www.woolworths.com.au/shop/productdetails/1074416198/cafetto-cino-cleano-cleaning-tablets-pack-of-3",
    "name": "Cafetto Cino Cleano Cleaning Tablets Pack of 3",
    "image_url": "https://cdn1.woolworths.media/content/wowproductimages/large/1074416198.jpg",
    "source_id": "Woolworths - 1074416198",
    "barcode": null,
    "shop": "Woolworths",
    "weight": "1EA",
    "prices": [
      {
        "state": "NSW",
        "price": "2695",
        "price_per_unit": "898",
        "price_unit": "EA"
      },
      {
        "state": "VIC",
        "price": "2695",
        "price_per_unit": "898",
        "price_unit": "EA"
      }
    ]
  },
  {
    "source_url": "https://www.woolworths.com.au/shop/productdetails/1074415973/cafetto-espresso-clean-1kg-for-professional-use",
    "name": "Cafetto Espresso Clean 1Kg For Professional Use",
    "image_url": "https://cdn1.woolworths.media/content/wowproductimages/large/1074415973.jpg",
    "source_id": "Woolworths - 1074415973",
    "barcode": null,
    "shop": "Woolworths",
    "weight": "100G",
    "prices": [
      {
        "state": "NSW",
        "price": "2795",
        "price_per_unit": "280",
        "price_unit": "G"
      },
      {
        "state": "VIC",
        "price": "2795",
        "price_per_unit": "280",
        "price_unit": "G"
      }
    ]
  },
  {
    "source_url": "https://www.woolworths.com.au/shop/productdetails/1074416193/cafetto-espresso-clean-500g-coffee-machine-cleaner",
    "name": "Cafetto Espresso Clean 500G Coffee Machine Cleaner",
    "image_url": "https://cdn1.woolworths.media/content/wowproductimages/large/1074416193.jpg",
    "source_id": "Woolworths - 1074416193",
    "barcode": null,
    "shop": "Woolworths",
    "weight": "100G",
    "prices": [
      {
        "state": "NSW",
        "price": "1995",
        "price_per_unit": "399",
        "price_unit": "G"
      },
      {
        "state": "VIC",
        "price": "1995",
        "price_per_unit": "399",
        "price_unit": "G"
      }
    ]
  },
  {
    "source_url": "https://www.woolworths.com.au/shop/productdetails/1074417553/cafetto-f20-espresso-machine-cleaning-tablets-100",
    "name": "Cafetto F20 Espresso Machine Cleaning Tablets - 100",
    "image_url": "https://cdn1.woolworths.media/content/wowproductimages/large/1074417553.jpg",
    "source_id": "Woolworths - 1074417553",
    "barcode": null,
    "shop": "Woolworths",
    "weight": "100EA",
    "prices": [
      {
        "state": "NSW",
        "price": "2495",
        "price_per_unit": "2495",
        "price_unit": "EA"
      },
      {
        "state": "VIC",
        "price": "2495",
        "price_per_unit": "2495",
        "price_unit": "EA"
      }
    ]
  },
  {
    "source_url": "https://www.woolworths.com.au/shop/productdetails/1074416232/cafetto-grinder-clean-450g",
    "name": "Cafetto Grinder Clean 450G",
    "image_url": "https://cdn1.woolworths.media/content/wowproductimages/large/1074416232.jpg",
    "source_id": "Woolworths - 1074416232",
    "barcode": null,
    "shop": "Woolworths",
    "weight": "100G",
    "prices": [
      {
        "state": "NSW",
        "price": "3475",
        "price_per_unit": "772",
        "price_unit": "G"
      },
      {
        "state": "VIC",
        "price": "3475",
        "price_per_unit": "772",
        "price_unit": "G"
      }
    ]
  },
  {
    "source_url": "https://www.woolworths.com.au/shop/productdetails/1074420331/cafetto-inverso-milk-jug-cleaner-750g",
    "name": "Cafetto Inverso Milk Jug Cleaner - 750G",
    "image_url": "https://cdn1.woolworths.media/content/wowproductimages/large/1074420331.jpg",
    "source_id": "Woolworths - 1074420331",
    "barcode": null,
    "shop": "Woolworths",
    "weight": "100G",
    "prices": [
      {
        "state": "NSW",
        "price": "2995",
        "price_per_unit": "399",
        "price_unit": "G"
      },
      {
        "state": "VIC",
        "price": "2995",
        "price_per_unit": "399",
        "price_unit": "G"
      }
    ]
  },
  {
    "source_url": "https://www.woolworths.com.au/shop/productdetails/1074416231/cafetto-j25-coffee-machine-cleaning-tablets-60-tablets",
    "name": "Cafetto J25 Coffee Machine Cleaning Tablets - 60 Tablets",
    "image_url": "https://cdn1.woolworths.media/content/wowproductimages/large/1074416231.jpg",
    "source_id": "Woolworths - 1074416231",
    "barcode": null,
    "shop": "Woolworths",
    "weight": "100EA",
    "prices": [
      {
        "state": "NSW",
        "price": "2695",
        "price_per_unit": "4492",
        "price_unit": "EA"
      },
      {
        "state": "VIC",
        "price": "2695",
        "price_per_unit": "4492",
        "price_unit": "EA"
      }
    ]
  },
  {
    "source_url": "https://www.woolworths.com.au/shop/productdetails/1075822802/cafetto-lod-black-liquid-descaler-500ml",
    "name": "Cafetto Lod Black Liquid Descaler 500ml",
    "image_url": "https://cdn1.woolworths.media/content/wowproductimages/large/1075822802.jpg",
    "source_id": "Woolworths - 1075822802",
    "barcode": null,
    "shop": "Woolworths",
    "weight": "100ML",
    "prices": [
      {
        "state": "NSW",
        "price": "2795",
        "price_per_unit": "559",
        "price_unit": "ML"
      },
      {
        "state": "VIC",
        "price": "2795",
        "price_per_unit": "559",
        "price_unit": "ML"
      }
    ]
  },
  {
    "source_url": "https://www.woolworths.com.au/shop/productdetails/1074416201/cafetto-lod-organic-liquid-descaler-250ml-x-3",
    "name": "Cafetto Lod Organic Liquid Descaler - 250ml X 3",
    "image_url": "https://cdn1.woolworths.media/content/wowproductimages/large/1074416201.jpg",
    "source_id": "Woolworths - 1074416201",
    "barcode": null,
    "shop": "Woolworths",
    "weight": "1EA",
    "prices": [
      {
        "state": "NSW",
        "price": "3295",
        "price_per_unit": "1098",
        "price_unit": "EA"
      },
      {
        "state": "VIC",
        "price": "3295",
        "price_per_unit": "1098",
        "price_unit": "EA"
      }
    ]
  },
  {
    "source_url": "https://www.woolworths.com.au/shop/productdetails/1074417550/cafetto-lod-organic-liquid-descaler-1-litre",
    "name": "Cafetto Lod Organic Liquid Descaler 1 Litre",
    "image_url": "https://cdn1.woolworths.media/content/wowproductimages/large/1074417550.jpg",
    "source_id": "Woolworths - 1074417550",
    "barcode": null,
    "shop": "Woolworths",
    "weight": "100ML",
    "prices": [
      {
        "state": "NSW",
        "price": "2895",
        "price_per_unit": "290",
        "price_unit": "ML"
      },
      {
        "state": "VIC",
        "price": "2895",
        "price_per_unit": "290",
        "price_unit": "ML"
      }
    ]
  },
  {
    "source_url": "https://www.woolworths.com.au/shop/productdetails/1074417551/cafetto-lod-organic-liquid-descaler-250ml",
    "name": "Cafetto Lod Organic Liquid Descaler 250ml",
    "image_url": "https://cdn1.woolworths.media/content/wowproductimages/large/1074417551.jpg",
    "source_id": "Woolworths - 1074417551",
    "barcode": null,
    "shop": "Woolworths",
    "weight": "100ML",
    "prices": [
      {
        "state": "NSW",
        "price": "1795",
        "price_per_unit": "718",
        "price_unit": "ML"
      },
      {
        "state": "VIC",
        "price": "1795",
        "price_per_unit": "718",
        "price_unit": "ML"
      }
    ]
  },
  {
    "source_url": "https://www.woolworths.com.au/shop/productdetails/1074420327/cafetto-lod-organic-liquid-descaler-5-litre",
    "name": "Cafetto Lod Organic Liquid Descaler 5 Litre",
    "image_url": "https://cdn1.woolworths.media/content/wowproductimages/large/1074420327.jpg",
    "source_id": "Woolworths - 1074420327",
    "barcode": null,
    "shop": "Woolworths",
    "weight": "100ML",
    "prices": [
      {
        "state": "NSW",
        "price": "7995",
        "price_per_unit": "160",
        "price_unit": "ML"
      },
      {
        "state": "VIC",
        "price": "7995",
        "price_per_unit": "160",
        "price_unit": "ML"
      }
    ]
  },
  {
    "source_url": "https://www.woolworths.com.au/shop/productdetails/1074420328/cafetto-mfc-organic-milk-frother-cleaner-green-1-litre",
    "name": "Cafetto Mfc Organic Milk Frother Cleaner - Green - 1 Litre",
    "image_url": "https://cdn1.woolworths.media/content/wowproductimages/large/1074420328.jpg",
    "source_id": "Woolworths - 1074420328",
    "barcode": null,
    "shop": "Woolworths",
    "weight": "100ML",
    "prices": [
      {
        "state": "NSW",
        "price": "3295",
        "price_per_unit": "330",
        "price_unit": "ML"
      },
      {
        "state": "VIC",
        "price": "3295",
        "price_per_unit": "330",
        "price_unit": "ML"
      }
    ]
  },
  {
    "source_url": "https://www.woolworths.com.au/shop/productdetails/1074417554/cafetto-n10-espresso-machine-cleaning-tablets-120",
    "name": "Cafetto N10 Espresso Machine Cleaning Tablets - 120",
    "image_url": "https://cdn1.woolworths.media/content/wowproductimages/large/1074417554.jpg",
    "source_id": "Woolworths - 1074417554",
    "barcode": null,
    "shop": "Woolworths",
    "weight": "100EA",
    "prices": [
      {
        "state": "NSW",
        "price": "2295",
        "price_per_unit": "1913",
        "price_unit": "EA"
      },
      {
        "state": "VIC",
        "price": "2295",
        "price_per_unit": "1913",
        "price_unit": "EA"
      }
    ]
  },
  {
    "source_url": "https://www.woolworths.com.au/shop/productdetails/1074416037/cafetto-renew-10-packs-espresso-machine-descaler",
    "name": "Cafetto Renew 10 Packs Espresso Machine Descaler",
    "image_url": "https://cdn1.woolworths.media/content/wowproductimages/large/1074416037.jpg",
    "source_id": "Woolworths - 1074416037",
    "barcode": null,
    "shop": "Woolworths",
    "weight": "1EA",
    "prices": [
      {
        "state": "NSW",
        "price": "2295",
        "price_per_unit": "230",
        "price_unit": "EA"
      },
      {
        "state": "VIC",
        "price": "2295",
        "price_per_unit": "230",
        "price_unit": "EA"
      }
    ]
  },
  {
    "source_url": "https://www.woolworths.com.au/shop/productdetails/1074416038/cafetto-renew-20-packs-espresso-machine-descaler",
    "name": "Cafetto Renew 20 Packs Espresso Machine Descaler",
    "image_url": "https://cdn1.woolworths.media/content/wowproductimages/large/1074416038.jpg",
    "source_id": "Woolworths - 1074416038",
    "barcode": null,
    "shop": "Woolworths",
    "weight": "1EA",
    "prices": [
      {
        "state": "NSW",
        "price": "2995",
        "price_per_unit": "150",
        "price_unit": "EA"
      },
      {
        "state": "VIC",
        "price": "2995",
        "price_per_unit": "150",
        "price_unit": "EA"
      }
    ]
  },
  {
    "source_url": "https://www.woolworths.com.au/shop/productdetails/1074416039/cafetto-renew-5-packs-espresso-machine-descaler",
    "name": "Cafetto Renew 5 Packs Espresso Machine Descaler",
    "image_url": "https://cdn1.woolworths.media/content/wowproductimages/large/1074416039.jpg",
    "source_id": "Woolworths - 1074416039",
    "barcode": null,
    "shop": "Woolworths",
    "weight": "1EA",
    "prices": [
      {
        "state": "NSW",
        "price": "1495",
        "price_per_unit": "299",
        "price_unit": "EA"
      },
      {
        "state": "VIC",
        "price": "1495",
        "price_per_unit": "299",
        "price_unit": "EA"
      }
    ]
  },
  {
    "source_url": "https://www.woolworths.com.au/shop/productdetails/1074416036/cafetto-renew-descaler-espresso-machine-descaler-1-25g-sachet",
    "name": "Cafetto Renew Descaler Espresso Machine Descaler - 1 25g Sachet",
    "image_url": "https://cdn1.woolworths.media/content/wowproductimages/large/1074416036.jpg",
    "source_id": "Woolworths - 1074416036",
    "barcode": null,
    "shop": "Woolworths",
    "weight": "100G",
    "prices": [
      {
        "state": "NSW",
        "price": "595",
        "price_per_unit": "2380",
        "price_unit": "G"
      },
      {
        "state": "VIC",
        "price": "595",
        "price_per_unit": "2380",
        "price_unit": "G"
      }
    ]
  },
  {
    "source_url": "https://www.woolworths.com.au/shop/productdetails/1074417552/cafetto-renew-descaler-powder-2kg",
    "name": "Cafetto Renew Descaler Powder 2Kg",
    "image_url": "https://cdn1.woolworths.media/content/wowproductimages/large/1074417552.jpg",
    "source_id": "Woolworths - 1074417552",
    "barcode": null,
    "shop": "Woolworths",
    "weight": "100G",
    "prices": [
      {
        "state": "NSW",
        "price": "5495",
        "price_per_unit": "550",
        "price_unit": "G"
      },
      {
        "state": "VIC",
        "price": "5495",
        "price_per_unit": "550",
        "price_unit": "G"
      }
    ]
  },
  {
    "source_url": "https://www.woolworths.com.au/shop/productdetails/1074420367/cafetto-renew-espresso-machine-powder-descaler-6-sachet",
    "name": "Cafetto Renew Espresso Machine Powder Descaler - 6 Sachet",
    "image_url": "https://cdn1.woolworths.media/content/wowproductimages/large/1074420367.jpg",
    "source_id": "Woolworths - 1074420367",
    "barcode": null,
    "shop": "Woolworths",
    "weight": "1EA",
    "prices": [
      {
        "state": "NSW",
        "price": "1995",
        "price_per_unit": "499",
        "price_unit": "EA"
      },
      {
        "state": "VIC",
        "price": "1995",
        "price_per_unit": "499",
        "price_unit": "EA"
      }
    ]
  },
  {
    "source_url": "https://www.woolworths.com.au/shop/productdetails/1074416220/cafetto-s15-100-espresso-machine-cleaning-tablets",
    "name": "Cafetto S15 100 Espresso Machine Cleaning Tablets",
    "image_url": "https://cdn1.woolworths.media/content/wowproductimages/large/1074416220.jpg",
    "source_id": "Woolworths - 1074416220",
    "barcode": null,
    "shop": "Woolworths",
    "weight": "100EA",
    "prices": [
      {
        "state": "NSW",
        "price": "2595",
        "price_per_unit": "2595",
        "price_unit": "EA"
      },
      {
        "state": "VIC",
        "price": "2595",
        "price_per_unit": "2595",
        "price_unit": "EA"
      }
    ]
  },
  {
    "source_url": "https://www.woolworths.com.au/shop/productdetails/1074416195/cafetto-s15-espresso-machine-cleaning-16-tablets",
    "name": "Cafetto S15 Espresso Machine Cleaning 16 Tablets",
    "image_url": "https://cdn1.woolworths.media/content/wowproductimages/large/1074416195.jpg",
    "source_id": "Woolworths - 1074416195",
    "barcode": null,
    "shop": "Woolworths",
    "weight": "1EA",
    "prices": [
      {
        "state": "NSW",
        "price": "1595",
        "price_per_unit": "798",
        "price_unit": "EA"
      },
      {
        "state": "VIC",
        "price": "1595",
        "price_per_unit": "798",
        "price_unit": "EA"
      }
    ]
  },
  {
    "source_url": "https://www.woolworths.com.au/shop/productdetails/1074416194/cafetto-s15-espresso-machine-cleaning-8-tablets",
    "name": "Cafetto S15 Espresso Machine Cleaning 8 Tablets",
    "image_url": "https://cdn1.woolworths.media/content/wowproductimages/large/1074416194.jpg",
    "source_id": "Woolworths - 1074416194",
    "barcode": null,
    "shop": "Woolworths",
    "weight": "1EA",
    "prices": [
      {
        "state": "NSW",
        "price": "1195",
        "price_per_unit": "1195",
        "price_unit": "EA"
      },
      {
        "state": "VIC",
        "price": "1195",
        "price_per_unit": "1195",
        "price_unit": "EA"
      }
    ]
  },
  {
    "source_url": "https://www.woolworths.com.au/shop/productdetails/1074418907/cafetto-tevo-espresso-machine-cleaning-100-tablets",
    "name": "Cafetto Tevo Espresso Machine Cleaning 100 Tablets",
    "image_url": "https://cdn1.woolworths.media/content/wowproductimages/large/1074418907.jpg",
    "source_id": "Woolworths - 1074418907",
    "barcode": null,
    "shop": "Woolworths",
    "weight": "100EA",
    "prices": [
      {
        "state": "NSW",
        "price": "2395",
        "price_per_unit": "2395",
        "price_unit": "EA"
      },
      {
        "state": "VIC",
        "price": "2395",
        "price_per_unit": "2395",
        "price_unit": "EA"
      }
    ]
  },
  {
    "source_url": "https://www.woolworths.com.au/shop/productdetails/1074442511/caterrax-16-compartment-glass-rack-500-x-500-x-100mm",
    "name": "Caterrax 16 Compartment Glass Rack | 500 X 500 X 100Mm",
    "image_url": "https://cdn1.woolworths.media/content/wowproductimages/large/1074442511.jpg",
    "source_id": "Woolworths - 1074442511",
    "barcode": null,
    "shop": "Woolworths",
    "weight": "1EA",
    "prices": [
      {
        "state": "NSW",
        "price": "6950",
        "price_per_unit": "6950",
        "price_unit": "EA"
      },
      {
        "state": "VIC",
        "price": "6950",
        "price_per_unit": "6950",
        "price_unit": "EA"
      }
    ]
  },
  {
    "source_url": "https://www.woolworths.com.au/shop/productdetails/1074442512/caterrax-25-compartment-glass-rack-500-x-500-x-100mm",
    "name": "Caterrax 25 Compartment Glass Rack | 500 X 500 X 100Mm",
    "image_url": "https://cdn1.woolworths.media/content/wowproductimages/large/1074442512.jpg",
    "source_id": "Woolworths - 1074442512",
    "barcode": null,
    "shop": "Woolworths",
    "weight": "1EA",
    "prices": [
      {
        "state": "NSW",
        "price": "6950",
        "price_per_unit": "6950",
        "price_unit": "EA"
      },
      {
        "state": "VIC",
        "price": "6950",
        "price_per_unit": "6950",
        "price_unit": "EA"
      }
    ]
  },
  {
    "source_url": "https://www.woolworths.com.au/shop/productdetails/1074441859/caterrax-36-compartment-glass-rack-500-x-500-x-100mm",
    "name": "Caterrax 36 Compartment Glass Rack | 500 X 500 X 100Mm",
    "image_url": "https://cdn1.woolworths.media/content/wowproductimages/large/1074441859.jpg",
    "source_id": "Woolworths - 1074441859",
    "barcode": null,
    "shop": "Woolworths",
    "weight": "1EA",
    "prices": [
      {
        "state": "NSW",
        "price": "6950",
        "price_per_unit": "6950",
        "price_unit": "EA"
      },
      {
        "state": "VIC",
        "price": "6950",
        "price_per_unit": "6950",
        "price_unit": "EA"
      }
    ]
  },
  {
    "source_url": "https://www.woolworths.com.au/shop/productdetails/1074441861/caterrax-49-compartment-glass-rack-500-x-500-x-100mm",
    "name": "Caterrax 49 Compartment Glass Rack | 500 X 500 X 100Mm",
    "image_url": "https://cdn1.woolworths.media/content/wowproductimages/large/1074441861.jpg",
    "source_id": "Woolworths - 1074441861",
    "barcode": null,
    "shop": "Woolworths",
    "weight": "1EA",
    "prices": [
      {
        "state": "NSW",
        "price": "6950",
        "price_per_unit": "6950",
        "price_unit": "EA"
      },
      {
        "state": "VIC",
        "price": "6950",
        "price_per_unit": "6950",
        "price_unit": "EA"
      }
    ]
  },
  {
    "source_url": "https://www.woolworths.com.au/shop/productdetails/1074441857/caterrax-9-compartment-glass-rack-500-x-500-x-100mm",
    "name": "Caterrax 9 Compartment Glass Rack | 500 X 500 X 100Mm",
    "image_url": "https://cdn1.woolworths.media/content/wowproductimages/large/1074441857.jpg",
    "source_id": "Woolworths - 1074441857",
    "barcode": null,
    "shop": "Woolworths",
    "weight": "1EA",
    "prices": [
      {
        "state": "NSW",
        "price": "6950",
        "price_per_unit": "6950",
        "price_unit": "EA"
      },
      {
        "state": "VIC",
        "price": "6950",
        "price_per_unit": "6950",
        "price_unit": "EA"
      }
    ]
  },
  {
    "source_url": "https://www.woolworths.com.au/shop/productdetails/1074441856/caterrax-cutlery-flatware-basket-with-handles-8-compartments-425-x-200-x-150mm",
    "name": "Caterrax Cutlery / Flatware Basket With Handles 8 Compartments | 425 X 200 X 150Mm",
    "image_url": "https://cdn1.woolworths.media/content/wowproductimages/large/1074441856.jpg",
    "source_id": "Woolworths - 1074441856",
    "barcode": null,
    "shop": "Woolworths",
    "weight": "1EA",
    "prices": [
      {
        "state": "NSW",
        "price": "5950",
        "price_per_unit": "5950",
        "price_unit": "EA"
      },
      {
        "state": "VIC",
        "price": "5950",
        "price_per_unit": "5950",
        "price_unit": "EA"
      }
    ]
  },
  {
    "source_url": "https://www.woolworths.com.au/shop/productdetails/1074441862/caterrax-plate-and-tray-rack-500-x-500-x-100mm",
    "name": "Caterrax Plate And Tray Rack 500 X 500 X 100Mm",
    "image_url": "https://cdn1.woolworths.media/content/wowproductimages/large/1074441862.jpg",
    "source_id": "Woolworths - 1074441862",
    "barcode": null,
    "shop": "Woolworths",
    "weight": "1EA",
    "prices": [
      {
        "state": "NSW",
        "price": "6450",
        "price_per_unit": "6450",
        "price_unit": "EA"
      },
      {
        "state": "VIC",
        "price": "6450",
        "price_per_unit": "6450",
        "price_unit": "EA"
      }
    ]
  },
  {
    "source_url": "https://www.woolworths.com.au/shop/productdetails/1075537071/cleaner-days-dishwasher-detergent-sheets-lemon-60-pack",
    "name": "Cleaner Days Dishwasher Detergent Sheets - Lemon 60 Pack",
    "image_url": "https://cdn1.woolworths.media/content/wowproductimages/large/1075537071.jpg",
    "source_id": "Woolworths - 1075537071",
    "barcode": null,
    "shop": "Woolworths",
    "weight": "100EA",
    "prices": [
      {
        "state": "NSW",
        "price": "2095",
        "price_per_unit": "3492",
        "price_unit": "EA"
      },
      {
        "state": "VIC",
        "price": "2095",
        "price_per_unit": "3492",
        "price_unit": "EA"
      }
    ]
  },
  {
    "source_url": "https://www.woolworths.com.au/shop/productdetails/1074190457/clevinger-3pc-eco-cleaning-pad-assorted-color",
    "name": "Clevinger 3PC Eco Cleaning Pad - Assorted Color",
    "image_url": "https://cdn1.woolworths.media/content/wowproductimages/large/1074190457.jpg",
    "source_id": "Woolworths - 1074190457",
    "barcode": null,
    "shop": "Woolworths",
    "weight": "1EA",
    "prices": [
      {
        "state": "NSW",
        "price": "2995",
        "price_per_unit": "998",
        "price_unit": "EA"
      },
      {
        "state": "VIC",
        "price": "2995",
        "price_per_unit": "998",
        "price_unit": "EA"
      }
    ]
  },
  {
    "source_url": "https://www.woolworths.com.au/shop/productdetails/1074190455/clevinger-3pc-natural-scouring-pad",
    "name": "Clevinger 3PC Natural Scouring Pad",
    "image_url": "https://cdn1.woolworths.media/content/wowproductimages/large/1074190455.jpg",
    "source_id": "Woolworths - 1074190455",
    "barcode": null,
    "shop": "Woolworths",
    "weight": "1EA",
    "prices": [
      {
        "state": "NSW",
        "price": "2995",
        "price_per_unit": "998",
        "price_unit": "EA"
      },
      {
        "state": "VIC",
        "price": "2995",
        "price_per_unit": "998",
        "price_unit": "EA"
      }
    ]
  },
  {
    "source_url": "https://www.woolworths.com.au/shop/productdetails/1074190453/clevinger-6pc-biodegradable-sponges",
    "name": "Clevinger 6PC Biodegradable Sponges",
    "image_url": "https://cdn1.woolworths.media/content/wowproductimages/large/1074190453.jpg",
    "source_id": "Woolworths - 1074190453",
    "barcode": null,
    "shop": "Woolworths",
    "weight": "1EA",
    "prices": [
      {
        "state": "NSW",
        "price": "2995",
        "price_per_unit": "998",
        "price_unit": "EA"
      },
      {
        "state": "VIC",
        "price": "2995",
        "price_per_unit": "998",
        "price_unit": "EA"
      }
    ]
  },
  {
    "source_url": "https://www.woolworths.com.au/shop/productdetails/1074190454/clevinger-6pc-cellulose-cleaning-sponges",
    "name": "Clevinger 6PC Cellulose Cleaning Sponges",
    "image_url": "https://cdn1.woolworths.media/content/wowproductimages/large/1074190454.jpg",
    "source_id": "Woolworths - 1074190454",
    "barcode": null,
    "shop": "Woolworths",
    "weight": "1EA",
    "prices": [
      {
        "state": "NSW",
        "price": "2995",
        "price_per_unit": "998",
        "price_unit": "EA"
      },
      {
        "state": "VIC",
        "price": "2995",
        "price_per_unit": "998",
        "price_unit": "EA"
      }
    ]
  },
  {
    "source_url": "https://www.woolworths.com.au/shop/productdetails/1074190456/clevinger-6pc-natural-fibre-scouring-pad",
    "name": "Clevinger 6PC Natural Fibre Scouring Pad",
    "image_url": "https://cdn1.woolworths.media/content/wowproductimages/large/1074190456.jpg",
    "source_id": "Woolworths - 1074190456",
    "barcode": null,
    "shop": "Woolworths",
    "weight": "1EA",
    "prices": [
      {
        "state": "NSW",
        "price": "2995",
        "price_per_unit": "998",
        "price_unit": "EA"
      },
      {
        "state": "VIC",
        "price": "2995",
        "price_per_unit": "998",
        "price_unit": "EA"
      }
    ]
  },
  {
    "source_url": "https://www.woolworths.com.au/shop/productdetails/1074190458/clevinger-eco-wipe-general-use-assorted-color-3-pack",
    "name": "Clevinger Eco Wipe General Use - Assorted Color 3 pack",
    "image_url": "https://cdn1.woolworths.media/content/wowproductimages/large/1074190458.jpg",
    "source_id": "Woolworths - 1074190458",
    "barcode": null,
    "shop": "Woolworths",
    "weight": "1EA",
    "prices": [
      {
        "state": "NSW",
        "price": "2995",
        "price_per_unit": "998",
        "price_unit": "EA"
      },
      {
        "state": "VIC",
        "price": "2995",
        "price_per_unit": "998",
        "price_unit": "EA"
      }
    ]
  },
  {
    "source_url": "https://www.woolworths.com.au/shop/productdetails/1074487731/dawn-platinum-advanced-power-dishwashing-liquid-2-66l",
    "name": "Dawn Platinum Advanced Power Dishwashing Liquid 2.66L",
    "image_url": "https://cdn1.woolworths.media/content/wowproductimages/large/1074487731.jpg",
    "source_id": "Woolworths - 1074487731",
    "barcode": null,
    "shop": "Woolworths",
    "weight": "100ML",
    "prices": [
      {
        "state": "NSW",
        "price": "4199",
        "price_per_unit": "158",
        "price_unit": "ML"
      },
      {
        "state": "VIC",
        "price": "4199",
        "price_per_unit": "158",
        "price_unit": "ML"
      }
    ]
  },
  {
    "source_url": "https://www.woolworths.com.au/shop/productdetails/866763/dettol-healthy-clean-antibacterial-kitchen-cleaner-trigger-spray",
    "name": "Dettol Healthy Clean Antibacterial Kitchen Cleaner Trigger Spray 500ml",
    "image_url": "https://cdn1.woolworths.media/content/wowproductimages/large/866763.jpg",
    "source_id": "Woolworths - 866763",
    "barcode": "9300701106560",
    "shop": "Woolworths",
    "weight": "100ML",
    "prices": [
      {
        "state": "NSW",
        "price": "450",
        "price_per_unit": "90",
        "price_unit": "ML"
      },
      {
        "state": "VIC",
        "price": "450",
        "price_per_unit": "90",
        "price_unit": "ML"
      },
      {
        "state": "QLD",
        "price": "450",
        "price_per_unit": "90",
        "price_unit": "ML"
      },
      {
        "state": "WA",
        "price": "450",
        "price_per_unit": "90",
        "price_unit": "ML"
      },
      {
        "state": "SA",
        "price": "450",
        "price_per_unit": "90",
        "price_unit": "ML"
      },
      {
        "state": "TAS",
        "price": "450",
        "price_per_unit": "90",
        "price_unit": "ML"
      },
      {
        "state": "NT",
        "price": "475",
        "price_per_unit": "95",
        "price_unit": "ML"
      }
    ]
  },
  {
    "source_url": "https://www.woolworths.com.au/shop/productdetails/1074401239/diversey-sun-platinum-eco-dishwasher-tablets-box-70",
    "name": "Diversey Sun Platinum-Eco Dishwasher Tablets Box 70",
    "image_url": "https://cdn1.woolworths.media/content/wowproductimages/large/1074401239.jpg",
    "source_id": "Woolworths - 1074401239",
    "barcode": null,
    "shop": "Woolworths",
    "weight": null,
    "prices": []
  },
  {
    "source_url": "https://www.woolworths.com.au/shop/productdetails/1073950711/drain-dropper-cleaner-12pk",
    "name": "Drain Dropper Cleaner 12PK",
    "image_url": "https://cdn1.woolworths.media/content/wowproductimages/large/1073950711.jpg",
    "source_id": "Woolworths - 1073950711",
    "barcode": null,
    "shop": "Woolworths",
    "weight": null,
    "prices": []
  },
  {
    "source_url": "https://www.woolworths.com.au/shop/productdetails/220980/easy-off-bam-kitchen-degreaser-cleaning-spray",
    "name": "Easy Off Bam Kitchen Degreaser Cleaning Spray 750ml",
    "image_url": "https://cdn1.woolworths.media/content/wowproductimages/large/220980.jpg",
    "source_id": "Woolworths - 220980",
    "barcode": "9300701138196",
    "shop": "Woolworths",
    "weight": "100ML",
    "prices": [
      {
        "state": "NSW",
        "price": "850",
        "price_per_unit": "113",
        "price_unit": "ML"
      },
      {
        "state": "VIC",
        "price": "850",
        "price_per_unit": "113",
        "price_unit": "ML"
      },
      {
        "state": "QLD",
        "price": "850",
        "price_per_unit": "113",
        "price_unit": "ML"
      },
      {
        "state": "WA",
        "price": "850",
        "price_per_unit": "113",
        "price_unit": "ML"
      },
      {
        "state": "SA",
        "price": "850",
        "price_per_unit": "113",
        "price_unit": "ML"
      },
      {
        "state": "TAS",
        "price": "850",
        "price_per_unit": "113",
        "price_unit": "ML"
      },
      {
        "state": "ACT",
        "price": "850",
        "price_per_unit": "113",
        "price_unit": "ML"
      },
      {
        "state": "NT",
        "price": "850",
        "price_per_unit": "113",
        "price_unit": "ML"
      }
    ]
  },
  {
    "source_url": "https://www.woolworths.com.au/shop/productdetails/221730/easy-off-bam-oven-bbq-everyday-cleaner-spray",
    "name": "Easy Off Bam Oven & BBQ Everyday Cleaner Spray 750mL",
    "image_url": "https://cdn1.woolworths.media/content/wowproductimages/large/221730.jpg",
    "source_id": "Woolworths - 221730",
    "barcode": "9300701142018",
    "shop": "Woolworths",
    "weight": "100ML",
    "prices": [
      {
        "state": "NSW",
        "price": "850",
        "price_per_unit": "113",
        "price_unit": "ML"
      },
      {
        "state": "VIC",
        "price": "850",
        "price_per_unit": "113",
        "price_unit": "ML"
      },
      {
        "state": "QLD",
        "price": "850",
        "price_per_unit": "113",
        "price_unit": "ML"
      },
      {
        "state": "WA",
        "price": "850",
        "price_per_unit": "113",
        "price_unit": "ML"
      },
      {
        "state": "SA",
        "price": "850",
        "price_per_unit": "113",
        "price_unit": "ML"
      },
      {
        "state": "TAS",
        "price": "850",
        "price_per_unit": "113",
        "price_unit": "ML"
      },
      {
        "state": "ACT",
        "price": "850",
        "price_per_unit": "113",
        "price_unit": "ML"
      },
      {
        "state": "NT",
        "price": "850",
        "price_per_unit": "113",
        "price_unit": "ML"
      }
    ]
  },
  {
    "source_url": "https://www.woolworths.com.au/shop/productdetails/233881/easy-off-bam-oven-bbq-heavy-duty-cleaner-spray",
    "name": "Easy Off Bam Oven & BBQ Heavy Duty Cleaner Spray 325g",
    "image_url": "https://cdn1.woolworths.media/content/wowproductimages/large/233881.jpg",
    "source_id": "Woolworths - 233881",
    "barcode": "9300701462734",
    "shop": "Woolworths",
    "weight": "100G",
    "prices": [
      {
        "state": "NSW",
        "price": "550",
        "price_per_unit": "169",
        "price_unit": "G"
      },
      {
        "state": "VIC",
        "price": "550",
        "price_per_unit": "169",
        "price_unit": "G"
      },
      {
        "state": "QLD",
        "price": "550",
        "price_per_unit": "169",
        "price_unit": "G"
      },
      {
        "state": "WA",
        "price": "550",
        "price_per_unit": "169",
        "price_unit": "G"
      },
      {
        "state": "SA",
        "price": "550",
        "price_per_unit": "169",
        "price_unit": "G"
      },
      {
        "state": "TAS",
        "price": "550",
        "price_per_unit": "169",
        "price_unit": "G"
      },
      {
        "state": "ACT",
        "price": "550",
        "price_per_unit": "169",
        "price_unit": "G"
      },
      {
        "state": "NT",
        "price": "580",
        "price_per_unit": "178",
        "price_unit": "G"
      }
    ]
  },
  {
    "source_url": "https://www.woolworths.com.au/shop/productdetails/1075042694/eco-basics-plastic-free-bottle-brush-residue-grim-remover-cleaner-2pk-23cm",
    "name": "Eco Basics Plastic Free Bottle Brush Residue/Grim Remover Cleaner 2PK 23cm",
    "image_url": "https://cdn1.woolworths.media/content/wowproductimages/large/1075042694.jpg",
    "source_id": "Woolworths - 1075042694",
    "barcode": null,
    "shop": "Woolworths",
    "weight": "1EA",
    "prices": [
      {
        "state": "NSW",
        "price": "2500",
        "price_per_unit": "1250",
        "price_unit": "EA"
      },
      {
        "state": "VIC",
        "price": "2500",
        "price_per_unit": "1250",
        "price_unit": "EA"
      }
    ]
  },
  {
    "source_url": "https://www.woolworths.com.au/shop/productdetails/908815/elbow-grease-air-fryer-cleaner",
    "name": "Elbow Grease Air Fryer Cleaner 500ml",
    "image_url": "https://cdn1.woolworths.media/content/wowproductimages/large/908815.jpg",
    "source_id": "Woolworths - 908815",
    "barcode": "5053249274409",
    "shop": "Woolworths",
    "weight": "100ML",
    "prices": [
      {
        "state": "NSW",
        "price": "500",
        "price_per_unit": "100",
        "price_unit": "ML"
      },
      {
        "state": "VIC",
        "price": "500",
        "price_per_unit": "100",
        "price_unit": "ML"
      },
      {
        "state": "QLD",
        "price": "500",
        "price_per_unit": "100",
        "price_unit": "ML"
      },
      {
        "state": "WA",
        "price": "500",
        "price_per_unit": "100",
        "price_unit": "ML"
      },
      {
        "state": "SA",
        "price": "500",
        "price_per_unit": "100",
        "price_unit": "ML"
      },
      {
        "state": "TAS",
        "price": "500",
        "price_per_unit": "100",
        "price_unit": "ML"
      },
      {
        "state": "ACT",
        "price": "500",
        "price_per_unit": "100",
        "price_unit": "ML"
      },
      {
        "state": "NT",
        "price": "525",
        "price_per_unit": "105",
        "price_unit": "ML"
      }
    ]
  },
  {
    "source_url": "https://www.woolworths.com.au/shop/productdetails/908868/elbow-grease-kitchen-degreaser",
    "name": "Elbow Grease Kitchen Degreaser 1l",
    "image_url": "https://cdn1.woolworths.media/content/wowproductimages/large/908868.jpg",
    "source_id": "Woolworths - 908868",
    "barcode": "5053249274690",
    "shop": "Woolworths",
    "weight": "100ML",
    "prices": [
      {
        "state": "NSW",
        "price": "800",
        "price_per_unit": "80",
        "price_unit": "ML"
      },
      {
        "state": "VIC",
        "price": "800",
        "price_per_unit": "80",
        "price_unit": "ML"
      },
      {
        "state": "QLD",
        "price": "800",
        "price_per_unit": "80",
        "price_unit": "ML"
      },
      {
        "state": "WA",
        "price": "800",
        "price_per_unit": "80",
        "price_unit": "ML"
      },
      {
        "state": "SA",
        "price": "800",
        "price_per_unit": "80",
        "price_unit": "ML"
      },
      {
        "state": "TAS",
        "price": "800",
        "price_per_unit": "80",
        "price_unit": "ML"
      },
      {
        "state": "ACT",
        "price": "800",
        "price_per_unit": "80",
        "price_unit": "ML"
      },
      {
        "state": "NT",
        "price": "840",
        "price_per_unit": "84",
        "price_unit": "ML"
      }
    ]
  },
  {
    "source_url": "https://www.woolworths.com.au/shop/productdetails/909106/elbow-grease-oven-grill-cleaner",
    "name": "Elbow Grease Oven & Grill Cleaner 400mL",
    "image_url": "https://cdn1.woolworths.media/content/wowproductimages/large/909106.jpg",
    "source_id": "Woolworths - 909106",
    "barcode": "5053249274461",
    "shop": "Woolworths",
    "weight": "100ML",
    "prices": [
      {
        "state": "NSW",
        "price": "500",
        "price_per_unit": "125",
        "price_unit": "ML"
      },
      {
        "state": "VIC",
        "price": "500",
        "price_per_unit": "125",
        "price_unit": "ML"
      },
      {
        "state": "QLD",
        "price": "500",
        "price_per_unit": "125",
        "price_unit": "ML"
      },
      {
        "state": "SA",
        "price": "500",
        "price_per_unit": "125",
        "price_unit": "ML"
      },
      {
        "state": "ACT",
        "price": "500",
        "price_per_unit": "125",
        "price_unit": "ML"
      },
      {
        "state": "NT",
        "price": "525",
        "price_per_unit": "131",
        "price_unit": "ML"
      }
    ]
  },
  {
    "source_url": "https://www.woolworths.com.au/shop/productdetails/909073/elbow-grease-oven-cleaning-kit",
    "name": "Elbow Grease Oven Cleaning Kit 500ml",
    "image_url": "https://cdn1.woolworths.media/content/wowproductimages/large/909073.jpg",
    "source_id": "Woolworths - 909073",
    "barcode": "5053249274508",
    "shop": "Woolworths",
    "weight": "1EA",
    "prices": [
      {
        "state": "NSW",
        "price": "800",
        "price_per_unit": "800",
        "price_unit": "EA"
      },
      {
        "state": "VIC",
        "price": "800",
        "price_per_unit": "800",
        "price_unit": "EA"
      },
      {
        "state": "QLD",
        "price": "800",
        "price_per_unit": "800",
        "price_unit": "EA"
      },
      {
        "state": "WA",
        "price": "800",
        "price_per_unit": "800",
        "price_unit": "EA"
      },
      {
        "state": "SA",
        "price": "800",
        "price_per_unit": "800",
        "price_unit": "EA"
      },
      {
        "state": "ACT",
        "price": "800",
        "price_per_unit": "800",
        "price_unit": "EA"
      },
      {
        "state": "NT",
        "price": "840",
        "price_per_unit": "840",
        "price_unit": "EA"
      }
    ]
  },
  {
    "source_url": "https://www.woolworths.com.au/shop/productdetails/1073978160/enviro-wizard-oven-cooktop-cleaner-5l",
    "name": "Enviro Wizard Oven & Cooktop Cleaner 5L",
    "image_url": "https://cdn1.woolworths.media/content/wowproductimages/large/1073978160.jpg",
    "source_id": "Woolworths - 1073978160",
    "barcode": null,
    "shop": "Woolworths",
    "weight": "100ML",
    "prices": [
      {
        "state": "NSW",
        "price": "5040",
        "price_per_unit": "101",
        "price_unit": "ML"
      },
      {
        "state": "VIC",
        "price": "5040",
        "price_per_unit": "101",
        "price_unit": "ML"
      }
    ]
  },
  {
    "source_url": "https://www.woolworths.com.au/shop/productdetails/1074080886/envirocare-earth-dish-wash-liquid-mint-5l",
    "name": "envirocare earth Dish Wash Liquid  MINT 5L",
    "image_url": "https://cdn1.woolworths.media/content/wowproductimages/large/1074080886.jpg",
    "source_id": "Woolworths - 1074080886",
    "barcode": null,
    "shop": "Woolworths",
    "weight": "100ML",
    "prices": [
      {
        "state": "NSW",
        "price": "4170",
        "price_per_unit": "83",
        "price_unit": "ML"
      },
      {
        "state": "VIC",
        "price": "4170",
        "price_per_unit": "83",
        "price_unit": "ML"
      }
    ]
  },
  {
    "source_url": "https://www.woolworths.com.au/shop/productdetails/1074080887/envirocare-earth-dish-wash-liquid-mint-with-tap-15l",
    "name": "envirocare earth Dish Wash Liquid  MINT with TAP 15L",
    "image_url": "https://cdn1.woolworths.media/content/wowproductimages/large/1074080887.jpg",
    "source_id": "Woolworths - 1074080887",
    "barcode": null,
    "shop": "Woolworths",
    "weight": "100ML",
    "prices": [
      {
        "state": "NSW",
        "price": "12630",
        "price_per_unit": "84",
        "price_unit": "ML"
      },
      {
        "state": "VIC",
        "price": "12630",
        "price_per_unit": "84",
        "price_unit": "ML"
      }
    ]
  },
  {
    "source_url": "https://www.woolworths.com.au/shop/productdetails/1074080890/envirocare-earth-dish-wash-liquid-lemon-lime-5l",
    "name": "envirocare earth Dish Wash Liquid Lemon & Lime 5L",
    "image_url": "https://cdn1.woolworths.media/content/wowproductimages/large/1074080890.jpg",
    "source_id": "Woolworths - 1074080890",
    "barcode": null,
    "shop": "Woolworths",
    "weight": "100ML",
    "prices": [
      {
        "state": "NSW",
        "price": "4170",
        "price_per_unit": "83",
        "price_unit": "ML"
      },
      {
        "state": "VIC",
        "price": "4170",
        "price_per_unit": "83",
        "price_unit": "ML"
      }
    ]
  },
  {
    "source_url": "https://www.woolworths.com.au/shop/productdetails/1074192647/envirocare-earth-dish-wash-liquid-lemon-lime-with-tap-15l",
    "name": "envirocare earth Dish Wash Liquid Lemon & Lime with TAP 15L",
    "image_url": "https://cdn1.woolworths.media/content/wowproductimages/large/1074192647.jpg",
    "source_id": "Woolworths - 1074192647",
    "barcode": null,
    "shop": "Woolworths",
    "weight": null,
    "prices": []
  },
  {
    "source_url": "https://www.woolworths.com.au/shop/productdetails/1074080882/envirocare-earth-dishwasher-powder-super-conc-1kg-2-pack",
    "name": "envirocare earth Dishwasher Powder - Super Conc 1KG 2 pack",
    "image_url": "https://cdn1.woolworths.media/content/wowproductimages/large/1074080882.jpg",
    "source_id": "Woolworths - 1074080882",
    "barcode": null,
    "shop": "Woolworths",
    "weight": "100G",
    "prices": [
      {
        "state": "NSW",
        "price": "3680",
        "price_per_unit": "184",
        "price_unit": "G"
      },
      {
        "state": "VIC",
        "price": "3680",
        "price_per_unit": "184",
        "price_unit": "G"
      }
    ]
  },
  {
    "source_url": "https://www.woolworths.com.au/shop/productdetails/1074080883/envirocare-earth-dishwasher-powder-super-conc-5kg",
    "name": "envirocare earth Dishwasher Powder - Super Conc 5KG",
    "image_url": "https://cdn1.woolworths.media/content/wowproductimages/large/1074080883.jpg",
    "source_id": "Woolworths - 1074080883",
    "barcode": null,
    "shop": "Woolworths",
    "weight": "100G",
    "prices": [
      {
        "state": "NSW",
        "price": "7265",
        "price_per_unit": "145",
        "price_unit": "G"
      },
      {
        "state": "VIC",
        "price": "7265",
        "price_per_unit": "145",
        "price_unit": "G"
      }
    ]
  },
  {
    "source_url": "https://www.woolworths.com.au/shop/productdetails/1074129183/envirocare-earth-dishwasher-powder-super-conc-20kg",
    "name": "envirocare earth Dishwasher Powder - Super Conc. 20KG",
    "image_url": "https://cdn1.woolworths.media/content/wowproductimages/large/1074129183.jpg",
    "source_id": "Woolworths - 1074129183",
    "barcode": null,
    "shop": "Woolworths",
    "weight": "100G",
    "prices": [
      {
        "state": "NSW",
        "price": "26555",
        "price_per_unit": "133",
        "price_unit": "G"
      },
      {
        "state": "VIC",
        "price": "26555",
        "price_per_unit": "133",
        "price_unit": "G"
      }
    ]
  },
  {
    "source_url": "https://www.woolworths.com.au/shop/productdetails/1074129194/envirocare-earth-fruit-vege-wash-500ml-2-pack",
    "name": "envirocare earth Fruit & Vege Wash 500ml 2 pack",
    "image_url": "https://cdn1.woolworths.media/content/wowproductimages/large/1074129194.jpg",
    "source_id": "Woolworths - 1074129194",
    "barcode": null,
    "shop": "Woolworths",
    "weight": "100ML",
    "prices": [
      {
        "state": "NSW",
        "price": "2715",
        "price_per_unit": "272",
        "price_unit": "ML"
      },
      {
        "state": "VIC",
        "price": "2715",
        "price_per_unit": "272",
        "price_unit": "ML"
      }
    ]
  },
  {
    "source_url": "https://www.woolworths.com.au/shop/productdetails/1074129196/envirocare-earth-heavy-duty-cleaner-oven-bbq-rtu-5l",
    "name": "envirocare earth Heavy Duty Cleaner - Oven & BBQ. RTU 5L",
    "image_url": "https://cdn1.woolworths.media/content/wowproductimages/large/1074129196.jpg",
    "source_id": "Woolworths - 1074129196",
    "barcode": null,
    "shop": "Woolworths",
    "weight": "100ML",
    "prices": [
      {
        "state": "NSW",
        "price": "5655",
        "price_per_unit": "113",
        "price_unit": "ML"
      },
      {
        "state": "VIC",
        "price": "5655",
        "price_per_unit": "113",
        "price_unit": "ML"
      }
    ]
  },
  {
    "source_url": "https://www.woolworths.com.au/shop/productdetails/1074129195/envirocare-earth-heavy-duty-cleaner-oven-bbq-rtu-with-tap-15l",
    "name": "envirocare earth Heavy Duty Cleaner - Oven & BBQ. RTU with TAP 15L",
    "image_url": "https://cdn1.woolworths.media/content/wowproductimages/large/1074129195.jpg",
    "source_id": "Woolworths - 1074129195",
    "barcode": null,
    "shop": "Woolworths",
    "weight": "100ML",
    "prices": [
      {
        "state": "NSW",
        "price": "14870",
        "price_per_unit": "99",
        "price_unit": "ML"
      },
      {
        "state": "VIC",
        "price": "14870",
        "price_per_unit": "99",
        "price_unit": "ML"
      }
    ]
  },
  {
    "source_url": "https://www.woolworths.com.au/shop/productdetails/1074129209/envirocare-earth-rinse-aid-concentrate-1l-2-pack",
    "name": "envirocare earth Rinse Aid -  Concentrate 1L 2 pack",
    "image_url": "https://cdn1.woolworths.media/content/wowproductimages/large/1074129209.jpg",
    "source_id": "Woolworths - 1074129209",
    "barcode": null,
    "shop": "Woolworths",
    "weight": "100ML",
    "prices": [
      {
        "state": "NSW",
        "price": "3610",
        "price_per_unit": "181",
        "price_unit": "ML"
      },
      {
        "state": "VIC",
        "price": "3610",
        "price_per_unit": "181",
        "price_unit": "ML"
      }
    ]
  },
  {
    "source_url": "https://www.woolworths.com.au/shop/productdetails/1074129210/envirocare-earth-rinse-aid-concentrate-with-tap-15l",
    "name": "envirocare earth Rinse Aid -  Concentrate with TAP 15L",
    "image_url": "https://cdn1.woolworths.media/content/wowproductimages/large/1074129210.jpg",
    "source_id": "Woolworths - 1074129210",
    "barcode": null,
    "shop": "Woolworths",
    "weight": "100ML",
    "prices": [
      {
        "state": "NSW",
        "price": "17390",
        "price_per_unit": "116",
        "price_unit": "ML"
      },
      {
        "state": "VIC",
        "price": "17390",
        "price_per_unit": "116",
        "price_unit": "ML"
      }
    ]
  },
  {
    "source_url": "https://www.woolworths.com.au/shop/productdetails/1073950561/enzyme-wizard-glass-stainless-steel-cleaner-5l",
    "name": "Enzyme Wizard Glass & Stainless Steel Cleaner 5L",
    "image_url": "https://cdn1.woolworths.media/content/wowproductimages/large/1073950561.jpg",
    "source_id": "Woolworths - 1073950561",
    "barcode": null,
    "shop": "Woolworths",
    "weight": null,
    "prices": []
  },
  {
    "source_url": "https://www.woolworths.com.au/shop/productdetails/1075343217/enzyme-wizard-glass-and-stainless-steel-cleaner-3pk-750ml",
    "name": "Enzyme Wizard Glass And Stainless Steel Cleaner 3PK 750ml",
    "image_url": "https://cdn1.woolworths.media/content/wowproductimages/large/1075343217.jpg",
    "source_id": "Woolworths - 1075343217",
    "barcode": null,
    "shop": "Woolworths",
    "weight": "1EA",
    "prices": [
      {
        "state": "NSW",
        "price": "4230",
        "price_per_unit": "1410",
        "price_unit": "EA"
      },
      {
        "state": "VIC",
        "price": "4230",
        "price_per_unit": "1410",
        "price_unit": "EA"
      }
    ]
  },
  {
    "source_url": "https://www.woolworths.com.au/shop/productdetails/1074325621/enzyme-wizard-oven-cooktop-fats-grease-cleaner-20l",
    "name": "Enzyme Wizard Oven & Cooktop Fats Grease Cleaner 20L",
    "image_url": "https://cdn1.woolworths.media/content/wowproductimages/large/1074325621.jpg",
    "source_id": "Woolworths - 1074325621",
    "barcode": null,
    "shop": "Woolworths",
    "weight": "100ML",
    "prices": [
      {
        "state": "NSW",
        "price": "13140",
        "price_per_unit": "66",
        "price_unit": "ML"
      },
      {
        "state": "VIC",
        "price": "13140",
        "price_per_unit": "66",
        "price_unit": "ML"
      }
    ]
  },
  {
    "source_url": "https://www.woolworths.com.au/shop/productdetails/1075819665/fairy-all-in-1-dishwashing-cleaning-tablets-204pc",
    "name": "Fairy All In 1 Dishwashing Cleaning Tablets 204pc",
    "image_url": "https://cdn1.woolworths.media/content/wowproductimages/large/1075819665.jpg",
    "source_id": "Woolworths - 1075819665",
    "barcode": null,
    "shop": "Woolworths",
    "weight": "1EA",
    "prices": [
      {
        "state": "NSW",
        "price": "11430",
        "price_per_unit": "2858",
        "price_unit": "EA"
      },
      {
        "state": "VIC",
        "price": "11430",
        "price_per_unit": "2858",
        "price_unit": "EA"
      }
    ]
  },
  {
    "source_url": "https://www.woolworths.com.au/shop/productdetails/1076029567/fairy-all-in-one-dishwasher-tablets-4-x-70-pack-",
    "name": "Fairy All-In-One Dishwasher Tablets (4 x 70 Pack)",
    "image_url": "https://cdn1.woolworths.media/content/wowproductimages/large/1076029567.jpg",
    "source_id": "Woolworths - 1076029567",
    "barcode": null,
    "shop": "Woolworths",
    "weight": "1EA",
    "prices": [
      {
        "state": "NSW",
        "price": "9900",
        "price_per_unit": "2475",
        "price_unit": "EA"
      },
      {
        "state": "VIC",
        "price": "9900",
        "price_per_unit": "2475",
        "price_unit": "EA"
      }
    ]
  },
  {
    "source_url": "https://www.woolworths.com.au/shop/productdetails/1076411889/fairy-all-in-one-lemon-dishwasher-tablets-3-x-96-pack-",
    "name": "Fairy All-In-One Lemon Dishwasher Tablets (3 x 96 Pack)",
    "image_url": "https://cdn1.woolworths.media/content/wowproductimages/large/1076411889.jpg",
    "source_id": "Woolworths - 1076411889",
    "barcode": null,
    "shop": "Woolworths",
    "weight": "1EA",
    "prices": [
      {
        "state": "NSW",
        "price": "9495",
        "price_per_unit": "3165",
        "price_unit": "EA"
      },
      {
        "state": "VIC",
        "price": "9495",
        "price_per_unit": "3165",
        "price_unit": "EA"
      }
    ]
  },
  {
    "source_url": "https://www.woolworths.com.au/shop/productdetails/1074668064/fairy-anti-bacterial-dish-surface-kitchen-spray-4-pack-4-x-450ml-",
    "name": "Fairy Anti-Bacterial Dish & Surface Kitchen Spray 4 Pack (4 x 450mL)",
    "image_url": "https://cdn1.woolworths.media/content/wowproductimages/large/1074668064.jpg",
    "source_id": "Woolworths - 1074668064",
    "barcode": null,
    "shop": "Woolworths",
    "weight": "1EA",
    "prices": [
      {
        "state": "NSW",
        "price": "3995",
        "price_per_unit": "999",
        "price_unit": "EA"
      },
      {
        "state": "VIC",
        "price": "3995",
        "price_per_unit": "999",
        "price_unit": "EA"
      }
    ]
  },
  {
    "source_url": "https://www.woolworths.com.au/shop/productdetails/1074668065/fairy-lemon-dish-surface-kitchen-spray-4-pack-4-x-450ml-",
    "name": "Fairy Lemon Dish & Surface Kitchen Spray 4 Pack (4 x 450mL)",
    "image_url": "https://cdn1.woolworths.media/content/wowproductimages/large/1074668065.jpg",
    "source_id": "Woolworths - 1074668065",
    "barcode": null,
    "shop": "Woolworths",
    "weight": "1EA",
    "prices": [
      {
        "state": "NSW",
        "price": "1995",
        "price_per_unit": "499",
        "price_unit": "EA"
      },
      {
        "state": "VIC",
        "price": "1995",
        "price_per_unit": "499",
        "price_unit": "EA"
      }
    ]
  },
  {
    "source_url": "https://www.woolworths.com.au/shop/productdetails/1075918379/fairy-platinum-all-in-one-dishwasher-tablets-2-x-94-pack-",
    "name": "Fairy Platinum All-In-One Dishwasher Tablets (2 x 94 Pack)",
    "image_url": "https://cdn1.woolworths.media/content/wowproductimages/large/1075918379.jpg",
    "source_id": "Woolworths - 1075918379",
    "barcode": null,
    "shop": "Woolworths",
    "weight": "100EA",
    "prices": [
      {
        "state": "NSW",
        "price": "10900",
        "price_per_unit": "5798",
        "price_unit": "EA"
      },
      {
        "state": "VIC",
        "price": "10900",
        "price_per_unit": "5798",
        "price_unit": "EA"
      }
    ]
  },
  {
    "source_url": "https://www.woolworths.com.au/shop/productdetails/1075004704/fairy-platinum-dishwasher-capsules-lemon-113-pack",
    "name": "Fairy Platinum Dishwasher Capsules Lemon 113 Pack",
    "image_url": "https://cdn1.woolworths.media/content/wowproductimages/large/1075004704.jpg",
    "source_id": "Woolworths - 1075004704",
    "barcode": null,
    "shop": "Woolworths",
    "weight": "100EA",
    "prices": [
      {
        "state": "NSW",
        "price": "8449",
        "price_per_unit": "7041",
        "price_unit": "EA"
      },
      {
        "state": "VIC",
        "price": "8449",
        "price_per_unit": "7041",
        "price_unit": "EA"
      }
    ]
  },
  {
    "source_url": "https://www.woolworths.com.au/shop/productdetails/1075256602/fairy-platinum-plus-dishwasher-capsules-lemon-5-x-28pk-434g",
    "name": "Fairy Platinum Plus Dishwasher Capsules Lemon 5 x 28PK 434g",
    "image_url": "https://cdn1.woolworths.media/content/wowproductimages/large/1075256602.jpg",
    "source_id": "Woolworths - 1075256602",
    "barcode": null,
    "shop": "Woolworths",
    "weight": "1EA",
    "prices": [
      {
        "state": "NSW",
        "price": "8010",
        "price_per_unit": "1602",
        "price_unit": "EA"
      },
      {
        "state": "VIC",
        "price": "8010",
        "price_per_unit": "1602",
        "price_unit": "EA"
      }
    ]
  },
  {
    "source_url": "https://www.woolworths.com.au/shop/productdetails/1076411888/fairy-platinum-plus-dishwasher-tablets-4-x-42-pack-",
    "name": "Fairy Platinum Plus Dishwasher Tablets (4 x 42 Pack)",
    "image_url": "https://cdn1.woolworths.media/content/wowproductimages/large/1076411888.jpg",
    "source_id": "Woolworths - 1076411888",
    "barcode": null,
    "shop": "Woolworths",
    "weight": "1EA",
    "prices": [
      {
        "state": "NSW",
        "price": "8495",
        "price_per_unit": "2124",
        "price_unit": "EA"
      },
      {
        "state": "VIC",
        "price": "8495",
        "price_per_unit": "2124",
        "price_unit": "EA"
      }
    ]
  },
  {
    "source_url": "https://www.woolworths.com.au/shop/productdetails/1074679969/finish-112-x-ultimate-pro-dishwashing-tablets-lemon-sparkle-7-x-16-pack-",
    "name": "Finish 112 x Ultimate Pro Dishwashing Tablets Lemon Sparkle (7 x 16 Pack)",
    "image_url": "https://cdn1.woolworths.media/content/wowproductimages/large/1074679969.jpg",
    "source_id": "Woolworths - 1074679969",
    "barcode": null,
    "shop": "Woolworths",
    "weight": "1EA",
    "prices": [
      {
        "state": "NSW",
        "price": "9495",
        "price_per_unit": "1356",
        "price_unit": "EA"
      },
      {
        "state": "VIC",
        "price": "9495",
        "price_per_unit": "1356",
        "price_unit": "EA"
      }
    ]
  },
  {
    "source_url": "https://www.woolworths.com.au/shop/productdetails/1074325563/finish-132-x-powerball-ultimate-essential-dishwasher-cleaning-tabs-3-x-44-pack-",
    "name": "Finish 132 x Powerball Ultimate Essential Dishwasher Cleaning Tabs (3 x 44 Pack)",
    "image_url": "https://cdn1.woolworths.media/content/wowproductimages/large/1074325563.jpg",
    "source_id": "Woolworths - 1074325563",
    "barcode": null,
    "shop": "Woolworths",
    "weight": "1EA",
    "prices": [
      {
        "state": "NSW",
        "price": "8370",
        "price_per_unit": "2790",
        "price_unit": "EA"
      },
      {
        "state": "VIC",
        "price": "8370",
        "price_per_unit": "2790",
        "price_unit": "EA"
      }
    ]
  },
  {
    "source_url": "https://www.woolworths.com.au/shop/productdetails/1075545239/finish-144-x-powerball-dishwasher-cleaning-tablets-power-4-x-36-pack-",
    "name": "Finish 144 x Powerball Dishwasher Cleaning Tablets Power (4 x 36 Pack)",
    "image_url": "https://cdn1.woolworths.media/content/wowproductimages/large/1075545239.jpg",
    "source_id": "Woolworths - 1075545239",
    "barcode": null,
    "shop": "Woolworths",
    "weight": "1EA",
    "prices": [
      {
        "state": "NSW",
        "price": "6750",
        "price_per_unit": "1688",
        "price_unit": "EA"
      },
      {
        "state": "VIC",
        "price": "6750",
        "price_per_unit": "1688",
        "price_unit": "EA"
      }
    ]
  },
  {
    "source_url": "https://www.woolworths.com.au/shop/productdetails/1075579633/finish-144-x-powerball-power-dishwasher-tablets-4-x-36-pack-",
    "name": "Finish 144 x Powerball Power Dishwasher Tablets (4 x 36 Pack)",
    "image_url": "https://cdn1.woolworths.media/content/wowproductimages/large/1075579633.jpg",
    "source_id": "Woolworths - 1075579633",
    "barcode": null,
    "shop": "Woolworths",
    "weight": "100EA",
    "prices": [
      {
        "state": "NSW",
        "price": "6495",
        "price_per_unit": "4510",
        "price_unit": "EA"
      },
      {
        "state": "VIC",
        "price": "6495",
        "price_per_unit": "4510",
        "price_unit": "EA"
      }
    ]
  },
  {
    "source_url": "https://www.woolworths.com.au/shop/productdetails/1074668068/finish-175-x-quantum-ultimate-all-in-1-powerball-dishwashing-tablets-7-x-25-pack-",
    "name": "Finish 175 x Quantum Ultimate All-In-1 Powerball Dishwashing Tablets (7 x 25 Pack)",
    "image_url": "https://cdn1.woolworths.media/content/wowproductimages/large/1074668068.jpg",
    "source_id": "Woolworths - 1074668068",
    "barcode": null,
    "shop": "Woolworths",
    "weight": "1EA",
    "prices": [
      {
        "state": "NSW",
        "price": "8495",
        "price_per_unit": "1214",
        "price_unit": "EA"
      },
      {
        "state": "VIC",
        "price": "8495",
        "price_per_unit": "1214",
        "price_unit": "EA"
      }
    ]
  },
  {
    "source_url": "https://www.woolworths.com.au/shop/productdetails/1074980614/finish-216-x-ultimate-all-in-1-dishwashing-tablets-lemon-sparkle-6-x-36-pack-",
    "name": "Finish 216 x Ultimate All-in-1 Dishwashing Tablets Lemon Sparkle (6 x 36 Pack)",
    "image_url": "https://cdn1.woolworths.media/content/wowproductimages/large/1074980614.jpg",
    "source_id": "Woolworths - 1074980614",
    "barcode": null,
    "shop": "Woolworths",
    "weight": "1EA",
    "prices": [
      {
        "state": "NSW",
        "price": "10900",
        "price_per_unit": "1817",
        "price_unit": "EA"
      },
      {
        "state": "VIC",
        "price": "10900",
        "price_per_unit": "1817",
        "price_unit": "EA"
      }
    ]
  },
  {
    "source_url": "https://www.woolworths.com.au/shop/productdetails/1075256558/finish-225-x-powerball-quantum-dishwashing-tablets-lemon-sparkle-5-x-45-pack-",
    "name": "Finish 225 x Powerball Quantum Dishwashing Tablets Lemon Sparkle (5 x 45 Pack)",
    "image_url": "https://cdn1.woolworths.media/content/wowproductimages/large/1075256558.jpg",
    "source_id": "Woolworths - 1075256558",
    "barcode": null,
    "shop": "Woolworths",
    "weight": "1EA",
    "prices": [
      {
        "state": "NSW",
        "price": "11610",
        "price_per_unit": "2322",
        "price_unit": "EA"
      },
      {
        "state": "VIC",
        "price": "11610",
        "price_per_unit": "2322",
        "price_unit": "EA"
      }
    ]
  },
  {
    "source_url": "https://www.woolworths.com.au/shop/productdetails/1074325682/finish-230-x-powerball-all-in-1-dishwashing-tablet-pods-regular-5-x-46-pack-",
    "name": "Finish 230 x Powerball All-in-1 Dishwashing Tablet Pods - Regular (5 x 46 Pack)",
    "image_url": "https://cdn1.woolworths.media/content/wowproductimages/large/1074325682.jpg",
    "source_id": "Woolworths - 1074325682",
    "barcode": null,
    "shop": "Woolworths",
    "weight": "1EA",
    "prices": [
      {
        "state": "NSW",
        "price": "10710",
        "price_per_unit": "2142",
        "price_unit": "EA"
      },
      {
        "state": "VIC",
        "price": "10710",
        "price_per_unit": "2142",
        "price_unit": "EA"
      }
    ]
  },
  {
    "source_url": "https://www.woolworths.com.au/shop/productdetails/1075579453/finish-230-x-powerball-dishwashing-tablets-power-all-in-1-5-x-46-pack-",
    "name": "Finish 230 x Powerball Dishwashing Tablets Power All In 1 (5 x 46 Pack)",
    "image_url": "https://cdn1.woolworths.media/content/wowproductimages/large/1075579453.jpg",
    "source_id": "Woolworths - 1075579453",
    "barcode": null,
    "shop": "Woolworths",
    "weight": "100EA",
    "prices": [
      {
        "state": "NSW",
        "price": "9995",
        "price_per_unit": "4346",
        "price_unit": "EA"
      },
      {
        "state": "VIC",
        "price": "9995",
        "price_per_unit": "4346",
        "price_unit": "EA"
      }
    ]
  },
  {
    "source_url": "https://www.woolworths.com.au/shop/productdetails/1075256495/finish-240-x-powerball-power-essential-dishwashing-tablets-16-x-15-pack-",
    "name": "Finish 240 x Powerball Power Essential Dishwashing Tablets (16 x 15 Pack)",
    "image_url": "https://cdn1.woolworths.media/content/wowproductimages/large/1075256495.jpg",
    "source_id": "Woolworths - 1075256495",
    "barcode": null,
    "shop": "Woolworths",
    "weight": "1EA",
    "prices": [
      {
        "state": "NSW",
        "price": "10710",
        "price_per_unit": "669",
        "price_unit": "EA"
      },
      {
        "state": "VIC",
        "price": "10710",
        "price_per_unit": "669",
        "price_unit": "EA"
      }
    ]
  },
  {
    "source_url": "https://www.woolworths.com.au/shop/productdetails/1075256501/finish-245-x-powerball-dishwashing-tablets-ultimate-pro-7-x-35-pack-",
    "name": "Finish 245 x Powerball Dishwashing Tablets Ultimate Pro (7 x 35 Pack)",
    "image_url": "https://cdn1.woolworths.media/content/wowproductimages/large/1075256501.jpg",
    "source_id": "Woolworths - 1075256501",
    "barcode": null,
    "shop": "Woolworths",
    "weight": "1EA",
    "prices": [
      {
        "state": "NSW",
        "price": "13410",
        "price_per_unit": "1916",
        "price_unit": "EA"
      },
      {
        "state": "VIC",
        "price": "13410",
        "price_per_unit": "1916",
        "price_unit": "EA"
      }
    ]
  },
  {
    "source_url": "https://www.woolworths.com.au/shop/productdetails/1074325702/finish-250-x-powerball-quantum-ultimate-dishwashing-tab-lemon-sparkle-1x250-",
    "name": "Finish 250 x Powerball Quantum Ultimate Dishwashing Tab Lemon Sparkle (1x250)",
    "image_url": "https://cdn1.woolworths.media/content/wowproductimages/large/1074325702.jpg",
    "source_id": "Woolworths - 1074325702",
    "barcode": null,
    "shop": "Woolworths",
    "weight": "1EA",
    "prices": [
      {
        "state": "NSW",
        "price": "12780",
        "price_per_unit": "2556",
        "price_unit": "EA"
      },
      {
        "state": "VIC",
        "price": "12780",
        "price_per_unit": "2556",
        "price_unit": "EA"
      }
    ]
  },
  {
    "source_url": "https://www.woolworths.com.au/shop/productdetails/1075256514/finish-252-x-powerball-all-in-1-dishwashing-tab-lemon-sparkle-4x63-pack-",
    "name": "Finish 252 x Powerball All In 1 Dishwashing Tab Lemon Sparkle (4x63 Pack)",
    "image_url": "https://cdn1.woolworths.media/content/wowproductimages/large/1075256514.jpg",
    "source_id": "Woolworths - 1075256514",
    "barcode": null,
    "shop": "Woolworths",
    "weight": "1EA",
    "prices": [
      {
        "state": "NSW",
        "price": "10350",
        "price_per_unit": "2588",
        "price_unit": "EA"
      },
      {
        "state": "VIC",
        "price": "10350",
        "price_per_unit": "2588",
        "price_unit": "EA"
      }
    ]
  },
  {
    "source_url": "https://www.woolworths.com.au/shop/productdetails/1075579634/finish-300-x-all-in-1-dishwashing-tablets-lemon-sparkle-6-x-50-pack-",
    "name": "Finish 300 x All In 1 Dishwashing Tablets Lemon Sparkle (6 x 50 Pack)",
    "image_url": "https://cdn1.woolworths.media/content/wowproductimages/large/1075579634.jpg",
    "source_id": "Woolworths - 1075579634",
    "barcode": null,
    "shop": "Woolworths",
    "weight": "100EA",
    "prices": [
      {
        "state": "NSW",
        "price": "12900",
        "price_per_unit": "4300",
        "price_unit": "EA"
      },
      {
        "state": "VIC",
        "price": "12900",
        "price_per_unit": "4300",
        "price_unit": "EA"
      }
    ]
  },
  {
    "source_url": "https://www.woolworths.com.au/shop/productdetails/1075256513/finish-300-x-powerball-all-in-1-dishwashing-tab-lemon-sparkle-4x75-pack-",
    "name": "Finish 300 x Powerball All In 1 Dishwashing Tab Lemon Sparkle (4x75 Pack)",
    "image_url": "https://cdn1.woolworths.media/content/wowproductimages/large/1075256513.jpg",
    "source_id": "Woolworths - 1075256513",
    "barcode": null,
    "shop": "Woolworths",
    "weight": "1EA",
    "prices": [
      {
        "state": "NSW",
        "price": "11610",
        "price_per_unit": "2903",
        "price_unit": "EA"
      },
      {
        "state": "VIC",
        "price": "11610",
        "price_per_unit": "2903",
        "price_unit": "EA"
      }
    ]
  },
  {
    "source_url": "https://www.woolworths.com.au/shop/productdetails/1075256515/finish-350-x-powerball-dishwashing-tablet-power-essential-7-x-50-pack-",
    "name": "Finish 350 x Powerball Dishwashing Tablet Power Essential (7 x 50 Pack)",
    "image_url": "https://cdn1.woolworths.media/content/wowproductimages/large/1075256515.jpg",
    "source_id": "Woolworths - 1075256515",
    "barcode": null,
    "shop": "Woolworths",
    "weight": "1EA",
    "prices": [
      {
        "state": "NSW",
        "price": "10710",
        "price_per_unit": "1530",
        "price_unit": "EA"
      },
      {
        "state": "VIC",
        "price": "10710",
        "price_per_unit": "1530",
        "price_unit": "EA"
      }
    ]
  },
  {
    "source_url": "https://www.woolworths.com.au/shop/productdetails/1075256516/finish-360-x-powerball-all-in-one-max-dishwashing-tablets-4-x-90-pack-",
    "name": "Finish 360 x Powerball All In One Max Dishwashing Tablets (4 x 90 Pack)",
    "image_url": "https://cdn1.woolworths.media/content/wowproductimages/large/1075256516.jpg",
    "source_id": "Woolworths - 1075256516",
    "barcode": null,
    "shop": "Woolworths",
    "weight": "1EA",
    "prices": [
      {
        "state": "NSW",
        "price": "14130",
        "price_per_unit": "3533",
        "price_unit": "EA"
      },
      {
        "state": "VIC",
        "price": "14130",
        "price_per_unit": "3533",
        "price_unit": "EA"
      }
    ]
  },
  {
    "source_url": "https://www.woolworths.com.au/shop/productdetails/1075568117/finish-360-x-powerball-ultimate-all-in-1-dishwasher-capsules-6-x-60-pack-",
    "name": "Finish 360 x Powerball Ultimate All-In-1 Dishwasher Capsules (6 x 60 Pack)",
    "image_url": "https://cdn1.woolworths.media/content/wowproductimages/large/1075568117.jpg",
    "source_id": "Woolworths - 1075568117",
    "barcode": null,
    "shop": "Woolworths",
    "weight": "1EA",
    "prices": [
      {
        "state": "NSW",
        "price": "16110",
        "price_per_unit": "2685",
        "price_unit": "EA"
      },
      {
        "state": "VIC",
        "price": "16110",
        "price_per_unit": "2685",
        "price_unit": "EA"
      }
    ]
  },
  {
    "source_url": "https://www.woolworths.com.au/shop/productdetails/1075579631/finish-400-x-power-essential-dishwasher-tablets-4-x-100-pack-",
    "name": "Finish 400 x Power Essential Dishwasher Tablets (4 x 100 Pack)",
    "image_url": "https://cdn1.woolworths.media/content/wowproductimages/large/1075579631.jpg",
    "source_id": "Woolworths - 1075579631",
    "barcode": null,
    "shop": "Woolworths",
    "weight": "100EA",
    "prices": [
      {
        "state": "NSW",
        "price": "12900",
        "price_per_unit": "3225",
        "price_unit": "EA"
      },
      {
        "state": "VIC",
        "price": "12900",
        "price_per_unit": "3225",
        "price_unit": "EA"
      }
    ]
  },
  {
    "source_url": "https://www.woolworths.com.au/shop/productdetails/1075545237/finish-400-x-powerball-dishwasher-cleaning-tablets-lemon-sparkle-4-x-100-pack-",
    "name": "Finish 400 x Powerball Dishwasher Cleaning Tablets Lemon Sparkle (4 x 100 Pack)",
    "image_url": "https://cdn1.woolworths.media/content/wowproductimages/large/1075545237.jpg",
    "source_id": "Woolworths - 1075545237",
    "barcode": null,
    "shop": "Woolworths",
    "weight": "1EA",
    "prices": [
      {
        "state": "NSW",
        "price": "14310",
        "price_per_unit": "3578",
        "price_unit": "EA"
      },
      {
        "state": "VIC",
        "price": "14310",
        "price_per_unit": "3578",
        "price_unit": "EA"
      }
    ]
  },
  {
    "source_url": "https://www.woolworths.com.au/shop/productdetails/1075256592/finish-dishwasher-deep-cleaner-liquid-canister-8pk-250ml",
    "name": "Finish Dishwasher Deep Cleaner Liquid Canister 8PK 250ml",
    "image_url": "https://cdn1.woolworths.media/content/wowproductimages/large/1075256592.jpg",
    "source_id": "Woolworths - 1075256592",
    "barcode": null,
    "shop": "Woolworths",
    "weight": "1EA",
    "prices": [
      {
        "state": "NSW",
        "price": "5130",
        "price_per_unit": "641",
        "price_unit": "EA"
      },
      {
        "state": "VIC",
        "price": "5130",
        "price_per_unit": "641",
        "price_unit": "EA"
      }
    ]
  },
  {
    "source_url": "https://www.woolworths.com.au/shop/productdetails/1075256593/finish-dishwashing-freshener-with-hanger-fresh-scent-5pk-4ml",
    "name": "Finish Dishwashing Freshener With Hanger Fresh Scent 5PK 4ml",
    "image_url": "https://cdn1.woolworths.media/content/wowproductimages/large/1075256593.jpg",
    "source_id": "Woolworths - 1075256593",
    "barcode": null,
    "shop": "Woolworths",
    "weight": "1EA",
    "prices": [
      {
        "state": "NSW",
        "price": "3800",
        "price_per_unit": "760",
        "price_unit": "EA"
      },
      {
        "state": "VIC",
        "price": "3800",
        "price_per_unit": "760",
        "price_unit": "EA"
      }
    ]
  },
  {
    "source_url": "https://www.woolworths.com.au/shop/productdetails/1075545235/finish-power-essential-dishwasher-cleaning-tablets-4pk-100pc",
    "name": "Finish Power Essential Dishwasher Cleaning Tablets 4PK 100pc",
    "image_url": "https://cdn1.woolworths.media/content/wowproductimages/large/1075545235.jpg",
    "source_id": "Woolworths - 1075545235",
    "barcode": null,
    "shop": "Woolworths",
    "weight": "1EA",
    "prices": [
      {
        "state": "NSW",
        "price": "15030",
        "price_per_unit": "3758",
        "price_unit": "EA"
      },
      {
        "state": "VIC",
        "price": "15030",
        "price_per_unit": "3758",
        "price_unit": "EA"
      }
    ]
  },
  {
    "source_url": "https://www.woolworths.com.au/shop/productdetails/1075545236/finish-power-essential-dishwasher-smaller-cleaning-tablets-4pk-100pc",
    "name": "Finish Power Essential Dishwasher Smaller Cleaning Tablets 4PK 100pc",
    "image_url": "https://cdn1.woolworths.media/content/wowproductimages/large/1075545236.jpg",
    "source_id": "Woolworths - 1075545236",
    "barcode": null,
    "shop": "Woolworths",
    "weight": "1EA",
    "prices": [
      {
        "state": "NSW",
        "price": "14310",
        "price_per_unit": "3578",
        "price_unit": "EA"
      },
      {
        "state": "VIC",
        "price": "14310",
        "price_per_unit": "3578",
        "price_unit": "EA"
      }
    ]
  },
  {
    "source_url": "https://www.woolworths.com.au/shop/productdetails/1075551439/finish-power-essential-dishwashing-tablets-lemon-sparkle-120-pack",
    "name": "Finish Power Essential Dishwashing Tablets Lemon Sparkle 120 Pack",
    "image_url": "https://cdn1.woolworths.media/content/wowproductimages/large/1075551439.jpg",
    "source_id": "Woolworths - 1075551439",
    "barcode": null,
    "shop": "Woolworths",
    "weight": "100EA",
    "prices": [
      {
        "state": "NSW",
        "price": "3400",
        "price_per_unit": "2833",
        "price_unit": "EA"
      },
      {
        "state": "VIC",
        "price": "3400",
        "price_per_unit": "2833",
        "price_unit": "EA"
      }
    ]
  },
  {
    "source_url": "https://www.woolworths.com.au/shop/productdetails/1075551440/finish-power-essential-dishwashing-tablets-lemon-sparkle-80-pack",
    "name": "Finish Power Essential Dishwashing Tablets Lemon Sparkle 80 Pack",
    "image_url": "https://cdn1.woolworths.media/content/wowproductimages/large/1075551440.jpg",
    "source_id": "Woolworths - 1075551440",
    "barcode": null,
    "shop": "Woolworths",
    "weight": "100EA",
    "prices": [
      {
        "state": "NSW",
        "price": "2500",
        "price_per_unit": "3125",
        "price_unit": "EA"
      },
      {
        "state": "VIC",
        "price": "2500",
        "price_per_unit": "3125",
        "price_unit": "EA"
      }
    ]
  },
  {
    "source_url": "https://www.woolworths.com.au/shop/productdetails/1075918380/finish-powerball-quantum-lemon-dishwasher-tablets-5-x-45-pack-",
    "name": "Finish Powerball Quantum Lemon Dishwasher Tablets (5 x 45 Pack)",
    "image_url": "https://cdn1.woolworths.media/content/wowproductimages/large/1075918380.jpg",
    "source_id": "Woolworths - 1075918380",
    "barcode": null,
    "shop": "Woolworths",
    "weight": "100EA",
    "prices": [
      {
        "state": "NSW",
        "price": "11500",
        "price_per_unit": "5111",
        "price_unit": "EA"
      },
      {
        "state": "VIC",
        "price": "11500",
        "price_per_unit": "5111",
        "price_unit": "EA"
      }
    ]
  },
  {
    "source_url": "https://www.woolworths.com.au/shop/productdetails/1074488199/finish-powerball-ultimate-all-in-1-lemon-sparkle-dishwashing-tablets-100-pack",
    "name": "Finish Powerball Ultimate All In 1 Lemon Sparkle Dishwashing Tablets 100 Pack",
    "image_url": "https://cdn1.woolworths.media/content/wowproductimages/large/1074488199.jpg",
    "source_id": "Woolworths - 1074488199",
    "barcode": null,
    "shop": "Woolworths",
    "weight": "1EA",
    "prices": [
      {
        "state": "NSW",
        "price": "7839",
        "price_per_unit": "78",
        "price_unit": "EA"
      },
      {
        "state": "VIC",
        "price": "7839",
        "price_per_unit": "78",
        "price_unit": "EA"
      }
    ]
  },
  {
    "source_url": "https://www.woolworths.com.au/shop/productdetails/1076390532/finish-quantum-all-in-1-dishwashing-tablets-lemon-6x-46pc",
    "name": "Finish Quantum All-in-1 Dishwashing Tablets Lemon 6x 46pc",
    "image_url": "https://cdn1.woolworths.media/content/wowproductimages/large/1076390532.jpg",
    "source_id": "Woolworths - 1076390532",
    "barcode": null,
    "shop": "Woolworths",
    "weight": "1EA",
    "prices": [
      {
        "state": "NSW",
        "price": "12510",
        "price_per_unit": "2085",
        "price_unit": "EA"
      },
      {
        "state": "VIC",
        "price": "12510",
        "price_per_unit": "2085",
        "price_unit": "EA"
      }
    ]
  },
  {
    "source_url": "https://www.woolworths.com.au/shop/productdetails/1075256599/finish-rinse-shine-aid-dishwashing-spot-prevention-4pk-400ml",
    "name": "Finish Rinse & Shine Aid Dishwashing Spot Prevention 4PK 400ml",
    "image_url": "https://cdn1.woolworths.media/content/wowproductimages/large/1075256599.jpg",
    "source_id": "Woolworths - 1075256599",
    "barcode": null,
    "shop": "Woolworths",
    "weight": "1EA",
    "prices": [
      {
        "state": "NSW",
        "price": "3780",
        "price_per_unit": "945",
        "price_unit": "EA"
      },
      {
        "state": "VIC",
        "price": "3780",
        "price_per_unit": "945",
        "price_unit": "EA"
      }
    ]
  },
  {
    "source_url": "https://www.woolworths.com.au/shop/productdetails/1075545238/finish-rinse-and-shine-aid-spot-prevention-lemon-sparkle-4pk-400ml",
    "name": "Finish Rinse And Shine Aid Spot Prevention Lemon Sparkle 4PK 400ml",
    "image_url": "https://cdn1.woolworths.media/content/wowproductimages/large/1075545238.jpg",
    "source_id": "Woolworths - 1075545238",
    "barcode": null,
    "shop": "Woolworths",
    "weight": "1EA",
    "prices": [
      {
        "state": "NSW",
        "price": "3995",
        "price_per_unit": "999",
        "price_unit": "EA"
      },
      {
        "state": "VIC",
        "price": "3995",
        "price_per_unit": "999",
        "price_unit": "EA"
      }
    ]
  },
  {
    "source_url": "https://www.woolworths.com.au/shop/productdetails/1074976692/full-circle-clean-reach-bottle-brush-cleaner-white",
    "name": "Full Circle Clean Reach Bottle Brush Cleaner - White",
    "image_url": "https://cdn1.woolworths.media/content/wowproductimages/large/1074976692.jpg",
    "source_id": "Woolworths - 1074976692",
    "barcode": null,
    "shop": "Woolworths",
    "weight": "1EA",
    "prices": [
      {
        "state": "NSW",
        "price": "3300",
        "price_per_unit": "3300",
        "price_unit": "EA"
      },
      {
        "state": "VIC",
        "price": "3300",
        "price_per_unit": "3300",
        "price_unit": "EA"
      }
    ]
  },
  {
    "source_url": "https://www.woolworths.com.au/shop/productdetails/1075345912/good-change-store-kitchen-cleaner-refill-tablet",
    "name": "Good Change Store Kitchen Cleaner Refill Tablet",
    "image_url": "https://cdn1.woolworths.media/content/wowproductimages/large/1075345912.jpg",
    "source_id": "Woolworths - 1075345912",
    "barcode": null,
    "shop": "Woolworths",
    "weight": "1EA",
    "prices": [
      {
        "state": "NSW",
        "price": "396",
        "price_per_unit": "396",
        "price_unit": "EA"
      },
      {
        "state": "VIC",
        "price": "396",
        "price_per_unit": "396",
        "price_unit": "EA"
      }
    ]
  },
  {
    "source_url": "https://www.woolworths.com.au/shop/productdetails/1075563264/hagerty-copper-brass-and-bronze-polish-250ml",
    "name": "Hagerty Copper Brass and Bronze Polish 250ml",
    "image_url": "https://cdn1.woolworths.media/content/wowproductimages/large/1075563264.jpg",
    "source_id": "Woolworths - 1075563264",
    "barcode": null,
    "shop": "Woolworths",
    "weight": "100ML",
    "prices": [
      {
        "state": "NSW",
        "price": "3995",
        "price_per_unit": "1598",
        "price_unit": "ML"
      },
      {
        "state": "VIC",
        "price": "3995",
        "price_per_unit": "1598",
        "price_unit": "ML"
      }
    ]
  },
  {
    "source_url": "https://www.woolworths.com.au/shop/productdetails/1075564360/hagerty-leather-care-cleaning-nourishing-cream-250ml",
    "name": "Hagerty Leather Care Cleaning & Nourishing Cream 250ml",
    "image_url": "https://cdn1.woolworths.media/content/wowproductimages/large/1075564360.jpg",
    "source_id": "Woolworths - 1075564360",
    "barcode": null,
    "shop": "Woolworths",
    "weight": "100ML",
    "prices": [
      {
        "state": "NSW",
        "price": "5195",
        "price_per_unit": "2078",
        "price_unit": "ML"
      },
      {
        "state": "VIC",
        "price": "5195",
        "price_per_unit": "2078",
        "price_unit": "ML"
      }
    ]
  },
  {
    "source_url": "https://www.woolworths.com.au/shop/productdetails/1075563172/hagerty-silver-polish-250ml",
    "name": "Hagerty Silver Polish 250ml",
    "image_url": "https://cdn1.woolworths.media/content/wowproductimages/large/1075563172.jpg",
    "source_id": "Woolworths - 1075563172",
    "barcode": null,
    "shop": "Woolworths",
    "weight": "100ML",
    "prices": [
      {
        "state": "NSW",
        "price": "4195",
        "price_per_unit": "1678",
        "price_unit": "ML"
      },
      {
        "state": "VIC",
        "price": "4195",
        "price_per_unit": "1678",
        "price_unit": "ML"
      }
    ]
  },
  {
    "source_url": "https://www.woolworths.com.au/shop/productdetails/1075563263/hagerty-white-metal-polish-250ml",
    "name": "Hagerty White Metal Polish 250ml",
    "image_url": "https://cdn1.woolworths.media/content/wowproductimages/large/1075563263.jpg",
    "source_id": "Woolworths - 1075563263",
    "barcode": null,
    "shop": "Woolworths",
    "weight": "100ML",
    "prices": [
      {
        "state": "NSW",
        "price": "3995",
        "price_per_unit": "1598",
        "price_unit": "ML"
      },
      {
        "state": "VIC",
        "price": "3995",
        "price_per_unit": "1598",
        "price_unit": "ML"
      }
    ]
  },
  {
    "source_url": "https://www.woolworths.com.au/shop/productdetails/188082/hillmark-cerapol-ceramic-glass-induction-cooktop-cleaner",
    "name": "Hillmark Cerapol Ceramic Glass & Induction Cooktop Cleaner 150ml",
    "image_url": "https://cdn1.woolworths.media/content/wowproductimages/large/188082.jpg",
    "source_id": "Woolworths - 188082",
    "barcode": "9311597005097",
    "shop": "Woolworths",
    "weight": "100ML",
    "prices": [
      {
        "state": "NSW",
        "price": "645",
        "price_per_unit": "430",
        "price_unit": "ML"
      },
      {
        "state": "VIC",
        "price": "645",
        "price_per_unit": "430",
        "price_unit": "ML"
      },
      {
        "state": "QLD",
        "price": "645",
        "price_per_unit": "430",
        "price_unit": "ML"
      },
      {
        "state": "WA",
        "price": "645",
        "price_per_unit": "430",
        "price_unit": "ML"
      },
      {
        "state": "SA",
        "price": "645",
        "price_per_unit": "430",
        "price_unit": "ML"
      },
      {
        "state": "TAS",
        "price": "645",
        "price_per_unit": "430",
        "price_unit": "ML"
      },
      {
        "state": "ACT",
        "price": "645",
        "price_per_unit": "430",
        "price_unit": "ML"
      },
      {
        "state": "NT",
        "price": "675",
        "price_per_unit": "450",
        "price_unit": "ML"
      }
    ]
  },
  {
    "source_url": "https://www.woolworths.com.au/shop/productdetails/1075546864/joseph-joseph-palm-scrub-washing-up-brush-grey-13-5cm",
    "name": "Joseph Joseph Palm Scrub Washing-Up Brush - Grey 13.5cm",
    "image_url": "https://cdn1.woolworths.media/content/wowproductimages/large/1075546864.jpg",
    "source_id": "Woolworths - 1075546864",
    "barcode": null,
    "shop": "Woolworths",
    "weight": "1EA",
    "prices": [
      {
        "state": "NSW",
        "price": "3900",
        "price_per_unit": "3900",
        "price_unit": "EA"
      },
      {
        "state": "VIC",
        "price": "3900",
        "price_per_unit": "3900",
        "price_unit": "EA"
      }
    ]
  },
  {
    "source_url": "https://www.woolworths.com.au/shop/productdetails/1075705473/kemasi-dish-brush-with-soft-handle-home-kitchen-cleaning-12pk",
    "name": "Kemasi Dish Brush With Soft Handle Home Kitchen Cleaning 12PK",
    "image_url": "https://cdn1.woolworths.media/content/wowproductimages/large/1075705473.jpg",
    "source_id": "Woolworths - 1075705473",
    "barcode": null,
    "shop": "Woolworths",
    "weight": "1EA",
    "prices": [
      {
        "state": "NSW",
        "price": "3780",
        "price_per_unit": "315",
        "price_unit": "EA"
      },
      {
        "state": "VIC",
        "price": "3780",
        "price_per_unit": "315",
        "price_unit": "EA"
      }
    ]
  },
  {
    "source_url": "https://www.woolworths.com.au/shop/productdetails/1075705485/kemasi-dish-wand-with-soap-dispenser-home-cleaning-12pk",
    "name": "Kemasi Dish Wand With Soap Dispenser Home Cleaning 12PK",
    "image_url": "https://cdn1.woolworths.media/content/wowproductimages/large/1075705485.jpg",
    "source_id": "Woolworths - 1075705485",
    "barcode": null,
    "shop": "Woolworths",
    "weight": "1EA",
    "prices": [
      {
        "state": "NSW",
        "price": "3800",
        "price_per_unit": "317",
        "price_unit": "EA"
      },
      {
        "state": "VIC",
        "price": "3800",
        "price_per_unit": "317",
        "price_unit": "EA"
      }
    ]
  },
  {
    "source_url": "https://www.woolworths.com.au/shop/productdetails/1075705482/kemasi-dishwashing-brush-suction-cup-home-cleaning-12pk",
    "name": "Kemasi Dishwashing Brush Suction Cup Home Cleaning 12PK",
    "image_url": "https://cdn1.woolworths.media/content/wowproductimages/large/1075705482.jpg",
    "source_id": "Woolworths - 1075705482",
    "barcode": null,
    "shop": "Woolworths",
    "weight": "1EA",
    "prices": [
      {
        "state": "NSW",
        "price": "3700",
        "price_per_unit": "308",
        "price_unit": "EA"
      },
      {
        "state": "VIC",
        "price": "3700",
        "price_per_unit": "308",
        "price_unit": "EA"
      }
    ]
  },
  {
    "source_url": "https://www.woolworths.com.au/shop/productdetails/1075705481/kemasi-dishwashing-brushes-set-home-kitchen-cleaning-12x-2pc",
    "name": "Kemasi Dishwashing Brushes Set Home Kitchen Cleaning 12x 2pc",
    "image_url": "https://cdn1.woolworths.media/content/wowproductimages/large/1075705481.jpg",
    "source_id": "Woolworths - 1075705481",
    "barcode": null,
    "shop": "Woolworths",
    "weight": "1EA",
    "prices": [
      {
        "state": "NSW",
        "price": "3780",
        "price_per_unit": "315",
        "price_unit": "EA"
      },
      {
        "state": "VIC",
        "price": "3780",
        "price_per_unit": "315",
        "price_unit": "EA"
      }
    ]
  },
  {
    "source_url": "https://www.woolworths.com.au/shop/productdetails/1075705487/kemasi-soap-dispensing-cleaning-brush-home-cleaning-6pk",
    "name": "Kemasi Soap Dispensing Cleaning Brush Home Cleaning 6PK",
    "image_url": "https://cdn1.woolworths.media/content/wowproductimages/large/1075705487.jpg",
    "source_id": "Woolworths - 1075705487",
    "barcode": null,
    "shop": "Woolworths",
    "weight": "1EA",
    "prices": [
      {
        "state": "NSW",
        "price": "2995",
        "price_per_unit": "499",
        "price_unit": "EA"
      },
      {
        "state": "VIC",
        "price": "2995",
        "price_per_unit": "499",
        "price_unit": "EA"
      }
    ]
  },
  {
    "source_url": "https://www.woolworths.com.au/shop/productdetails/1075705477/kemasi-soap-dispensing-palm-dish-brush-home-cleaning-6pk",
    "name": "Kemasi Soap Dispensing Palm Dish Brush Home Cleaning 6PK",
    "image_url": "https://cdn1.woolworths.media/content/wowproductimages/large/1075705477.jpg",
    "source_id": "Woolworths - 1075705477",
    "barcode": null,
    "shop": "Woolworths",
    "weight": "1EA",
    "prices": [
      {
        "state": "NSW",
        "price": "2400",
        "price_per_unit": "400",
        "price_unit": "EA"
      },
      {
        "state": "VIC",
        "price": "2400",
        "price_per_unit": "400",
        "price_unit": "EA"
      }
    ]
  },
  {
    "source_url": "https://www.woolworths.com.au/shop/productdetails/1075705488/kemasi-soft-grip-dishwashing-brush-home-kitchen-cleaning-12pk",
    "name": "Kemasi Soft Grip Dishwashing Brush Home Kitchen Cleaning 12PK",
    "image_url": "https://cdn1.woolworths.media/content/wowproductimages/large/1075705488.jpg",
    "source_id": "Woolworths - 1075705488",
    "barcode": null,
    "shop": "Woolworths",
    "weight": "1EA",
    "prices": [
      {
        "state": "NSW",
        "price": "3900",
        "price_per_unit": "325",
        "price_unit": "EA"
      },
      {
        "state": "VIC",
        "price": "3900",
        "price_per_unit": "325",
        "price_unit": "EA"
      }
    ]
  },
  {
    "source_url": "https://www.woolworths.com.au/shop/productdetails/1073950698/ladelle-all-natural-eucalyptus-sweet-orange-dish-wash-liquid-1000ml",
    "name": "Ladelle All Natural Eucalyptus & Sweet Orange Dish Wash Liquid 1000ml",
    "image_url": "https://cdn1.woolworths.media/content/wowproductimages/large/1073950698.jpg",
    "source_id": "Woolworths - 1073950698",
    "barcode": null,
    "shop": "Woolworths",
    "weight": null,
    "prices": []
  },
  {
    "source_url": "https://www.woolworths.com.au/shop/productdetails/1073950543/ladelle-all-natural-eucalyptus-sweet-orange-kitchen-cleaning-gel-500ml",
    "name": "Ladelle All Natural Eucalyptus & Sweet Orange Kitchen Cleaning Gel 500ml",
    "image_url": "https://cdn1.woolworths.media/content/wowproductimages/large/1073950543.jpg",
    "source_id": "Woolworths - 1073950543",
    "barcode": null,
    "shop": "Woolworths",
    "weight": null,
    "prices": []
  },
  {
    "source_url": "https://www.woolworths.com.au/shop/productdetails/1073950678/ladelle-all-natural-grapefruit-pomegranate-kitchen-cleaning-gel-500ml",
    "name": "Ladelle All Natural Grapefruit & Pomegranate Kitchen Cleaning Gel 500ml",
    "image_url": "https://cdn1.woolworths.media/content/wowproductimages/large/1073950678.jpg",
    "source_id": "Woolworths - 1073950678",
    "barcode": null,
    "shop": "Woolworths",
    "weight": null,
    "prices": []
  },
  {
    "source_url": "https://www.woolworths.com.au/shop/productdetails/1073950689/ladelle-all-natural-lemon-spearmint-home-kitchen-cleaning-gel-500ml",
    "name": "Ladelle All Natural Lemon & Spearmint Home Kitchen Cleaning Gel 500ml",
    "image_url": "https://cdn1.woolworths.media/content/wowproductimages/large/1073950689.jpg",
    "source_id": "Woolworths - 1073950689",
    "barcode": null,
    "shop": "Woolworths",
    "weight": null,
    "prices": []
  },
  {
    "source_url": "https://www.woolworths.com.au/shop/productdetails/1074334330/livingstone-dishwashing-detergent-1l-lemon-12-carton",
    "name": "Livingstone Dishwashing Detergent 1L Lemon 12 Carton",
    "image_url": "https://cdn1.woolworths.media/content/wowproductimages/large/1074334330.jpg",
    "source_id": "Woolworths - 1074334330",
    "barcode": null,
    "shop": "Woolworths",
    "weight": "1EA",
    "prices": [
      {
        "state": "NSW",
        "price": "6900",
        "price_per_unit": "575",
        "price_unit": "EA"
      },
      {
        "state": "VIC",
        "price": "6900",
        "price_per_unit": "575",
        "price_unit": "EA"
      }
    ]
  },
  {
    "source_url": "https://www.woolworths.com.au/shop/productdetails/1074335371/livingstone-dishwashing-detergent-5l-lemon-each-x3",
    "name": "Livingstone Dishwashing Detergent 5L Lemon Each x3",
    "image_url": "https://cdn1.woolworths.media/content/wowproductimages/large/1074335371.jpg",
    "source_id": "Woolworths - 1074335371",
    "barcode": null,
    "shop": "Woolworths",
    "weight": "100ML",
    "prices": [
      {
        "state": "NSW",
        "price": "5900",
        "price_per_unit": "39",
        "price_unit": "ML"
      },
      {
        "state": "VIC",
        "price": "5900",
        "price_per_unit": "39",
        "price_unit": "ML"
      }
    ]
  },
  {
    "source_url": "https://www.woolworths.com.au/shop/productdetails/1074335445/livingstone-machine-dishwashing-powder-20kg-each",
    "name": "Livingstone Machine Dishwashing Powder 20kg Each",
    "image_url": "https://cdn1.woolworths.media/content/wowproductimages/large/1074335445.jpg",
    "source_id": "Woolworths - 1074335445",
    "barcode": null,
    "shop": "Woolworths",
    "weight": "1KG",
    "prices": [
      {
        "state": "NSW",
        "price": "21200",
        "price_per_unit": "1060",
        "price_unit": "KG"
      },
      {
        "state": "VIC",
        "price": "21200",
        "price_per_unit": "1060",
        "price_unit": "KG"
      }
    ]
  },
  {
    "source_url": "https://www.woolworths.com.au/shop/productdetails/1074334333/livingstone-oven-and-grill-cleaner-classic-5l-each",
    "name": "Livingstone Oven and Grill Cleaner Classic 5L Each",
    "image_url": "https://cdn1.woolworths.media/content/wowproductimages/large/1074334333.jpg",
    "source_id": "Woolworths - 1074334333",
    "barcode": null,
    "shop": "Woolworths",
    "weight": "1EA",
    "prices": [
      {
        "state": "NSW",
        "price": "5995",
        "price_per_unit": "5995",
        "price_unit": "EA"
      },
      {
        "state": "VIC",
        "price": "5995",
        "price_per_unit": "5995",
        "price_unit": "EA"
      }
    ]
  },
  {
    "source_url": "https://www.woolworths.com.au/shop/productdetails/1073950740/mad-mama-stain-odor-microwave-cleaner-assorted",
    "name": "Mad Mama Stain/Odor Microwave Cleaner Assorted",
    "image_url": "https://cdn1.woolworths.media/content/wowproductimages/large/1073950740.jpg",
    "source_id": "Woolworths - 1073950740",
    "barcode": null,
    "shop": "Woolworths",
    "weight": "1EA",
    "prices": [
      {
        "state": "NSW",
        "price": "2100",
        "price_per_unit": "2100",
        "price_unit": "EA"
      },
      {
        "state": "VIC",
        "price": "2100",
        "price_per_unit": "2100",
        "price_unit": "EA"
      }
    ]
  },
  {
    "source_url": "https://www.woolworths.com.au/shop/productdetails/1074719181/mad-mama-stain-odour-microwave-cleaner-assorted-2pk",
    "name": "Mad Mama Stain/Odour Microwave Cleaner Assorted 2PK",
    "image_url": "https://cdn1.woolworths.media/content/wowproductimages/large/1074719181.jpg",
    "source_id": "Woolworths - 1074719181",
    "barcode": null,
    "shop": "Woolworths",
    "weight": "1EA",
    "prices": [
      {
        "state": "NSW",
        "price": "2700",
        "price_per_unit": "1350",
        "price_unit": "EA"
      },
      {
        "state": "VIC",
        "price": "2700",
        "price_per_unit": "1350",
        "price_unit": "EA"
      }
    ]
  },
  {
    "source_url": "https://www.woolworths.com.au/shop/productdetails/154128/magic-all-purpose-descaler",
    "name": "Magic All Purpose Descaler 250ml",
    "image_url": "https://cdn1.woolworths.media/content/wowproductimages/large/154128.jpg",
    "source_id": "Woolworths - 154128",
    "barcode": "9312066000452",
    "shop": "Woolworths",
    "weight": "100ML",
    "prices": [
      {
        "state": "NSW",
        "price": "770",
        "price_per_unit": "308",
        "price_unit": "ML"
      },
      {
        "state": "VIC",
        "price": "770",
        "price_per_unit": "308",
        "price_unit": "ML"
      },
      {
        "state": "QLD",
        "price": "770",
        "price_per_unit": "308",
        "price_unit": "ML"
      },
      {
        "state": "WA",
        "price": "770",
        "price_per_unit": "308",
        "price_unit": "ML"
      },
      {
        "state": "SA",
        "price": "770",
        "price_per_unit": "308",
        "price_unit": "ML"
      },
      {
        "state": "TAS",
        "price": "770",
        "price_per_unit": "308",
        "price_unit": "ML"
      },
      {
        "state": "ACT",
        "price": "770",
        "price_per_unit": "308",
        "price_unit": "ML"
      },
      {
        "state": "NT",
        "price": "810",
        "price_per_unit": "324",
        "price_unit": "ML"
      }
    ]
  },
  {
    "source_url": "https://www.woolworths.com.au/shop/productdetails/247140/magic-stainless-steel-cleaner-protector",
    "name": "Magic Stainless Steel Cleaner & Protector 200ml",
    "image_url": "https://cdn1.woolworths.media/content/wowproductimages/large/247140.jpg",
    "source_id": "Woolworths - 247140",
    "barcode": "9312066000117",
    "shop": "Woolworths",
    "weight": "100ML",
    "prices": [
      {
        "state": "NSW",
        "price": "790",
        "price_per_unit": "395",
        "price_unit": "ML"
      },
      {
        "state": "VIC",
        "price": "790",
        "price_per_unit": "395",
        "price_unit": "ML"
      },
      {
        "state": "QLD",
        "price": "790",
        "price_per_unit": "395",
        "price_unit": "ML"
      },
      {
        "state": "WA",
        "price": "790",
        "price_per_unit": "395",
        "price_unit": "ML"
      },
      {
        "state": "SA",
        "price": "790",
        "price_per_unit": "395",
        "price_unit": "ML"
      },
      {
        "state": "TAS",
        "price": "790",
        "price_per_unit": "395",
        "price_unit": "ML"
      },
      {
        "state": "ACT",
        "price": "790",
        "price_per_unit": "395",
        "price_unit": "ML"
      },
      {
        "state": "NT",
        "price": "825",
        "price_per_unit": "413",
        "price_unit": "ML"
      }
    ]
  },
  {
    "source_url": "https://www.woolworths.com.au/shop/productdetails/790904/magic-stainless-steel-wipes-magic-wipes",
    "name": "Magic Stainless Steel Wipes Magic Wipes 20 Pack",
    "image_url": "https://cdn1.woolworths.media/content/wowproductimages/large/790904.jpg",
    "source_id": "Woolworths - 790904",
    "barcode": "9312066100015",
    "shop": "Woolworths",
    "weight": "1EA",
    "prices": [
      {
        "state": "NSW",
        "price": "690",
        "price_per_unit": "35",
        "price_unit": "EA"
      },
      {
        "state": "VIC",
        "price": "690",
        "price_per_unit": "35",
        "price_unit": "EA"
      },
      {
        "state": "QLD",
        "price": "690",
        "price_per_unit": "35",
        "price_unit": "EA"
      },
      {
        "state": "WA",
        "price": "690",
        "price_per_unit": "35",
        "price_unit": "EA"
      },
      {
        "state": "SA",
        "price": "690",
        "price_per_unit": "35",
        "price_unit": "EA"
      },
      {
        "state": "TAS",
        "price": "690",
        "price_per_unit": "35",
        "price_unit": "EA"
      },
      {
        "state": "ACT",
        "price": "690",
        "price_per_unit": "35",
        "price_unit": "EA"
      },
      {
        "state": "NT",
        "price": "720",
        "price_per_unit": "36",
        "price_unit": "EA"
      }
    ]
  },
  {
    "source_url": "https://www.woolworths.com.au/shop/productdetails/907516/maison-muse-kitchen-cleaning-spray-guava-elderflower",
    "name": "Maison & Muse Kitchen Cleaning Spray Guava & Elderflower 500ml",
    "image_url": "https://cdn1.woolworths.media/content/wowproductimages/large/907516.jpg",
    "source_id": "Woolworths - 907516",
    "barcode": "9421035733915",
    "shop": "Woolworths",
    "weight": "100ML",
    "prices": [
      {
        "state": "NSW",
        "price": "390",
        "price_per_unit": "78",
        "price_unit": "ML"
      },
      {
        "state": "VIC",
        "price": "390",
        "price_per_unit": "78",
        "price_unit": "ML"
      },
      {
        "state": "QLD",
        "price": "390",
        "price_per_unit": "78",
        "price_unit": "ML"
      },
      {
        "state": "SA",
        "price": "390",
        "price_per_unit": "78",
        "price_unit": "ML"
      },
      {
        "state": "NT",
        "price": "390",
        "price_per_unit": "78",
        "price_unit": "ML"
      }
    ]
  },
  {
    "source_url": "https://www.woolworths.com.au/shop/productdetails/907517/mclintocks-fridge-kitchen-wipe-refill-vanilla",
    "name": "McLintocks Fridge & Kitchen Wipe Refill Vanilla 1l",
    "image_url": "https://cdn1.woolworths.media/content/wowproductimages/large/907517.jpg",
    "source_id": "Woolworths - 907517",
    "barcode": "9360100000029",
    "shop": "Woolworths",
    "weight": "100ML",
    "prices": [
      {
        "state": "NSW",
        "price": "800",
        "price_per_unit": "80",
        "price_unit": "ML"
      },
      {
        "state": "VIC",
        "price": "800",
        "price_per_unit": "80",
        "price_unit": "ML"
      },
      {
        "state": "QLD",
        "price": "800",
        "price_per_unit": "80",
        "price_unit": "ML"
      },
      {
        "state": "SA",
        "price": "800",
        "price_per_unit": "80",
        "price_unit": "ML"
      },
      {
        "state": "NT",
        "price": "840",
        "price_per_unit": "84",
        "price_unit": "ML"
      }
    ]
  },
  {
    "source_url": "https://www.woolworths.com.au/shop/productdetails/16381/mclintocks-vanilla-fresh-fridge-wipe-deodorizer",
    "name": "McLintocks Vanilla Fresh Fridge Wipe & Deodorizer 500ml",
    "image_url": "https://cdn1.woolworths.media/content/wowproductimages/large/016381.jpg",
    "source_id": "Woolworths - 16381",
    "barcode": "9310354204605",
    "shop": "Woolworths",
    "weight": "100ML",
    "prices": [
      {
        "state": "NSW",
        "price": "570",
        "price_per_unit": "114",
        "price_unit": "ML"
      },
      {
        "state": "VIC",
        "price": "570",
        "price_per_unit": "114",
        "price_unit": "ML"
      },
      {
        "state": "QLD",
        "price": "570",
        "price_per_unit": "114",
        "price_unit": "ML"
      },
      {
        "state": "WA",
        "price": "570",
        "price_per_unit": "114",
        "price_unit": "ML"
      },
      {
        "state": "SA",
        "price": "570",
        "price_per_unit": "114",
        "price_unit": "ML"
      },
      {
        "state": "TAS",
        "price": "570",
        "price_per_unit": "114",
        "price_unit": "ML"
      },
      {
        "state": "ACT",
        "price": "570",
        "price_per_unit": "114",
        "price_unit": "ML"
      },
      {
        "state": "NT",
        "price": "600",
        "price_per_unit": "120",
        "price_unit": "ML"
      }
    ]
  },
  {
    "source_url": "https://www.woolworths.com.au/shop/productdetails/1073950620/northfork-concentrated-dishwashing-liquid-lemon-1l",
    "name": "Northfork Concentrated Dishwashing Liquid Lemon 1L",
    "image_url": "https://cdn1.woolworths.media/content/wowproductimages/large/1073950620.jpg",
    "source_id": "Woolworths - 1073950620",
    "barcode": null,
    "shop": "Woolworths",
    "weight": null,
    "prices": []
  },
  {
    "source_url": "https://www.woolworths.com.au/shop/productdetails/1074325694/northfork-concentrated-dishwashing-liquid-lemon-3x-1l",
    "name": "Northfork Concentrated Dishwashing Liquid Lemon 3x 1L",
    "image_url": "https://cdn1.woolworths.media/content/wowproductimages/large/1074325694.jpg",
    "source_id": "Woolworths - 1074325694",
    "barcode": null,
    "shop": "Woolworths",
    "weight": "1EA",
    "prices": [
      {
        "state": "NSW",
        "price": "3700",
        "price_per_unit": "1233",
        "price_unit": "EA"
      },
      {
        "state": "VIC",
        "price": "3700",
        "price_per_unit": "1233",
        "price_unit": "EA"
      }
    ]
  },
  {
    "source_url": "https://www.woolworths.com.au/shop/productdetails/1074325705/northfork-dishwashing-dish-cleaning-liquid-2x-2l",
    "name": "Northfork Dishwashing Dish Cleaning Liquid 2x 2L",
    "image_url": "https://cdn1.woolworths.media/content/wowproductimages/large/1074325705.jpg",
    "source_id": "Woolworths - 1074325705",
    "barcode": null,
    "shop": "Woolworths",
    "weight": "1EA",
    "prices": [
      {
        "state": "NSW",
        "price": "3900",
        "price_per_unit": "1950",
        "price_unit": "EA"
      },
      {
        "state": "VIC",
        "price": "3900",
        "price_per_unit": "1950",
        "price_unit": "EA"
      }
    ]
  },
  {
    "source_url": "https://www.woolworths.com.au/shop/productdetails/1074325684/northfork-dishwashing-dish-cleaning-liquid-2x-5l",
    "name": "Northfork Dishwashing Dish Cleaning Liquid 2x 5L",
    "image_url": "https://cdn1.woolworths.media/content/wowproductimages/large/1074325684.jpg",
    "source_id": "Woolworths - 1074325684",
    "barcode": null,
    "shop": "Woolworths",
    "weight": "1EA",
    "prices": [
      {
        "state": "NSW",
        "price": "15930",
        "price_per_unit": "7965",
        "price_unit": "EA"
      },
      {
        "state": "VIC",
        "price": "15930",
        "price_per_unit": "7965",
        "price_unit": "EA"
      }
    ]
  },
  {
    "source_url": "https://www.woolworths.com.au/shop/productdetails/1076052422/northfork-dishwashing-liquid-5l-",
    "name": "Northfork Dishwashing Liquid (5L)",
    "image_url": "https://cdn1.woolworths.media/content/wowproductimages/large/1076052422.jpg",
    "source_id": "Woolworths - 1076052422",
    "barcode": null,
    "shop": "Woolworths",
    "weight": "1EA",
    "prices": [
      {
        "state": "NSW",
        "price": "4595",
        "price_per_unit": "4595",
        "price_unit": "EA"
      },
      {
        "state": "VIC",
        "price": "4595",
        "price_per_unit": "4595",
        "price_unit": "EA"
      }
    ]
  },
  {
    "source_url": "https://www.woolworths.com.au/shop/productdetails/1073950624/northfork-dishwashing-liquid-2l",
    "name": "Northfork Dishwashing Liquid 2L",
    "image_url": "https://cdn1.woolworths.media/content/wowproductimages/large/1073950624.jpg",
    "source_id": "Woolworths - 1073950624",
    "barcode": null,
    "shop": "Woolworths",
    "weight": null,
    "prices": []
  },
  {
    "source_url": "https://www.woolworths.com.au/shop/productdetails/1074325673/northfork-dishwashing-liquid-dish-cleaning-soap-fresh-fragrance-12pk-1l",
    "name": "Northfork Dishwashing Liquid Dish Cleaning Soap Fresh Fragrance 12PK 1L",
    "image_url": "https://cdn1.woolworths.media/content/wowproductimages/large/1074325673.jpg",
    "source_id": "Woolworths - 1074325673",
    "barcode": null,
    "shop": "Woolworths",
    "weight": "1EA",
    "prices": [
      {
        "state": "NSW",
        "price": "8995",
        "price_per_unit": "750",
        "price_unit": "EA"
      },
      {
        "state": "VIC",
        "price": "8995",
        "price_per_unit": "750",
        "price_unit": "EA"
      }
    ]
  },
  {
    "source_url": "https://www.woolworths.com.au/shop/productdetails/1074325596/northfork-liquid-fridge-microwave-cleaner-12pk-750ml",
    "name": "Northfork Liquid Fridge & Microwave Cleaner 12PK 750ml",
    "image_url": "https://cdn1.woolworths.media/content/wowproductimages/large/1074325596.jpg",
    "source_id": "Woolworths - 1074325596",
    "barcode": null,
    "shop": "Woolworths",
    "weight": "100ML",
    "prices": [
      {
        "state": "NSW",
        "price": "9720",
        "price_per_unit": "1296",
        "price_unit": "ML"
      },
      {
        "state": "VIC",
        "price": "9720",
        "price_per_unit": "1296",
        "price_unit": "ML"
      }
    ]
  },
  {
    "source_url": "https://www.woolworths.com.au/shop/productdetails/1076052431/northfork-machine-dishwashing-powder-5kg-",
    "name": "Northfork Machine Dishwashing Powder (5kg)",
    "image_url": "https://cdn1.woolworths.media/content/wowproductimages/large/1076052431.jpg",
    "source_id": "Woolworths - 1076052431",
    "barcode": null,
    "shop": "Woolworths",
    "weight": "1EA",
    "prices": [
      {
        "state": "NSW",
        "price": "7495",
        "price_per_unit": "7495",
        "price_unit": "EA"
      },
      {
        "state": "VIC",
        "price": "7495",
        "price_per_unit": "7495",
        "price_unit": "EA"
      }
    ]
  },
  {
    "source_url": "https://www.woolworths.com.au/shop/productdetails/1074779713/northfork-super-concentrate-dishwashing-liquid-1l-6-pack-pop-bottle",
    "name": "Northfork Super Concentrate Dishwashing Liquid 1L 6 Pack Pop Bottle",
    "image_url": "https://cdn1.woolworths.media/content/wowproductimages/large/1074779713.jpg",
    "source_id": "Woolworths - 1074779713",
    "barcode": null,
    "shop": "Woolworths",
    "weight": "1EA",
    "prices": [
      {
        "state": "NSW",
        "price": "7995",
        "price_per_unit": "7995",
        "price_unit": "EA"
      },
      {
        "state": "VIC",
        "price": "7995",
        "price_per_unit": "7995",
        "price_unit": "EA"
      }
    ]
  },
  {
    "source_url": "https://www.woolworths.com.au/shop/productdetails/1075164773/oliandola-4m-spring-drain-pipe-cleaner-snake-plumbing-cleaning-metal-tool-manual-sewer",
    "name": "OliandOla 4M Spring Drain Pipe Cleaner Snake Plumbing Cleaning Metal Tool manual Sewer",
    "image_url": "https://cdn1.woolworths.media/content/wowproductimages/large/1075164773.jpg",
    "source_id": "Woolworths - 1075164773",
    "barcode": null,
    "shop": "Woolworths",
    "weight": "1EA",
    "prices": [
      {
        "state": "NSW",
        "price": "3595",
        "price_per_unit": "3595",
        "price_unit": "EA"
      },
      {
        "state": "VIC",
        "price": "3595",
        "price_per_unit": "3595",
        "price_unit": "EA"
      }
    ]
  },
  {
    "source_url": "https://www.woolworths.com.au/shop/productdetails/1075317559/oliandola-flexible-spring-pick-up-tool-drain-unblocker-stick-snake-cleaner-hair-remover",
    "name": "OliandOla Flexible Spring Pick Up Tool Drain Unblocker Stick Snake Cleaner Hair Remover",
    "image_url": "https://cdn1.woolworths.media/content/wowproductimages/large/1075317559.jpg",
    "source_id": "Woolworths - 1075317559",
    "barcode": null,
    "shop": "Woolworths",
    "weight": "1EA",
    "prices": [
      {
        "state": "NSW",
        "price": "1995",
        "price_per_unit": "1995",
        "price_unit": "EA"
      },
      {
        "state": "VIC",
        "price": "1995",
        "price_per_unit": "1995",
        "price_unit": "EA"
      }
    ]
  },
  {
    "source_url": "https://www.woolworths.com.au/shop/productdetails/322104/ozkleen-oven-power-odourless-oven-cleaner-kit",
    "name": "OzKleen Oven Power Odourless Oven Cleaner Kit each",
    "image_url": "https://cdn1.woolworths.media/content/wowproductimages/large/322104.jpg",
    "source_id": "Woolworths - 322104",
    "barcode": "803678000651",
    "shop": "Woolworths",
    "weight": "1EA",
    "prices": [
      {
        "state": "NSW",
        "price": "960",
        "price_per_unit": "960",
        "price_unit": "EA"
      },
      {
        "state": "VIC",
        "price": "960",
        "price_per_unit": "960",
        "price_unit": "EA"
      },
      {
        "state": "QLD",
        "price": "960",
        "price_per_unit": "960",
        "price_unit": "EA"
      },
      {
        "state": "WA",
        "price": "960",
        "price_per_unit": "960",
        "price_unit": "EA"
      },
      {
        "state": "SA",
        "price": "960",
        "price_per_unit": "960",
        "price_unit": "EA"
      },
      {
        "state": "TAS",
        "price": "960",
        "price_per_unit": "960",
        "price_unit": "EA"
      },
      {
        "state": "ACT",
        "price": "960",
        "price_per_unit": "960",
        "price_unit": "EA"
      },
      {
        "state": "NT",
        "price": "1005",
        "price_per_unit": "1005",
        "price_unit": "EA"
      }
    ]
  },
  {
    "source_url": "https://www.woolworths.com.au/shop/productdetails/1075250745/ozoffer-morning-fresh-dishwashing-liquid-lemon-400ml",
    "name": "Ozoffer Morning Fresh Dishwashing Liquid Lemon 400Ml",
    "image_url": "https://cdn1.woolworths.media/content/wowproductimages/large/1075250745.jpg",
    "source_id": "Woolworths - 1075250745",
    "barcode": null,
    "shop": "Woolworths",
    "weight": "1EA",
    "prices": [
      {
        "state": "NSW",
        "price": "1155",
        "price_per_unit": "1155",
        "price_unit": "EA"
      }
    ]
  },
  {
    "source_url": "https://www.woolworths.com.au/shop/productdetails/1074325620/palmolive-500ml-dishwashing-liquid-dry-skin-aloe-6pk",
    "name": "Palmolive 500ml Dishwashing Liquid Dry Skin Aloe 6PK",
    "image_url": "https://cdn1.woolworths.media/content/wowproductimages/large/1074325620.jpg",
    "source_id": "Woolworths - 1074325620",
    "barcode": null,
    "shop": "Woolworths",
    "weight": "1EA",
    "prices": [
      {
        "state": "NSW",
        "price": "3900",
        "price_per_unit": "650",
        "price_unit": "EA"
      }
    ]
  },
  {
    "source_url": "https://www.woolworths.com.au/shop/productdetails/1075256521/palmolive-dishwashing-liquid-lemon-12pk-500ml",
    "name": "Palmolive Dishwashing Liquid Lemon 12PK 500ml",
    "image_url": "https://cdn1.woolworths.media/content/wowproductimages/large/1075256521.jpg",
    "source_id": "Woolworths - 1075256521",
    "barcode": null,
    "shop": "Woolworths",
    "weight": "1EA",
    "prices": [
      {
        "state": "NSW",
        "price": "5760",
        "price_per_unit": "480",
        "price_unit": "EA"
      }
    ]
  },
  {
    "source_url": "https://www.woolworths.com.au/shop/productdetails/1074325528/palmolive-dishwashing-liquid-lemon-3pc-500ml",
    "name": "Palmolive Dishwashing Liquid Lemon 3pc 500ml",
    "image_url": "https://cdn1.woolworths.media/content/wowproductimages/large/1074325528.jpg",
    "source_id": "Woolworths - 1074325528",
    "barcode": null,
    "shop": "Woolworths",
    "weight": "1EA",
    "prices": [
      {
        "state": "NSW",
        "price": "2700",
        "price_per_unit": "900",
        "price_unit": "EA"
      }
    ]
  },
  {
    "source_url": "https://www.woolworths.com.au/shop/productdetails/1075256522/palmolive-dishwashing-liquid-lemon-6pk-500ml",
    "name": "Palmolive Dishwashing Liquid Lemon 6PK 500ml",
    "image_url": "https://cdn1.woolworths.media/content/wowproductimages/large/1075256522.jpg",
    "source_id": "Woolworths - 1075256522",
    "barcode": null,
    "shop": "Woolworths",
    "weight": "1EA",
    "prices": [
      {
        "state": "NSW",
        "price": "3900",
        "price_per_unit": "650",
        "price_unit": "EA"
      }
    ]
  },
  {
    "source_url": "https://www.woolworths.com.au/shop/productdetails/1074325708/palmolive-original-dishwashing-liquid-12pk-500ml",
    "name": "Palmolive Original Dishwashing Liquid 12PK 500ml",
    "image_url": "https://cdn1.woolworths.media/content/wowproductimages/large/1074325708.jpg",
    "source_id": "Woolworths - 1074325708",
    "barcode": null,
    "shop": "Woolworths",
    "weight": "1EA",
    "prices": [
      {
        "state": "NSW",
        "price": "5310",
        "price_per_unit": "443",
        "price_unit": "EA"
      }
    ]
  },
  {
    "source_url": "https://www.woolworths.com.au/shop/productdetails/1074325740/palmolive-original-dishwashing-liquid-detergent-wash-dishes-pots-pan-glass-750ml-x-3",
    "name": "Palmolive Original Dishwashing Liquid Detergent Wash Dishes Pots Pan Glass 750ml x 3",
    "image_url": "https://cdn1.woolworths.media/content/wowproductimages/large/1074325740.jpg",
    "source_id": "Woolworths - 1074325740",
    "barcode": null,
    "shop": "Woolworths",
    "weight": "1EA",
    "prices": [
      {
        "state": "NSW",
        "price": "2600",
        "price_per_unit": "867",
        "price_unit": "EA"
      }
    ]
  },
  {
    "source_url": "https://www.woolworths.com.au/shop/productdetails/1075997365/panache-drain-cleaning-sticks",
    "name": "Panache Drain Cleaning Sticks",
    "image_url": "https://cdn1.woolworths.media/content/wowproductimages/large/1075997365.jpg",
    "source_id": "Woolworths - 1075997365",
    "barcode": null,
    "shop": "Woolworths",
    "weight": null,
    "prices": []
  },
  {
    "source_url": "https://www.woolworths.com.au/shop/productdetails/1075539409/parker-bailey-bbq-cleaner-degreaser-709ml",
    "name": "Parker & Bailey Bbq Cleaner & Degreaser 709ml",
    "image_url": "https://cdn1.woolworths.media/content/wowproductimages/large/1075539409.jpg",
    "source_id": "Woolworths - 1075539409",
    "barcode": null,
    "shop": "Woolworths",
    "weight": "100ML",
    "prices": [
      {
        "state": "NSW",
        "price": "3195",
        "price_per_unit": "451",
        "price_unit": "ML"
      }
    ]
  },
  {
    "source_url": "https://www.woolworths.com.au/shop/productdetails/1075539404/parker-bailey-brass-copper-polish-236ml",
    "name": "Parker & Bailey Brass & Copper Polish 236ml",
    "image_url": "https://cdn1.woolworths.media/content/wowproductimages/large/1075539404.jpg",
    "source_id": "Woolworths - 1075539404",
    "barcode": null,
    "shop": "Woolworths",
    "weight": "100ML",
    "prices": [
      {
        "state": "NSW",
        "price": "2795",
        "price_per_unit": "1184",
        "price_unit": "ML"
      }
    ]
  },
  {
    "source_url": "https://www.woolworths.com.au/shop/productdetails/1075539462/parker-bailey-cooktop-cleaner-236ml",
    "name": "Parker & Bailey Cooktop Cleaner 236ml",
    "image_url": "https://cdn1.woolworths.media/content/wowproductimages/large/1075539462.jpg",
    "source_id": "Woolworths - 1075539462",
    "barcode": null,
    "shop": "Woolworths",
    "weight": "100ML",
    "prices": [
      {
        "state": "NSW",
        "price": "2795",
        "price_per_unit": "1184",
        "price_unit": "ML"
      }
    ]
  },
  {
    "source_url": "https://www.woolworths.com.au/shop/productdetails/1075498833/parker-bailey-furniture-cream-with-lemon-oil-473ml",
    "name": "Parker & Bailey Furniture Cream With Lemon Oil 473ml",
    "image_url": "https://cdn1.woolworths.media/content/wowproductimages/large/1075498833.jpg",
    "source_id": "Woolworths - 1075498833",
    "barcode": null,
    "shop": "Woolworths",
    "weight": null,
    "prices": []
  },
  {
    "source_url": "https://www.woolworths.com.au/shop/productdetails/1075179662/parker-bailey-kitchen-cabinet-cream-236ml",
    "name": "Parker & Bailey Kitchen Cabinet Cream 236Ml",
    "image_url": "https://cdn1.woolworths.media/content/wowproductimages/large/1075179662.jpg",
    "source_id": "Woolworths - 1075179662",
    "barcode": null,
    "shop": "Woolworths",
    "weight": null,
    "prices": []
  },
  {
    "source_url": "https://www.woolworths.com.au/shop/productdetails/1075540260/parker-bailey-kitchen-cabinet-cream-236ml",
    "name": "Parker & Bailey Kitchen Cabinet Cream 236ml",
    "image_url": "https://cdn1.woolworths.media/content/wowproductimages/large/1075540260.jpg",
    "source_id": "Woolworths - 1075540260",
    "barcode": null,
    "shop": "Woolworths",
    "weight": "100ML",
    "prices": [
      {
        "state": "NSW",
        "price": "2795",
        "price_per_unit": "1184",
        "price_unit": "ML"
      }
    ]
  },
  {
    "source_url": "https://www.woolworths.com.au/shop/productdetails/1075497541/parker-bailey-lemon-oil-wood-polish-473ml",
    "name": "Parker & Bailey Lemon Oil Wood Polish 473ml",
    "image_url": "https://cdn1.woolworths.media/content/wowproductimages/large/1075497541.jpg",
    "source_id": "Woolworths - 1075497541",
    "barcode": null,
    "shop": "Woolworths",
    "weight": null,
    "prices": []
  },
  {
    "source_url": "https://www.woolworths.com.au/shop/productdetails/1075496332/parker-bailey-orange-oil-wood-polish-473ml",
    "name": "Parker & Bailey Orange Oil Wood Polish 473ml",
    "image_url": "https://cdn1.woolworths.media/content/wowproductimages/large/1075496332.jpg",
    "source_id": "Woolworths - 1075496332",
    "barcode": null,
    "shop": "Woolworths",
    "weight": null,
    "prices": []
  },
  {
    "source_url": "https://www.woolworths.com.au/shop/productdetails/1075539405/parker-bailey-stainless-steel-polish-cleaner-236ml",
    "name": "Parker & Bailey Stainless Steel Polish & Cleaner 236ml",
    "image_url": "https://cdn1.woolworths.media/content/wowproductimages/large/1075539405.jpg",
    "source_id": "Woolworths - 1075539405",
    "barcode": null,
    "shop": "Woolworths",
    "weight": "100ML",
    "prices": [
      {
        "state": "NSW",
        "price": "2795",
        "price_per_unit": "1184",
        "price_unit": "ML"
      }
    ]
  },
  {
    "source_url": "https://www.woolworths.com.au/shop/productdetails/1075498836/parker-bailey-wood-floor-cleaner-651ml",
    "name": "Parker & Bailey Wood Floor Cleaner 651ml",
    "image_url": "https://cdn1.woolworths.media/content/wowproductimages/large/1075498836.jpg",
    "source_id": "Woolworths - 1075498836",
    "barcode": null,
    "shop": "Woolworths",
    "weight": null,
    "prices": []
  },
  {
    "source_url": "https://www.woolworths.com.au/shop/productdetails/221594/cleanery-kitchen-cleaner-refill-lemon-lemon-lime",
    "name": "Cleanery Kitchen Cleaner Refill Lemon Lemon & Lime 16g",
    "image_url": "https://cdn1.woolworths.media/content/wowproductimages/large/221594.jpg",
    "source_id": "Woolworths - 221594",
    "barcode": "9421036260090",
    "shop": "Woolworths",
    "weight": "100G",
    "prices": [
      {
        "state": "VIC",
        "price": "360",
        "price_per_unit": "2250",
        "price_unit": "G"
      },
      {
        "state": "QLD",
        "price": "360",
        "price_per_unit": "2250",
        "price_unit": "G"
      },
      {
        "state": "SA",
        "price": "360",
        "price_per_unit": "2250",
        "price_unit": "G"
      },
      {
        "state": "ACT",
        "price": "360",
        "price_per_unit": "2250",
        "price_unit": "G"
      },
      {
        "state": "NT",
        "price": "360",
        "price_per_unit": "2250",
        "price_unit": "G"
      }
    ]
  },
  {
    "source_url": "https://www.woolworths.com.au/shop/productdetails/154394/dr-beckmann-oven-cleaner",
    "name": "Dr Beckmann Oven Cleaner 375ml",
    "image_url": "https://cdn1.woolworths.media/content/wowproductimages/large/154394.jpg",
    "source_id": "Woolworths - 154394",
    "barcode": "4008455571317",
    "shop": "Woolworths",
    "weight": "100ML",
    "prices": [
      {
        "state": "VIC",
        "price": "1000",
        "price_per_unit": "267",
        "price_unit": "ML"
      },
      {
        "state": "QLD",
        "price": "1000",
        "price_per_unit": "267",
        "price_unit": "ML"
      },
      {
        "state": "SA",
        "price": "1000",
        "price_per_unit": "267",
        "price_unit": "ML"
      },
      {
        "state": "NT",
        "price": "1050",
        "price_per_unit": "280",
        "price_unit": "ML"
      }
    ]
  },
  {
    "source_url": "https://www.woolworths.com.au/shop/productdetails/185625/eco-turtles-degreaser-cleaning-tablet",
    "name": "Eco Turtles Degreaser Cleaning Tablet 5g",
    "image_url": "https://cdn1.woolworths.media/content/wowproductimages/large/185625.jpg",
    "source_id": "Woolworths - 185625",
    "barcode": "9353327000224",
    "shop": "Woolworths",
    "weight": "1EA",
    "prices": [
      {
        "state": "VIC",
        "price": "600",
        "price_per_unit": "600",
        "price_unit": "EA"
      },
      {
        "state": "QLD",
        "price": "600",
        "price_per_unit": "600",
        "price_unit": "EA"
      },
      {
        "state": "ACT",
        "price": "600",
        "price_per_unit": "600",
        "price_unit": "EA"
      },
      {
        "state": "NT",
        "price": "600",
        "price_per_unit": "600",
        "price_unit": "EA"
      }
    ]
  },
  {
    "source_url": "https://www.woolworths.com.au/shop/productdetails/1075256496/morning-fresh-dishwashing-liquid-lime-12pk-400ml",
    "name": "Morning Fresh Dishwashing Liquid Lime 12PK 400ml",
    "image_url": "https://cdn1.woolworths.media/content/wowproductimages/large/1075256496.jpg",
    "source_id": "Woolworths - 1075256496",
    "barcode": null,
    "shop": "Woolworths",
    "weight": "1EA",
    "prices": [
      {
        "state": "VIC",
        "price": "5040",
        "price_per_unit": "420",
        "price_unit": "EA"
      }
    ]
  },
  {
    "source_url": "https://www.woolworths.com.au/shop/productdetails/1075256497/morning-fresh-dishwashing-liquid-lime-6pk-400ml",
    "name": "Morning Fresh Dishwashing Liquid Lime 6PK 400ml",
    "image_url": "https://cdn1.woolworths.media/content/wowproductimages/large/1075256497.jpg",
    "source_id": "Woolworths - 1075256497",
    "barcode": null,
    "shop": "Woolworths",
    "weight": "1EA",
    "prices": [
      {
        "state": "VIC",
        "price": "3800",
        "price_per_unit": "633",
        "price_unit": "EA"
      }
    ]
  },
  {
    "source_url": "https://www.woolworths.com.au/shop/productdetails/1074325555/morning-fresh-dishwashing-liquid-ultra-concentrate-antibacterial-orange-tea-tree-3x-400ml",
    "name": "Morning Fresh Dishwashing Liquid Ultra Concentrate Antibacterial Orange & Tea Tree 3x 400ml",
    "image_url": "https://cdn1.woolworths.media/content/wowproductimages/large/1074325555.jpg",
    "source_id": "Woolworths - 1074325555",
    "barcode": null,
    "shop": "Woolworths",
    "weight": "1EA",
    "prices": [
      {
        "state": "VIC",
        "price": "2500",
        "price_per_unit": "833",
        "price_unit": "EA"
      }
    ]
  },
  {
    "source_url": "https://www.woolworths.com.au/shop/productdetails/1075780718/morning-fresh-pro-brilliance-dishwasher-tablets-lemon-3-x-44-pack-",
    "name": "Morning Fresh Pro Brilliance Dishwasher Tablets Lemon (3 x 44 Pack)",
    "image_url": "https://cdn1.woolworths.media/content/wowproductimages/large/1075780718.jpg",
    "source_id": "Woolworths - 1075780718",
    "barcode": null,
    "shop": "Woolworths",
    "weight": "1EA",
    "prices": [
      {
        "state": "VIC",
        "price": "6995",
        "price_per_unit": "2332",
        "price_unit": "EA"
      }
    ]
  },
  {
    "source_url": "https://www.woolworths.com.au/shop/productdetails/166017/resolv-kitchen-cleaner-pod-lemongrass-lime",
    "name": "Resolv Kitchen Cleaner Pod Lemongrass & Lime 10ml",
    "image_url": "https://cdn1.woolworths.media/content/wowproductimages/large/166017.jpg",
    "source_id": "Woolworths - 166017",
    "barcode": "9420035619663",
    "shop": "Woolworths",
    "weight": "100ML",
    "prices": [
      {
        "state": "QLD",
        "price": "400",
        "price_per_unit": "53",
        "price_unit": "ML"
      },
      {
        "state": "SA",
        "price": "400",
        "price_per_unit": "53",
        "price_unit": "ML"
      },
      {
        "state": "ACT",
        "price": "400",
        "price_per_unit": "53",
        "price_unit": "ML"
      },
      {
        "state": "NT",
        "price": "400",
        "price_per_unit": "53",
        "price_unit": "ML"
      }
    ]
  },
  {
    "source_url": "https://www.woolworths.com.au/shop/productdetails/173881/restor-concentrated-cleaning-tablet-refill-bottle-kitchen",
    "name": "Restor Concentrated Cleaning Tablet & Refill Bottle Kitchen Each",
    "image_url": "https://cdn1.woolworths.media/content/wowproductimages/large/173881.jpg",
    "source_id": "Woolworths - 173881",
    "barcode": "9421035731461",
    "shop": "Woolworths",
    "weight": "100ML",
    "prices": [
      {
        "state": "QLD",
        "price": "500",
        "price_per_unit": "100",
        "price_unit": "ML"
      },
      {
        "state": "SA",
        "price": "500",
        "price_per_unit": "100",
        "price_unit": "ML"
      },
      {
        "state": "ACT",
        "price": "500",
        "price_per_unit": "100",
        "price_unit": "ML"
      },
      {
        "state": "NT",
        "price": "500",
        "price_per_unit": "100",
        "price_unit": "ML"
      }
    ]
  },
  {
    "source_url": "https://www.woolworths.com.au/shop/productdetails/173878/restor-concentrated-cleaning-tablet-kitchen-aloe",
    "name": "Restor Concentrated Cleaning Tablet Kitchen Aloe 2 Pack",
    "image_url": "https://cdn1.woolworths.media/content/wowproductimages/large/173878.jpg",
    "source_id": "Woolworths - 173878",
    "barcode": "9421035731492",
    "shop": "Woolworths",
    "weight": "100ML",
    "prices": [
      {
        "state": "QLD",
        "price": "630",
        "price_per_unit": "63",
        "price_unit": "ML"
      },
      {
        "state": "SA",
        "price": "630",
        "price_per_unit": "63",
        "price_unit": "ML"
      },
      {
        "state": "ACT",
        "price": "630",
        "price_per_unit": "63",
        "price_unit": "ML"
      },
      {
        "state": "NT",
        "price": "630",
        "price_per_unit": "63",
        "price_unit": "ML"
      }
    ]
  },
  {
    "source_url": "https://www.woolworths.com.au/shop/productdetails/296793/the-stone-doctor-stone-cleaner-spray",
    "name": "The Stone Doctor Stone Cleaner Spray 500ml",
    "image_url": "https://cdn1.woolworths.media/content/wowproductimages/large/296793.jpg",
    "source_id": "Woolworths - 296793",
    "barcode": "9359751000083",
    "shop": "Woolworths",
    "weight": "100ML",
    "prices": [
      {
        "state": "QLD",
        "price": "1490",
        "price_per_unit": "298",
        "price_unit": "ML"
      },
      {
        "state": "WA",
        "price": "1490",
        "price_per_unit": "298",
        "price_unit": "ML"
      },
      {
        "state": "SA",
        "price": "1490",
        "price_per_unit": "298",
        "price_unit": "ML"
      },
      {
        "state": "ACT",
        "price": "1490",
        "price_per_unit": "298",
        "price_unit": "ML"
      },
      {
        "state": "NT",
        "price": "1565",
        "price_per_unit": "313",
        "price_unit": "ML"
      }
    ]
  },
  {
    "source_url": "https://www.woolworths.com.au/shop/productdetails/763597/selley-s-oven-cleaner-wipes",
    "name": "Selley's Oven Cleaner Wipes 12 Pack",
    "image_url": "https://cdn1.woolworths.media/content/wowproductimages/large/763597.jpg",
    "source_id": "Woolworths - 763597",
    "barcode": "9300697124555",
    "shop": "Woolworths",
    "weight": "1EA",
    "prices": [
      {
        "state": "SA",
        "price": "415",
        "price_per_unit": "35",
        "price_unit": "EA"
      },
      {
        "state": "NT",
        "price": "415",
        "price_per_unit": "35",
        "price_unit": "EA"
      }
    ]
  }
]