[
  {
    "source_url": "https://www.woolworths.com.au/shop/productdetails/1075345692/abode-floor-cleaner-forest-fresh-4l",
    "name": "Abode Floor Cleaner Forest Fresh 4L",
    "image_url": "https://cdn1.woolworths.media/content/wowproductimages/large/1075345692.jpg",
    "source_id": "Woolworths - 1075345692",
    "barcode": null,
    "shop": "Woolworths",
    "weight": "100ML",
    "prices": [
      {
        "state": "NSW",
        "price": "5995",
        "price_per_unit": "150",
        "price_unit": "ML"
      },
      {
        "state": "VIC",
        "price": "5995",
        "price_per_unit": "150",
        "price_unit": "ML"
      },
      {
        "state": "QLD",
        "price": "5995",
        "price_per_unit": "150",
        "price_unit": "ML"
      },
      {
        "state": "WA",
        "price": "5995",
        "price_per_unit": "150",
        "price_unit": "ML"
      },
      {
        "state": "SA",
        "price": "5995",
        "price_per_unit": "150",
        "price_unit": "ML"
      },
      {
        "state": "TAS",
        "price": "5995",
        "price_per_unit": "150",
        "price_unit": "ML"
      },
      {
        "state": "ACT",
        "price": "5995",
        "price_per_unit": "150",
        "price_unit": "ML"
      },
      {
        "state": "NT",
        "price": "5995",
        "price_per_unit": "150",
        "price_unit": "ML"
      }
    ]
  },
  {
    "source_url": "https://www.woolworths.com.au/shop/productdetails/1075478379/abode-floor-cleaner-forest-fresh-750ml",
    "name": "Abode Floor Cleaner Forest Fresh 750ml",
    "image_url": "https://cdn1.woolworths.media/content/wowproductimages/large/1075478379.jpg",
    "source_id": "Woolworths - 1075478379",
    "barcode": null,
    "shop": "Woolworths",
    "weight": "100ML",
    "prices": [
      {
        "state": "NSW",
        "price": "1000",
        "price_per_unit": "133",
        "price_unit": "ML"
      },
      {
        "state": "VIC",
        "price": "1000",
        "price_per_unit": "133",
        "price_unit": "ML"
      },
      {
        "state": "QLD",
        "price": "1000",
        "price_per_unit": "133",
        "price_unit": "ML"
      },
      {
        "state": "WA",
        "price": "1000",
        "price_per_unit": "133",
        "price_unit": "ML"
      },
      {
        "state": "SA",
        "price": "1000",
        "price_per_unit": "133",
        "price_unit": "ML"
      },
      {
        "state": "TAS",
        "price": "1000",
        "price_per_unit": "133",
        "price_unit": "ML"
      },
      {
        "state": "ACT",
        "price": "1000",
        "price_per_unit": "133",
        "price_unit": "ML"
      },
      {
        "state": "NT",
        "price": "1000",
        "price_per_unit": "133",
        "price_unit": "ML"
      }
    ]
  },
  {
    "source_url": "https://www.woolworths.com.au/shop/productdetails/1075346693/abode-floor-cleaner-lavender-eucalyptus-4l",
    "name": "Abode Floor Cleaner Lavender & Eucalyptus 4L",
    "image_url": "https://cdn1.woolworths.media/content/wowproductimages/large/1075346693.jpg",
    "source_id": "Woolworths - 1075346693",
    "barcode": null,
    "shop": "Woolworths",
    "weight": "100ML",
    "prices": [
      {
        "state": "NSW",
        "price": "5995",
        "price_per_unit": "150",
        "price_unit": "ML"
      },
      {
        "state": "VIC",
        "price": "5995",
        "price_per_unit": "150",
        "price_unit": "ML"
      },
      {
        "state": "QLD",
        "price": "5995",
        "price_per_unit": "150",
        "price_unit": "ML"
      },
      {
        "state": "WA",
        "price": "5995",
        "price_per_unit": "150",
        "price_unit": "ML"
      },
      {
        "state": "SA",
        "price": "5995",
        "price_per_unit": "150",
        "price_unit": "ML"
      },
      {
        "state": "TAS",
        "price": "5995",
        "price_per_unit": "150",
        "price_unit": "ML"
      },
      {
        "state": "ACT",
        "price": "5995",
        "price_per_unit": "150",
        "price_unit": "ML"
      },
      {
        "state": "NT",
        "price": "5995",
        "price_per_unit": "150",
        "price_unit": "ML"
      }
    ]
  },
  {
    "source_url": "https://www.woolworths.com.au/shop/productdetails/1075480864/abode-floor-cleaner-lavender-and-eucalyptus-750ml",
    "name": "Abode Floor Cleaner Lavender and Eucalyptus 750ml",
    "image_url": "https://cdn1.woolworths.media/content/wowproductimages/large/1075480864.jpg",
    "source_id": "Woolworths - 1075480864",
    "barcode": null,
    "shop": "Woolworths",
    "weight": "100ML",
    "prices": [
      {
        "state": "NSW",
        "price": "1000",
        "price_per_unit": "133",
        "price_unit": "ML"
      },
      {
        "state": "VIC",
        "price": "1000",
        "price_per_unit": "133",
        "price_unit": "ML"
      },
      {
        "state": "QLD",
        "price": "1000",
        "price_per_unit": "133",
        "price_unit": "ML"
      },
      {
        "state": "WA",
        "price": "1000",
        "price_per_unit": "133",
        "price_unit": "ML"
      },
      {
        "state": "SA",
        "price": "1000",
        "price_per_unit": "133",
        "price_unit": "ML"
      },
      {
        "state": "TAS",
        "price": "1000",
        "price_per_unit": "133",
        "price_unit": "ML"
      },
      {
        "state": "ACT",
        "price": "1000",
        "price_per_unit": "133",
        "price_unit": "ML"
      },
      {
        "state": "NT",
        "price": "1000",
        "price_per_unit": "133",
        "price_unit": "ML"
      }
    ]
  },
  {
    "source_url": "https://www.woolworths.com.au/shop/productdetails/1075480618/abode-surface-spray-ginger-and-lemongrass-500ml",
    "name": "Abode Surface Spray Ginger and Lemongrass 500ml",
    "image_url": "https://cdn1.woolworths.media/content/wowproductimages/large/1075480618.jpg",
    "source_id": "Woolworths - 1075480618",
    "barcode": null,
    "shop": "Woolworths",
    "weight": "100ML",
    "prices": [
      {
        "state": "NSW",
        "price": "1000",
        "price_per_unit": "200",
        "price_unit": "ML"
      },
      {
        "state": "VIC",
        "price": "1000",
        "price_per_unit": "200",
        "price_unit": "ML"
      },
      {
        "state": "QLD",
        "price": "1000",
        "price_per_unit": "200",
        "price_unit": "ML"
      },
      {
        "state": "WA",
        "price": "1000",
        "price_per_unit": "200",
        "price_unit": "ML"
      },
      {
        "state": "SA",
        "price": "1000",
        "price_per_unit": "200",
        "price_unit": "ML"
      },
      {
        "state": "TAS",
        "price": "1000",
        "price_per_unit": "200",
        "price_unit": "ML"
      },
      {
        "state": "ACT",
        "price": "1000",
        "price_per_unit": "200",
        "price_unit": "ML"
      },
      {
        "state": "NT",
        "price": "1000",
        "price_per_unit": "200",
        "price_unit": "ML"
      }
    ]
  },
  {
    "source_url": "https://www.woolworths.com.au/shop/productdetails/1075479142/abode-surface-spray-lime-spritz-500ml",
    "name": "Abode Surface Spray Lime Spritz 500ml",
    "image_url": "https://cdn1.woolworths.media/content/wowproductimages/large/1075479142.jpg",
    "source_id": "Woolworths - 1075479142",
    "barcode": null,
    "shop": "Woolworths",
    "weight": "100ML",
    "prices": [
      {
        "state": "NSW",
        "price": "1000",
        "price_per_unit": "200",
        "price_unit": "ML"
      },
      {
        "state": "VIC",
        "price": "1000",
        "price_per_unit": "200",
        "price_unit": "ML"
      },
      {
        "state": "QLD",
        "price": "1000",
        "price_per_unit": "200",
        "price_unit": "ML"
      },
      {
        "state": "WA",
        "price": "1000",
        "price_per_unit": "200",
        "price_unit": "ML"
      },
      {
        "state": "SA",
        "price": "1000",
        "price_per_unit": "200",
        "price_unit": "ML"
      },
      {
        "state": "TAS",
        "price": "1000",
        "price_per_unit": "200",
        "price_unit": "ML"
      },
      {
        "state": "ACT",
        "price": "1000",
        "price_per_unit": "200",
        "price_unit": "ML"
      },
      {
        "state": "NT",
        "price": "1000",
        "price_per_unit": "200",
        "price_unit": "ML"
      }
    ]
  },
  {
    "source_url": "https://www.woolworths.com.au/shop/productdetails/1075478744/abode-surface-spray-wild-lavender-and-mint-500ml",
    "name": "Abode Surface Spray Wild Lavender and Mint 500ml",
    "image_url": "https://cdn1.woolworths.media/content/wowproductimages/large/1075478744.jpg",
    "source_id": "Woolworths - 1075478744",
    "barcode": null,
    "shop": "Woolworths",
    "weight": "100ML",
    "prices": [
      {
        "state": "NSW",
        "price": "1000",
        "price_per_unit": "200",
        "price_unit": "ML"
      },
      {
        "state": "VIC",
        "price": "1000",
        "price_per_unit": "200",
        "price_unit": "ML"
      },
      {
        "state": "QLD",
        "price": "1000",
        "price_per_unit": "200",
        "price_unit": "ML"
      },
      {
        "state": "WA",
        "price": "1000",
        "price_per_unit": "200",
        "price_unit": "ML"
      },
      {
        "state": "SA",
        "price": "1000",
        "price_per_unit": "200",
        "price_unit": "ML"
      },
      {
        "state": "TAS",
        "price": "1000",
        "price_per_unit": "200",
        "price_unit": "ML"
      },
      {
        "state": "ACT",
        "price": "1000",
        "price_per_unit": "200",
        "price_unit": "ML"
      },
      {
        "state": "NT",
        "price": "1000",
        "price_per_unit": "200",
        "price_unit": "ML"
      }
    ]
  },
  {
    "source_url": "https://www.woolworths.com.au/shop/productdetails/1075345458/abode-timber-floor-cleaner-atlas-cedar-4l",
    "name": "Abode Timber Floor Cleaner Atlas Cedar 4L",
    "image_url": "https://cdn1.woolworths.media/content/wowproductimages/large/1075345458.jpg",
    "source_id": "Woolworths - 1075345458",
    "barcode": null,
    "shop": "Woolworths",
    "weight": "100ML",
    "prices": [
      {
        "state": "NSW",
        "price": "5995",
        "price_per_unit": "150",
        "price_unit": "ML"
      },
      {
        "state": "VIC",
        "price": "5995",
        "price_per_unit": "150",
        "price_unit": "ML"
      },
      {
        "state": "QLD",
        "price": "5995",
        "price_per_unit": "150",
        "price_unit": "ML"
      },
      {
        "state": "WA",
        "price": "5995",
        "price_per_unit": "150",
        "price_unit": "ML"
      },
      {
        "state": "SA",
        "price": "5995",
        "price_per_unit": "150",
        "price_unit": "ML"
      },
      {
        "state": "TAS",
        "price": "5995",
        "price_per_unit": "150",
        "price_unit": "ML"
      },
      {
        "state": "ACT",
        "price": "5995",
        "price_per_unit": "150",
        "price_unit": "ML"
      },
      {
        "state": "NT",
        "price": "5995",
        "price_per_unit": "150",
        "price_unit": "ML"
      }
    ]
  },
  {
    "source_url": "https://www.woolworths.com.au/shop/productdetails/1075346366/abode-timber-floor-cleaner-atlas-cedar-750ml",
    "name": "Abode Timber Floor Cleaner Atlas Cedar 750ml",
    "image_url": "https://cdn1.woolworths.media/content/wowproductimages/large/1075346366.jpg",
    "source_id": "Woolworths - 1075346366",
    "barcode": null,
    "shop": "Woolworths",
    "weight": "100ML",
    "prices": [
      {
        "state": "NSW",
        "price": "1000",
        "price_per_unit": "133",
        "price_unit": "ML"
      },
      {
        "state": "VIC",
        "price": "1000",
        "price_per_unit": "133",
        "price_unit": "ML"
      },
      {
        "state": "QLD",
        "price": "1000",
        "price_per_unit": "133",
        "price_unit": "ML"
      },
      {
        "state": "WA",
        "price": "1000",
        "price_per_unit": "133",
        "price_unit": "ML"
      },
      {
        "state": "SA",
        "price": "1000",
        "price_per_unit": "133",
        "price_unit": "ML"
      },
      {
        "state": "TAS",
        "price": "1000",
        "price_per_unit": "133",
        "price_unit": "ML"
      },
      {
        "state": "ACT",
        "price": "1000",
        "price_per_unit": "133",
        "price_unit": "ML"
      },
      {
        "state": "NT",
        "price": "1000",
        "price_per_unit": "133",
        "price_unit": "ML"
      }
    ]
  },
  {
    "source_url": "https://www.woolworths.com.au/shop/productdetails/1075480763/abode-timber-surface-cleaner-atlas-cedar-4l",
    "name": "Abode Timber Surface Cleaner Atlas Cedar 4L",
    "image_url": "https://cdn1.woolworths.media/content/wowproductimages/large/1075480763.jpg",
    "source_id": "Woolworths - 1075480763",
    "barcode": null,
    "shop": "Woolworths",
    "weight": "100ML",
    "prices": [
      {
        "state": "NSW",
        "price": "4995",
        "price_per_unit": "125",
        "price_unit": "ML"
      },
      {
        "state": "VIC",
        "price": "4995",
        "price_per_unit": "125",
        "price_unit": "ML"
      },
      {
        "state": "QLD",
        "price": "4995",
        "price_per_unit": "125",
        "price_unit": "ML"
      },
      {
        "state": "WA",
        "price": "4995",
        "price_per_unit": "125",
        "price_unit": "ML"
      },
      {
        "state": "SA",
        "price": "4995",
        "price_per_unit": "125",
        "price_unit": "ML"
      },
      {
        "state": "TAS",
        "price": "4995",
        "price_per_unit": "125",
        "price_unit": "ML"
      },
      {
        "state": "ACT",
        "price": "4995",
        "price_per_unit": "125",
        "price_unit": "ML"
      },
      {
        "state": "NT",
        "price": "4995",
        "price_per_unit": "125",
        "price_unit": "ML"
      }
    ]
  },
  {
    "source_url": "https://www.woolworths.com.au/shop/productdetails/1075479131/abode-timber-surface-spray-atlas-cedar-500ml",
    "name": "Abode Timber Surface Spray Atlas Cedar 500ml",
    "image_url": "https://cdn1.woolworths.media/content/wowproductimages/large/1075479131.jpg",
    "source_id": "Woolworths - 1075479131",
    "barcode": null,
    "shop": "Woolworths",
    "weight": "100ML",
    "prices": [
      {
        "state": "NSW",
        "price": "1000",
        "price_per_unit": "200",
        "price_unit": "ML"
      },
      {
        "state": "VIC",
        "price": "1000",
        "price_per_unit": "200",
        "price_unit": "ML"
      },
      {
        "state": "QLD",
        "price": "1000",
        "price_per_unit": "200",
        "price_unit": "ML"
      },
      {
        "state": "WA",
        "price": "1000",
        "price_per_unit": "200",
        "price_unit": "ML"
      },
      {
        "state": "SA",
        "price": "1000",
        "price_per_unit": "200",
        "price_unit": "ML"
      },
      {
        "state": "TAS",
        "price": "1000",
        "price_per_unit": "200",
        "price_unit": "ML"
      },
      {
        "state": "ACT",
        "price": "1000",
        "price_per_unit": "200",
        "price_unit": "ML"
      },
      {
        "state": "NT",
        "price": "1000",
        "price_per_unit": "200",
        "price_unit": "ML"
      }
    ]
  },
  {
    "source_url": "https://www.woolworths.com.au/shop/productdetails/1075709487/advwin-spotclean-portable-carpet-cleaner-multi-purpose-portable-cleaner-carpet",
    "name": "Advwin SpotClean, Portable Carpet Cleaner, Multi-Purpose Portable Cleaner, Carpet",
    "image_url": "https://cdn1.woolworths.media/content/wowproductimages/large/1075709487.jpg",
    "source_id": "Woolworths - 1075709487",
    "barcode": null,
    "shop": "Woolworths",
    "weight": "1EA",
    "prices": [
      {
        "state": "NSW",
        "price": "13900",
        "price_per_unit": "13900",
        "price_unit": "EA"
      },
      {
        "state": "VIC",
        "price": "13900",
        "price_per_unit": "13900",
        "price_unit": "EA"
      },
      {
        "state": "QLD",
        "price": "13900",
        "price_per_unit": "13900",
        "price_unit": "EA"
      },
      {
        "state": "WA",
        "price": "13900",
        "price_per_unit": "13900",
        "price_unit": "EA"
      },
      {
        "state": "SA",
        "price": "13900",
        "price_per_unit": "13900",
        "price_unit": "EA"
      },
      {
        "state": "TAS",
        "price": "13900",
        "price_per_unit": "13900",
        "price_unit": "EA"
      },
      {
        "state": "ACT",
        "price": "13900",
        "price_per_unit": "13900",
        "price_unit": "EA"
      },
      {
        "state": "NT",
        "price": "13900",
        "price_per_unit": "13900",
        "price_unit": "EA"
      }
    ]
  },
  {
    "source_url": "https://www.woolworths.com.au/shop/productdetails/1073950320/ajax-multi-surface-floor-cleaner-5l-value-refill-pack-lemon-citrus-floorboard-safe",
    "name": "Ajax Multi Surface Floor Cleaner, 5L Value Refill Pack, Lemon Citrus, Floorboard Safe",
    "image_url": "https://cdn1.woolworths.media/content/wowproductimages/large/1073950320.jpg",
    "source_id": "Woolworths - 1073950320",
    "barcode": null,
    "shop": "Woolworths",
    "weight": "100ML",
    "prices": [
      {
        "state": "NSW",
        "price": "2000",
        "price_per_unit": "40",
        "price_unit": "ML"
      },
      {
        "state": "VIC",
        "price": "2000",
        "price_per_unit": "40",
        "price_unit": "ML"
      },
      {
        "state": "QLD",
        "price": "2000",
        "price_per_unit": "40",
        "price_unit": "ML"
      },
      {
        "state": "WA",
        "price": "2000",
        "price_per_unit": "40",
        "price_unit": "ML"
      },
      {
        "state": "SA",
        "price": "2000",
        "price_per_unit": "40",
        "price_unit": "ML"
      },
      {
        "state": "TAS",
        "price": "2000",
        "price_per_unit": "40",
        "price_unit": "ML"
      },
      {
        "state": "ACT",
        "price": "2000",
        "price_per_unit": "40",
        "price_unit": "ML"
      },
      {
        "state": "NT",
        "price": "2000",
        "price_per_unit": "40",
        "price_unit": "ML"
      }
    ]
  },
  {
    "source_url": "https://www.woolworths.com.au/shop/productdetails/59297/air-wick-country-vanilla-carpet-deodoriser-freshener",
    "name": "Air Wick Country Vanilla Carpet Deodoriser & Freshener 500g",
    "image_url": "https://cdn1.woolworths.media/content/wowproductimages/large/059297.jpg",
    "source_id": "Woolworths - 59297",
    "barcode": "9300701974756",
    "shop": "Woolworths",
    "weight": "100G",
    "prices": [
      {
        "state": "NSW",
        "price": "525",
        "price_per_unit": "105",
        "price_unit": "G"
      },
      {
        "state": "VIC",
        "price": "525",
        "price_per_unit": "105",
        "price_unit": "G"
      },
      {
        "state": "QLD",
        "price": "525",
        "price_per_unit": "105",
        "price_unit": "G"
      },
      {
        "state": "WA",
        "price": "525",
        "price_per_unit": "105",
        "price_unit": "G"
      },
      {
        "state": "SA",
        "price": "525",
        "price_per_unit": "105",
        "price_unit": "G"
      },
      {
        "state": "TAS",
        "price": "525",
        "price_per_unit": "105",
        "price_unit": "G"
      },
      {
        "state": "ACT",
        "price": "525",
        "price_per_unit": "105",
        "price_unit": "G"
      },
      {
        "state": "NT",
        "price": "550",
        "price_per_unit": "110",
        "price_unit": "G"
      }
    ]
  },
  {
    "source_url": "https://www.woolworths.com.au/shop/productdetails/211798/ajax-floor-cleaner-baking-soda",
    "name": "Ajax Floor Cleaner Baking Soda 750ml",
    "image_url": "https://cdn1.woolworths.media/content/wowproductimages/large/211798.jpg",
    "source_id": "Woolworths - 211798",
    "barcode": "9300632062942",
    "shop": "Woolworths",
    "weight": "100ML",
    "prices": [
      {
        "state": "NSW",
        "price": "400",
        "price_per_unit": "53",
        "price_unit": "ML"
      },
      {
        "state": "VIC",
        "price": "400",
        "price_per_unit": "53",
        "price_unit": "ML"
      },
      {
        "state": "QLD",
        "price": "400",
        "price_per_unit": "53",
        "price_unit": "ML"
      },
      {
        "state": "WA",
        "price": "400",
        "price_per_unit": "53",
        "price_unit": "ML"
      },
      {
        "state": "SA",
        "price": "400",
        "price_per_unit": "53",
        "price_unit": "ML"
      },
      {
        "state": "TAS",
        "price": "400",
        "price_per_unit": "53",
        "price_unit": "ML"
      },
      {
        "state": "ACT",
        "price": "400",
        "price_per_unit": "53",
        "price_unit": "ML"
      },
      {
        "state": "NT",
        "price": "400",
        "price_per_unit": "53",
        "price_unit": "ML"
      }
    ]
  },
  {
    "source_url": "https://www.woolworths.com.au/shop/productdetails/557986/ajax-floor-cleaner-diving-blends",
    "name": "Ajax Floor Cleaner Diving Blends 750ml",
    "image_url": "https://cdn1.woolworths.media/content/wowproductimages/large/557986.jpg",
    "source_id": "Woolworths - 557986",
    "barcode": "9300632087853",
    "shop": "Woolworths",
    "weight": "100ML",
    "prices": [
      {
        "state": "NSW",
        "price": "400",
        "price_per_unit": "53",
        "price_unit": "ML"
      },
      {
        "state": "VIC",
        "price": "400",
        "price_per_unit": "53",
        "price_unit": "ML"
      },
      {
        "state": "QLD",
        "price": "400",
        "price_per_unit": "53",
        "price_unit": "ML"
      },
      {
        "state": "WA",
        "price": "400",
        "price_per_unit": "53",
        "price_unit": "ML"
      },
      {
        "state": "SA",
        "price": "400",
        "price_per_unit": "53",
        "price_unit": "ML"
      },
      {
        "state": "TAS",
        "price": "400",
        "price_per_unit": "53",
        "price_unit": "ML"
      },
      {
        "state": "ACT",
        "price": "400",
        "price_per_unit": "53",
        "price_unit": "ML"
      },
      {
        "state": "NT",
        "price": "400",
        "price_per_unit": "53",
        "price_unit": "ML"
      }
    ]
  },
  {
    "source_url": "https://www.woolworths.com.au/shop/productdetails/905216/ajax-floor-disinfectant-wipes-extra-large-tropical-breeze",
    "name": "Ajax Floor Disinfectant Wipes Extra Large Tropical Breeze 25 pack",
    "image_url": "https://cdn1.woolworths.media/content/wowproductimages/large/905216.jpg",
    "source_id": "Woolworths - 905216",
    "barcode": "8850006951859",
    "shop": "Woolworths",
    "weight": "1EA",
    "prices": [
      {
        "state": "NSW",
        "price": "900",
        "price_per_unit": "36",
        "price_unit": "EA"
      },
      {
        "state": "VIC",
        "price": "900",
        "price_per_unit": "36",
        "price_unit": "EA"
      },
      {
        "state": "QLD",
        "price": "900",
        "price_per_unit": "36",
        "price_unit": "EA"
      },
      {
        "state": "WA",
        "price": "900",
        "price_per_unit": "36",
        "price_unit": "EA"
      },
      {
        "state": "SA",
        "price": "900",
        "price_per_unit": "36",
        "price_unit": "EA"
      },
      {
        "state": "TAS",
        "price": "900",
        "price_per_unit": "36",
        "price_unit": "EA"
      },
      {
        "state": "ACT",
        "price": "900",
        "price_per_unit": "36",
        "price_unit": "EA"
      },
      {
        "state": "NT",
        "price": "945",
        "price_per_unit": "38",
        "price_unit": "EA"
      }
    ]
  },
  {
    "source_url": "https://www.woolworths.com.au/shop/productdetails/1074915962/bona-2-5l-deep-cleaner-trigger-spray-refill-for-wood-floors-combo-1l",
    "name": "Bona & 2.5L Deep Cleaner Trigger Spray & Refill for Wood Floors Combo 1L",
    "image_url": "https://cdn1.woolworths.media/content/wowproductimages/large/1074915962.jpg",
    "source_id": "Woolworths - 1074915962",
    "barcode": null,
    "shop": "Woolworths",
    "weight": "1EA",
    "prices": [
      {
        "state": "NSW",
        "price": "8730",
        "price_per_unit": "8730",
        "price_unit": "EA"
      },
      {
        "state": "VIC",
        "price": "8730",
        "price_per_unit": "8730",
        "price_unit": "EA"
      }
    ]
  },
  {
    "source_url": "https://www.woolworths.com.au/shop/productdetails/1075056144/bona-4-liter-wood-timber-floor-cleaner-solution-cleaning-refill",
    "name": "Bona 4 Liter Wood Timber Floor Cleaner Solution Cleaning Refill",
    "image_url": "https://cdn1.woolworths.media/content/wowproductimages/large/1075056144.jpg",
    "source_id": "Woolworths - 1075056144",
    "barcode": null,
    "shop": "Woolworths",
    "weight": "100ML",
    "prices": [
      {
        "state": "NSW",
        "price": "6995",
        "price_per_unit": "175",
        "price_unit": "ML"
      },
      {
        "state": "VIC",
        "price": "6995",
        "price_per_unit": "175",
        "price_unit": "ML"
      }
    ]
  },
  {
    "source_url": "https://www.woolworths.com.au/shop/productdetails/1075055529/bona-4l-refill-for-tile-and-laminate",
    "name": "Bona 4L Refill For Tile And Laminate",
    "image_url": "https://cdn1.woolworths.media/content/wowproductimages/large/1075055529.jpg",
    "source_id": "Woolworths - 1075055529",
    "barcode": null,
    "shop": "Woolworths",
    "weight": "100ML",
    "prices": [
      {
        "state": "NSW",
        "price": "6995",
        "price_per_unit": "175",
        "price_unit": "ML"
      },
      {
        "state": "VIC",
        "price": "6995",
        "price_per_unit": "175",
        "price_unit": "ML"
      }
    ]
  },
  {
    "source_url": "https://www.woolworths.com.au/shop/productdetails/1074915961/bona-deep-cleaner-trigger-spray-for-wood-floors-2pk-1l",
    "name": "Bona Deep Cleaner Trigger Spray for Wood Floors 2PK 1L",
    "image_url": "https://cdn1.woolworths.media/content/wowproductimages/large/1074915961.jpg",
    "source_id": "Woolworths - 1074915961",
    "barcode": null,
    "shop": "Woolworths",
    "weight": "1EA",
    "prices": [
      {
        "state": "NSW",
        "price": "6210",
        "price_per_unit": "3105",
        "price_unit": "EA"
      },
      {
        "state": "VIC",
        "price": "6210",
        "price_per_unit": "3105",
        "price_unit": "EA"
      }
    ]
  },
  {
    "source_url": "https://www.woolworths.com.au/shop/productdetails/1074915957/bona-hard-surface-floor-cleaner-refill-cartridge-for-new-spray-mop-2pk-850ml",
    "name": "Bona Hard Surface Floor Cleaner Refill Cartridge For New Spray Mop 2PK 850ml",
    "image_url": "https://cdn1.woolworths.media/content/wowproductimages/large/1074915957.jpg",
    "source_id": "Woolworths - 1074915957",
    "barcode": null,
    "shop": "Woolworths",
    "weight": "1EA",
    "prices": [
      {
        "state": "NSW",
        "price": "5310",
        "price_per_unit": "2655",
        "price_unit": "EA"
      },
      {
        "state": "VIC",
        "price": "5310",
        "price_per_unit": "2655",
        "price_unit": "EA"
      }
    ]
  },
  {
    "source_url": "https://www.woolworths.com.au/shop/productdetails/1074915953/bona-hypoallergenic-wood-floor-cleaner-spray-bottle-2pk-1l",
    "name": "Bona Hypoallergenic Wood Floor Cleaner Spray Bottle 2PK 1L",
    "image_url": "https://cdn1.woolworths.media/content/wowproductimages/large/1074915953.jpg",
    "source_id": "Woolworths - 1074915953",
    "barcode": null,
    "shop": "Woolworths",
    "weight": "1EA",
    "prices": [
      {
        "state": "NSW",
        "price": "4410",
        "price_per_unit": "2205",
        "price_unit": "EA"
      },
      {
        "state": "VIC",
        "price": "4410",
        "price_per_unit": "2205",
        "price_unit": "EA"
      }
    ]
  },
  {
    "source_url": "https://www.woolworths.com.au/shop/productdetails/1074719065/bona-micro-fiber-deep-clean-pad-deep-cleaner-trigger-spray-2pc-1l",
    "name": "Bona Micro Fiber Deep Clean Pad & Deep Cleaner Trigger Spray 2pc 1L",
    "image_url": "https://cdn1.woolworths.media/content/wowproductimages/large/1074719065.jpg",
    "source_id": "Woolworths - 1074719065",
    "barcode": null,
    "shop": "Woolworths",
    "weight": "1EA",
    "prices": [
      {
        "state": "NSW",
        "price": "6120",
        "price_per_unit": "6120",
        "price_unit": "EA"
      },
      {
        "state": "VIC",
        "price": "6120",
        "price_per_unit": "6120",
        "price_unit": "EA"
      }
    ]
  },
  {
    "source_url": "https://www.woolworths.com.au/shop/productdetails/1074719066/bona-micro-fiber-deep-clean-pad-deep-cleaner-trigger-spray-for-hard-surface-2pc-1l",
    "name": "Bona Micro Fiber Deep Clean Pad & Deep Cleaner Trigger Spray for Hard Surface 2pc 1L",
    "image_url": "https://cdn1.woolworths.media/content/wowproductimages/large/1074719066.jpg",
    "source_id": "Woolworths - 1074719066",
    "barcode": null,
    "shop": "Woolworths",
    "weight": "1EA",
    "prices": [
      {
        "state": "NSW",
        "price": "6120",
        "price_per_unit": "6120",
        "price_unit": "EA"
      },
      {
        "state": "VIC",
        "price": "6120",
        "price_per_unit": "6120",
        "price_unit": "EA"
      }
    ]
  },
  {
    "source_url": "https://www.woolworths.com.au/shop/productdetails/1074915960/bona-oxypower-hydrogen-peroxide-wood-floor-deep-cleaner-850ml",
    "name": "Bona Oxypower Hydrogen Peroxide Wood Floor Deep Cleaner 850ml",
    "image_url": "https://cdn1.woolworths.media/content/wowproductimages/large/1074915960.jpg",
    "source_id": "Woolworths - 1074915960",
    "barcode": null,
    "shop": "Woolworths",
    "weight": "1EA",
    "prices": [
      {
        "state": "NSW",
        "price": "4230",
        "price_per_unit": "4230",
        "price_unit": "EA"
      },
      {
        "state": "VIC",
        "price": "4230",
        "price_per_unit": "4230",
        "price_unit": "EA"
      }
    ]
  },
  {
    "source_url": "https://www.woolworths.com.au/shop/productdetails/1075370091/bona-pet-hard-surface-floor-deep-cleaner-spray-1l",
    "name": "Bona Pet Hard-Surface Floor Deep Cleaner Spray 1L",
    "image_url": "https://cdn1.woolworths.media/content/wowproductimages/large/1075370091.jpg",
    "source_id": "Woolworths - 1075370091",
    "barcode": null,
    "shop": "Woolworths",
    "weight": "100ML",
    "prices": [
      {
        "state": "NSW",
        "price": "3960",
        "price_per_unit": "396",
        "price_unit": "ML"
      },
      {
        "state": "VIC",
        "price": "3960",
        "price_per_unit": "396",
        "price_unit": "ML"
      }
    ]
  },
  {
    "source_url": "https://www.woolworths.com.au/shop/productdetails/1075370089/bona-pet-water-based-wood-floor-deep-cleaner-spray-1l",
    "name": "Bona Pet Water-Based Wood-Floor Deep Cleaner Spray 1L",
    "image_url": "https://cdn1.woolworths.media/content/wowproductimages/large/1075370089.jpg",
    "source_id": "Woolworths - 1075370089",
    "barcode": null,
    "shop": "Woolworths",
    "weight": "100ML",
    "prices": [
      {
        "state": "NSW",
        "price": "3960",
        "price_per_unit": "396",
        "price_unit": "ML"
      },
      {
        "state": "VIC",
        "price": "3960",
        "price_per_unit": "396",
        "price_unit": "ML"
      }
    ]
  },
  {
    "source_url": "https://www.woolworths.com.au/shop/productdetails/1074915959/bona-re-fill-cleaner-for-oiled-floors-2pk-2-5l",
    "name": "Bona Re-fill Cleaner for Oiled Floors 2PK 2.5L",
    "image_url": "https://cdn1.woolworths.media/content/wowproductimages/large/1074915959.jpg",
    "source_id": "Woolworths - 1074915959",
    "barcode": null,
    "shop": "Woolworths",
    "weight": "1EA",
    "prices": [
      {
        "state": "NSW",
        "price": "8910",
        "price_per_unit": "4455",
        "price_unit": "EA"
      },
      {
        "state": "VIC",
        "price": "8910",
        "price_per_unit": "4455",
        "price_unit": "EA"
      }
    ]
  },
  {
    "source_url": "https://www.woolworths.com.au/shop/productdetails/1074915948/bona-stone-tile-laminate-refill-2pk-2-5l",
    "name": "Bona Stone Tile & Laminate Refill 2PK 2.5L",
    "image_url": "https://cdn1.woolworths.media/content/wowproductimages/large/1074915948.jpg",
    "source_id": "Woolworths - 1074915948",
    "barcode": null,
    "shop": "Woolworths",
    "weight": "1EA",
    "prices": [
      {
        "state": "NSW",
        "price": "8910",
        "price_per_unit": "4455",
        "price_unit": "EA"
      },
      {
        "state": "VIC",
        "price": "8910",
        "price_per_unit": "4455",
        "price_unit": "EA"
      }
    ]
  },
  {
    "source_url": "https://www.woolworths.com.au/shop/productdetails/1073950579/bona-stone-tile-laminate-refill-4l",
    "name": "Bona Stone Tile & Laminate Refill 4L",
    "image_url": "https://cdn1.woolworths.media/content/wowproductimages/large/1073950579.jpg",
    "source_id": "Woolworths - 1073950579",
    "barcode": null,
    "shop": "Woolworths",
    "weight": null,
    "prices": []
  },
  {
    "source_url": "https://www.woolworths.com.au/shop/productdetails/1074915951/bona-stone-tile-laminate-spray-bottle-2pk-1l",
    "name": "Bona Stone Tile & Laminate Spray Bottle 2PK 1L",
    "image_url": "https://cdn1.woolworths.media/content/wowproductimages/large/1074915951.jpg",
    "source_id": "Woolworths - 1074915951",
    "barcode": null,
    "shop": "Woolworths",
    "weight": "1EA",
    "prices": [
      {
        "state": "NSW",
        "price": "5220",
        "price_per_unit": "2610",
        "price_unit": "EA"
      },
      {
        "state": "VIC",
        "price": "5220",
        "price_per_unit": "2610",
        "price_unit": "EA"
      }
    ]
  },
  {
    "source_url": "https://www.woolworths.com.au/shop/productdetails/1074915940/bona-stone-tile-and-laminate-polish-2pk-1l",
    "name": "Bona Stone Tile and Laminate Polish 2PK 1L",
    "image_url": "https://cdn1.woolworths.media/content/wowproductimages/large/1074915940.jpg",
    "source_id": "Woolworths - 1074915940",
    "barcode": null,
    "shop": "Woolworths",
    "weight": "1EA",
    "prices": [
      {
        "state": "NSW",
        "price": "8010",
        "price_per_unit": "4005",
        "price_unit": "EA"
      },
      {
        "state": "VIC",
        "price": "8010",
        "price_per_unit": "4005",
        "price_unit": "EA"
      }
    ]
  },
  {
    "source_url": "https://www.woolworths.com.au/shop/productdetails/1074915941/bona-stone-tile-and-laminate-polish-4pk-1l",
    "name": "Bona Stone Tile and Laminate Polish 4PK 1L",
    "image_url": "https://cdn1.woolworths.media/content/wowproductimages/large/1074915941.jpg",
    "source_id": "Woolworths - 1074915941",
    "barcode": null,
    "shop": "Woolworths",
    "weight": "1EA",
    "prices": [
      {
        "state": "NSW",
        "price": "15210",
        "price_per_unit": "3803",
        "price_unit": "EA"
      },
      {
        "state": "VIC",
        "price": "15210",
        "price_per_unit": "3803",
        "price_unit": "EA"
      }
    ]
  },
  {
    "source_url": "https://www.woolworths.com.au/shop/productdetails/1075057530/bona-wood-floor-cleaner-2-5l-for-timber-floors-cleaning",
    "name": "Bona Wood Floor Cleaner 2.5L For Timber Floors Cleaning",
    "image_url": "https://cdn1.woolworths.media/content/wowproductimages/large/1075057530.jpg",
    "source_id": "Woolworths - 1075057530",
    "barcode": null,
    "shop": "Woolworths",
    "weight": "100ML",
    "prices": [
      {
        "state": "NSW",
        "price": "4800",
        "price_per_unit": "192",
        "price_unit": "ML"
      },
      {
        "state": "VIC",
        "price": "4800",
        "price_per_unit": "192",
        "price_unit": "ML"
      }
    ]
  },
  {
    "source_url": "https://www.woolworths.com.au/shop/productdetails/1073950570/bona-wood-floor-cleaner-refill-4l",
    "name": "Bona Wood Floor Cleaner Refill 4L",
    "image_url": "https://cdn1.woolworths.media/content/wowproductimages/large/1073950570.jpg",
    "source_id": "Woolworths - 1073950570",
    "barcode": null,
    "shop": "Woolworths",
    "weight": null,
    "prices": []
  },
  {
    "source_url": "https://www.woolworths.com.au/shop/productdetails/1073950727/bona-wood-floor-cleaner-refill-cartridge-850ml-for-new-spray-mop",
    "name": "Bona Wood Floor Cleaner Refill Cartridge 850ml For New Spray Mop",
    "image_url": "https://cdn1.woolworths.media/content/wowproductimages/large/1073950727.jpg",
    "source_id": "Woolworths - 1073950727",
    "barcode": null,
    "shop": "Woolworths",
    "weight": null,
    "prices": []
  },
  {
    "source_url": "https://www.woolworths.com.au/shop/productdetails/1074915958/bona-wood-floor-cleaner-refill-cartridge-for-new-spray-mop-2pk-850ml",
    "name": "Bona Wood Floor Cleaner Refill Cartridge For New Spray Mop 2PK 850ml",
    "image_url": "https://cdn1.woolworths.media/content/wowproductimages/large/1074915958.jpg",
    "source_id": "Woolworths - 1074915958",
    "barcode": null,
    "shop": "Woolworths",
    "weight": "1EA",
    "prices": [
      {
        "state": "NSW",
        "price": "5310",
        "price_per_unit": "2655",
        "price_unit": "EA"
      },
      {
        "state": "VIC",
        "price": "5310",
        "price_per_unit": "2655",
        "price_unit": "EA"
      }
    ]
  },
  {
    "source_url": "https://www.woolworths.com.au/shop/productdetails/1074915947/bona-wooden-floor-cleaner-and-refresher-2pk-2-5l",
    "name": "Bona Wooden Floor Cleaner And Refresher 2PK 2.5L",
    "image_url": "https://cdn1.woolworths.media/content/wowproductimages/large/1074915947.jpg",
    "source_id": "Woolworths - 1074915947",
    "barcode": null,
    "shop": "Woolworths",
    "weight": "1EA",
    "prices": [
      {
        "state": "NSW",
        "price": "8910",
        "price_per_unit": "4455",
        "price_unit": "EA"
      },
      {
        "state": "VIC",
        "price": "8910",
        "price_per_unit": "4455",
        "price_unit": "EA"
      }
    ]
  },
  {
    "source_url": "https://www.woolworths.com.au/shop/productdetails/1074915954/bona-wooden-floor-cleaner-refill-bottle-2pk-4l",
    "name": "Bona Wooden Floor Cleaner Refill Bottle 2PK 4L",
    "image_url": "https://cdn1.woolworths.media/content/wowproductimages/large/1074915954.jpg",
    "source_id": "Woolworths - 1074915954",
    "barcode": null,
    "shop": "Woolworths",
    "weight": "1EA",
    "prices": [
      {
        "state": "NSW",
        "price": "13410",
        "price_per_unit": "6705",
        "price_unit": "EA"
      },
      {
        "state": "VIC",
        "price": "13410",
        "price_per_unit": "6705",
        "price_unit": "EA"
      }
    ]
  },
  {
    "source_url": "https://www.woolworths.com.au/shop/productdetails/1074710298/bosisto-s-4l-commercial-cleaner-natural-bosisto-s-eucalyptus-oil-floor-kitchen-bathroom",
    "name": "Bosisto's 4L Commercial Cleaner Natural Bosisto's Eucalyptus Oil Floor Kitchen Bathroom",
    "image_url": "https://cdn1.woolworths.media/content/wowproductimages/large/1074710298.jpg",
    "source_id": "Woolworths - 1074710298",
    "barcode": null,
    "shop": "Woolworths",
    "weight": "100ML",
    "prices": [
      {
        "state": "NSW",
        "price": "39999",
        "price_per_unit": "1000",
        "price_unit": "ML"
      },
      {
        "state": "VIC",
        "price": "39999",
        "price_per_unit": "1000",
        "price_unit": "ML"
      }
    ]
  },
  {
    "source_url": "https://www.woolworths.com.au/shop/productdetails/1074710301/bosisto-s-4l-floor-cleaner-concentrate-bosistos-heavy-duty-surface-cleaning-eucalyptus-oil",
    "name": "Bosisto's 4L Floor Cleaner Concentrate Bosistos Heavy Duty Surface Cleaning Eucalyptus Oil",
    "image_url": "https://cdn1.woolworths.media/content/wowproductimages/large/1074710301.jpg",
    "source_id": "Woolworths - 1074710301",
    "barcode": null,
    "shop": "Woolworths",
    "weight": "100ML",
    "prices": [
      {
        "state": "NSW",
        "price": "18999",
        "price_per_unit": "475",
        "price_unit": "ML"
      },
      {
        "state": "VIC",
        "price": "18999",
        "price_per_unit": "475",
        "price_unit": "ML"
      }
    ]
  },
  {
    "source_url": "https://www.woolworths.com.au/shop/productdetails/579482/bosisto-s-floor-cleaner",
    "name": "Bosisto's Floor Cleaner 750ml",
    "image_url": "https://cdn1.woolworths.media/content/wowproductimages/large/579482.jpg",
    "source_id": "Woolworths - 579482",
    "barcode": "9300710009203",
    "shop": "Woolworths",
    "weight": "100ML",
    "prices": [
      {
        "state": "NSW",
        "price": "650",
        "price_per_unit": "87",
        "price_unit": "ML"
      },
      {
        "state": "VIC",
        "price": "650",
        "price_per_unit": "87",
        "price_unit": "ML"
      },
      {
        "state": "QLD",
        "price": "650",
        "price_per_unit": "87",
        "price_unit": "ML"
      },
      {
        "state": "WA",
        "price": "650",
        "price_per_unit": "87",
        "price_unit": "ML"
      },
      {
        "state": "SA",
        "price": "650",
        "price_per_unit": "87",
        "price_unit": "ML"
      },
      {
        "state": "TAS",
        "price": "650",
        "price_per_unit": "87",
        "price_unit": "ML"
      },
      {
        "state": "NT",
        "price": "680",
        "price_per_unit": "91",
        "price_unit": "ML"
      }
    ]
  },
  {
    "source_url": "https://www.woolworths.com.au/shop/productdetails/907300/britex-spot-n-stain-remover",
    "name": "Britex Spot 'N' Stain Remover 375mL",
    "image_url": "https://cdn1.woolworths.media/content/wowproductimages/large/907300.jpg",
    "source_id": "Woolworths - 907300",
    "barcode": "9331562001374",
    "shop": "Woolworths",
    "weight": "100ML",
    "prices": [
      {
        "state": "NSW",
        "price": "750",
        "price_per_unit": "200",
        "price_unit": "ML"
      },
      {
        "state": "VIC",
        "price": "750",
        "price_per_unit": "200",
        "price_unit": "ML"
      },
      {
        "state": "QLD",
        "price": "750",
        "price_per_unit": "200",
        "price_unit": "ML"
      },
      {
        "state": "WA",
        "price": "750",
        "price_per_unit": "200",
        "price_unit": "ML"
      },
      {
        "state": "SA",
        "price": "750",
        "price_per_unit": "200",
        "price_unit": "ML"
      },
      {
        "state": "TAS",
        "price": "750",
        "price_per_unit": "200",
        "price_unit": "ML"
      },
      {
        "state": "ACT",
        "price": "750",
        "price_per_unit": "200",
        "price_unit": "ML"
      },
      {
        "state": "NT",
        "price": "750",
        "price_per_unit": "200",
        "price_unit": "ML"
      }
    ]
  },
  {
    "source_url": "https://www.woolworths.com.au/shop/productdetails/71071/cavalier-bremworth-floor-carpet-stain-remover",
    "name": "Cavalier Bremworth Floor Carpet Stain Remover 350G",
    "image_url": "https://cdn1.woolworths.media/content/wowproductimages/large/071071.jpg",
    "source_id": "Woolworths - 71071",
    "barcode": "9414067971417",
    "shop": "Woolworths",
    "weight": "100G",
    "prices": [
      {
        "state": "NSW",
        "price": "870",
        "price_per_unit": "249",
        "price_unit": "G"
      },
      {
        "state": "VIC",
        "price": "870",
        "price_per_unit": "249",
        "price_unit": "G"
      },
      {
        "state": "QLD",
        "price": "870",
        "price_per_unit": "249",
        "price_unit": "G"
      },
      {
        "state": "WA",
        "price": "870",
        "price_per_unit": "249",
        "price_unit": "G"
      },
      {
        "state": "SA",
        "price": "870",
        "price_per_unit": "249",
        "price_unit": "G"
      },
      {
        "state": "TAS",
        "price": "830",
        "price_per_unit": "237",
        "price_unit": "G"
      },
      {
        "state": "ACT",
        "price": "870",
        "price_per_unit": "249",
        "price_unit": "G"
      },
      {
        "state": "NT",
        "price": "830",
        "price_per_unit": "237",
        "price_unit": "G"
      }
    ]
  },
  {
    "source_url": "https://www.woolworths.com.au/shop/productdetails/3966/dettol-antibacterial-floor-cleaning-wipes-lemon-and-lime",
    "name": "Dettol Antibacterial Floor Cleaning Wipes Lemon And Lime 25 Pack",
    "image_url": "https://cdn1.woolworths.media/content/wowproductimages/large/003966.jpg",
    "source_id": "Woolworths - 3966",
    "barcode": "9300701785482",
    "shop": "Woolworths",
    "weight": "1EA",
    "prices": [
      {
        "state": "NSW",
        "price": "900",
        "price_per_unit": "36",
        "price_unit": "EA"
      },
      {
        "state": "VIC",
        "price": "900",
        "price_per_unit": "36",
        "price_unit": "EA"
      },
      {
        "state": "QLD",
        "price": "900",
        "price_per_unit": "36",
        "price_unit": "EA"
      },
      {
        "state": "WA",
        "price": "900",
        "price_per_unit": "36",
        "price_unit": "EA"
      },
      {
        "state": "SA",
        "price": "900",
        "price_per_unit": "36",
        "price_unit": "EA"
      },
      {
        "state": "TAS",
        "price": "900",
        "price_per_unit": "36",
        "price_unit": "EA"
      },
      {
        "state": "ACT",
        "price": "900",
        "price_per_unit": "36",
        "price_unit": "EA"
      },
      {
        "state": "NT",
        "price": "900",
        "price_per_unit": "36",
        "price_unit": "EA"
      }
    ]
  },
  {
    "source_url": "https://www.woolworths.com.au/shop/productdetails/219823/dettol-antibacterial-floor-mop-system-with-25-floor-cleaning-wipes",
    "name": "Dettol Antibacterial Floor Mop System With 25 Floor Cleaning Wipes 1 Pack",
    "image_url": "https://cdn1.woolworths.media/content/wowproductimages/large/219823.jpg",
    "source_id": "Woolworths - 219823",
    "barcode": "9300631980735",
    "shop": "Woolworths",
    "weight": "1EA",
    "prices": [
      {
        "state": "NSW",
        "price": "2300",
        "price_per_unit": "92",
        "price_unit": "EA"
      },
      {
        "state": "VIC",
        "price": "2300",
        "price_per_unit": "92",
        "price_unit": "EA"
      },
      {
        "state": "QLD",
        "price": "2300",
        "price_per_unit": "92",
        "price_unit": "EA"
      },
      {
        "state": "WA",
        "price": "2300",
        "price_per_unit": "92",
        "price_unit": "EA"
      },
      {
        "state": "SA",
        "price": "2300",
        "price_per_unit": "92",
        "price_unit": "EA"
      },
      {
        "state": "TAS",
        "price": "2300",
        "price_per_unit": "92",
        "price_unit": "EA"
      },
      {
        "state": "ACT",
        "price": "2300",
        "price_per_unit": "92",
        "price_unit": "EA"
      },
      {
        "state": "NT",
        "price": "2300",
        "price_per_unit": "92",
        "price_unit": "EA"
      }
    ]
  },
  {
    "source_url": "https://www.woolworths.com.au/shop/productdetails/790964/dr-beckmann-floor-carpet-stain-remover",
    "name": "Dr Beckmann Floor Carpet Stain Remover 650ml",
    "image_url": "https://cdn1.woolworths.media/content/wowproductimages/large/790964.jpg",
    "source_id": "Woolworths - 790964",
    "barcode": "4008455446011",
    "shop": "Woolworths",
    "weight": "100ML",
    "prices": [
      {
        "state": "NSW",
        "price": "1200",
        "price_per_unit": "185",
        "price_unit": "ML"
      },
      {
        "state": "VIC",
        "price": "1200",
        "price_per_unit": "185",
        "price_unit": "ML"
      },
      {
        "state": "QLD",
        "price": "1200",
        "price_per_unit": "185",
        "price_unit": "ML"
      },
      {
        "state": "WA",
        "price": "1200",
        "price_per_unit": "185",
        "price_unit": "ML"
      },
      {
        "state": "SA",
        "price": "1200",
        "price_per_unit": "185",
        "price_unit": "ML"
      },
      {
        "state": "TAS",
        "price": "1200",
        "price_per_unit": "185",
        "price_unit": "ML"
      },
      {
        "state": "ACT",
        "price": "1200",
        "price_per_unit": "185",
        "price_unit": "ML"
      },
      {
        "state": "NT",
        "price": "1260",
        "price_per_unit": "194",
        "price_unit": "ML"
      }
    ]
  },
  {
    "source_url": "https://www.woolworths.com.au/shop/productdetails/684142/dr-beckmann-pet-stain-odour-remover",
    "name": "Dr Beckmann Pet Stain & Odour Remover 650ml",
    "image_url": "https://cdn1.woolworths.media/content/wowproductimages/large/684142.jpg",
    "source_id": "Woolworths - 684142",
    "barcode": "5010287314511",
    "shop": "Woolworths",
    "weight": "100ML",
    "prices": [
      {
        "state": "NSW",
        "price": "1200",
        "price_per_unit": "185",
        "price_unit": "ML"
      },
      {
        "state": "VIC",
        "price": "1200",
        "price_per_unit": "185",
        "price_unit": "ML"
      },
      {
        "state": "QLD",
        "price": "1200",
        "price_per_unit": "185",
        "price_unit": "ML"
      },
      {
        "state": "WA",
        "price": "1200",
        "price_per_unit": "185",
        "price_unit": "ML"
      },
      {
        "state": "SA",
        "price": "1200",
        "price_per_unit": "185",
        "price_unit": "ML"
      },
      {
        "state": "TAS",
        "price": "1200",
        "price_per_unit": "185",
        "price_unit": "ML"
      },
      {
        "state": "ACT",
        "price": "1200",
        "price_per_unit": "185",
        "price_unit": "ML"
      },
      {
        "state": "NT",
        "price": "1260",
        "price_per_unit": "194",
        "price_unit": "ML"
      }
    ]
  },
  {
    "source_url": "https://www.woolworths.com.au/shop/productdetails/712690/earth-choice-floor-cleaner-wooden-surface",
    "name": "Earth Choice Floor Cleaner Wooden Surface 750ml",
    "image_url": "https://cdn1.woolworths.media/content/wowproductimages/large/712690.jpg",
    "source_id": "Woolworths - 712690",
    "barcode": "9310692130574",
    "shop": "Woolworths",
    "weight": "100ML",
    "prices": [
      {
        "state": "NSW",
        "price": "500",
        "price_per_unit": "67",
        "price_unit": "ML"
      },
      {
        "state": "VIC",
        "price": "500",
        "price_per_unit": "67",
        "price_unit": "ML"
      },
      {
        "state": "QLD",
        "price": "500",
        "price_per_unit": "67",
        "price_unit": "ML"
      },
      {
        "state": "WA",
        "price": "500",
        "price_per_unit": "67",
        "price_unit": "ML"
      },
      {
        "state": "SA",
        "price": "500",
        "price_per_unit": "67",
        "price_unit": "ML"
      },
      {
        "state": "TAS",
        "price": "500",
        "price_per_unit": "67",
        "price_unit": "ML"
      },
      {
        "state": "ACT",
        "price": "500",
        "price_per_unit": "67",
        "price_unit": "ML"
      },
      {
        "state": "NT",
        "price": "525",
        "price_per_unit": "70",
        "price_unit": "ML"
      }
    ]
  },
  {
    "source_url": "https://www.woolworths.com.au/shop/productdetails/65897/earth-choice-floor-surface-cleaner",
    "name": "Earth Choice Floor Surface Cleaner 1l",
    "image_url": "https://cdn1.woolworths.media/content/wowproductimages/large/065897.jpg",
    "source_id": "Woolworths - 65897",
    "barcode": "9310692124115",
    "shop": "Woolworths",
    "weight": "100ML",
    "prices": [
      {
        "state": "NSW",
        "price": "335",
        "price_per_unit": "34",
        "price_unit": "ML"
      },
      {
        "state": "VIC",
        "price": "335",
        "price_per_unit": "34",
        "price_unit": "ML"
      },
      {
        "state": "QLD",
        "price": "335",
        "price_per_unit": "34",
        "price_unit": "ML"
      },
      {
        "state": "WA",
        "price": "335",
        "price_per_unit": "34",
        "price_unit": "ML"
      },
      {
        "state": "SA",
        "price": "335",
        "price_per_unit": "34",
        "price_unit": "ML"
      },
      {
        "state": "TAS",
        "price": "335",
        "price_per_unit": "34",
        "price_unit": "ML"
      },
      {
        "state": "ACT",
        "price": "335",
        "price_per_unit": "34",
        "price_unit": "ML"
      },
      {
        "state": "NT",
        "price": "335",
        "price_per_unit": "34",
        "price_unit": "ML"
      }
    ]
  },
  {
    "source_url": "https://www.woolworths.com.au/shop/productdetails/1075042828/eco-basics-wet-pad-refill-spill-grime-collector-floor-cleaner-2pk",
    "name": "Eco Basics Wet Pad Refill Spill/Grime Collector Floor Cleaner 2PK",
    "image_url": "https://cdn1.woolworths.media/content/wowproductimages/large/1075042828.jpg",
    "source_id": "Woolworths - 1075042828",
    "barcode": null,
    "shop": "Woolworths",
    "weight": "1EA",
    "prices": [
      {
        "state": "NSW",
        "price": "3690",
        "price_per_unit": "1845",
        "price_unit": "EA"
      },
      {
        "state": "VIC",
        "price": "3690",
        "price_per_unit": "1845",
        "price_unit": "EA"
      }
    ]
  },
  {
    "source_url": "https://www.woolworths.com.au/shop/productdetails/1075323518/eco-cleaning-turtles-floors-cleaner-single-refill-tablet-5pk",
    "name": "Eco-Cleaning Turtles Floors Cleaner Single Refill Tablet 5PK",
    "image_url": "https://cdn1.woolworths.media/content/wowproductimages/large/1075323518.jpg",
    "source_id": "Woolworths - 1075323518",
    "barcode": null,
    "shop": "Woolworths",
    "weight": "1EA",
    "prices": [
      {
        "state": "NSW",
        "price": "2995",
        "price_per_unit": "599",
        "price_unit": "EA"
      },
      {
        "state": "VIC",
        "price": "2995",
        "price_per_unit": "599",
        "price_unit": "EA"
      }
    ]
  },
  {
    "source_url": "https://www.woolworths.com.au/shop/productdetails/1075819686/eco-cleaning-turtles-floors-cleaner-single-refill-tablet-8pk",
    "name": "Eco-Cleaning Turtles Floors Cleaner Single Refill Tablet 8PK",
    "image_url": "https://cdn1.woolworths.media/content/wowproductimages/large/1075819686.jpg",
    "source_id": "Woolworths - 1075819686",
    "barcode": null,
    "shop": "Woolworths",
    "weight": "1EA",
    "prices": [
      {
        "state": "NSW",
        "price": "4230",
        "price_per_unit": "529",
        "price_unit": "EA"
      },
      {
        "state": "VIC",
        "price": "4230",
        "price_per_unit": "529",
        "price_unit": "EA"
      }
    ]
  },
  {
    "source_url": "https://www.woolworths.com.au/shop/productdetails/1075323519/eco-cleaning-turtles-floors-spray-bottle-tablet-3pk",
    "name": "Eco-Cleaning Turtles Floors Spray Bottle & Tablet 3PK",
    "image_url": "https://cdn1.woolworths.media/content/wowproductimages/large/1075323519.jpg",
    "source_id": "Woolworths - 1075323519",
    "barcode": null,
    "shop": "Woolworths",
    "weight": "1EA",
    "prices": [
      {
        "state": "NSW",
        "price": "2800",
        "price_per_unit": "933",
        "price_unit": "EA"
      },
      {
        "state": "VIC",
        "price": "2800",
        "price_per_unit": "933",
        "price_unit": "EA"
      }
    ]
  },
  {
    "source_url": "https://www.woolworths.com.au/shop/productdetails/1075819688/eco-cleaning-turtles-floors-spray-bottle-tablet-8pk",
    "name": "Eco-Cleaning Turtles Floors Spray Bottle & Tablet 8PK",
    "image_url": "https://cdn1.woolworths.media/content/wowproductimages/large/1075819688.jpg",
    "source_id": "Woolworths - 1075819688",
    "barcode": null,
    "shop": "Woolworths",
    "weight": "1EA",
    "prices": [
      {
        "state": "NSW",
        "price": "5580",
        "price_per_unit": "698",
        "price_unit": "EA"
      },
      {
        "state": "VIC",
        "price": "5580",
        "price_per_unit": "698",
        "price_unit": "EA"
      }
    ]
  },
  {
    "source_url": "https://www.woolworths.com.au/shop/productdetails/1074129190/envirocare-earth-floor-care-1l-2-pack",
    "name": "envirocare earth Floor Care  1L 2 pack",
    "image_url": "https://cdn1.woolworths.media/content/wowproductimages/large/1074129190.jpg",
    "source_id": "Woolworths - 1074129190",
    "barcode": null,
    "shop": "Woolworths",
    "weight": "100ML",
    "prices": [
      {
        "state": "NSW",
        "price": "3120",
        "price_per_unit": "156",
        "price_unit": "ML"
      },
      {
        "state": "VIC",
        "price": "3120",
        "price_per_unit": "156",
        "price_unit": "ML"
      }
    ]
  },
  {
    "source_url": "https://www.woolworths.com.au/shop/productdetails/1074129191/envirocare-earth-floor-care-5l",
    "name": "envirocare earth Floor Care 5L",
    "image_url": "https://cdn1.woolworths.media/content/wowproductimages/large/1074129191.jpg",
    "source_id": "Woolworths - 1074129191",
    "barcode": null,
    "shop": "Woolworths",
    "weight": "100ML",
    "prices": [
      {
        "state": "NSW",
        "price": "4465",
        "price_per_unit": "89",
        "price_unit": "ML"
      },
      {
        "state": "VIC",
        "price": "4465",
        "price_per_unit": "89",
        "price_unit": "ML"
      }
    ]
  },
  {
    "source_url": "https://www.woolworths.com.au/shop/productdetails/1074129192/envirocare-earth-floor-care-with-tap-15l",
    "name": "envirocare earth Floor Care with TAP 15L",
    "image_url": "https://cdn1.woolworths.media/content/wowproductimages/large/1074129192.jpg",
    "source_id": "Woolworths - 1074129192",
    "barcode": null,
    "shop": "Woolworths",
    "weight": "100ML",
    "prices": [
      {
        "state": "NSW",
        "price": "13265",
        "price_per_unit": "88",
        "price_unit": "ML"
      },
      {
        "state": "VIC",
        "price": "13265",
        "price_per_unit": "88",
        "price_unit": "ML"
      }
    ]
  },
  {
    "source_url": "https://www.woolworths.com.au/shop/productdetails/1073978155/enzyme-wizard-5l-no-rinse-floor-cleaner",
    "name": "Enzyme Wizard 5L No Rinse Floor Cleaner",
    "image_url": "https://cdn1.woolworths.media/content/wowproductimages/large/1073978155.jpg",
    "source_id": "Woolworths - 1073978155",
    "barcode": null,
    "shop": "Woolworths",
    "weight": "100ML",
    "prices": [
      {
        "state": "NSW",
        "price": "5130",
        "price_per_unit": "103",
        "price_unit": "ML"
      },
      {
        "state": "VIC",
        "price": "5130",
        "price_per_unit": "103",
        "price_unit": "ML"
      }
    ]
  },
  {
    "source_url": "https://www.woolworths.com.au/shop/productdetails/1073950697/enzyme-wizard-carpet-upholstery-cleaner-5l",
    "name": "Enzyme Wizard Carpet & Upholstery Cleaner 5L",
    "image_url": "https://cdn1.woolworths.media/content/wowproductimages/large/1073950697.jpg",
    "source_id": "Woolworths - 1073950697",
    "barcode": null,
    "shop": "Woolworths",
    "weight": null,
    "prices": []
  },
  {
    "source_url": "https://www.woolworths.com.au/shop/productdetails/1074325549/enzyme-wizard-carpet-upholstery-cleaner-odour-eliminator-20l",
    "name": "Enzyme Wizard Carpet & Upholstery Cleaner/Odour Eliminator 20L",
    "image_url": "https://cdn1.woolworths.media/content/wowproductimages/large/1074325549.jpg",
    "source_id": "Woolworths - 1074325549",
    "barcode": null,
    "shop": "Woolworths",
    "weight": "100ML",
    "prices": [
      {
        "state": "NSW",
        "price": "11520",
        "price_per_unit": "58",
        "price_unit": "ML"
      },
      {
        "state": "VIC",
        "price": "11520",
        "price_per_unit": "58",
        "price_unit": "ML"
      }
    ]
  },
  {
    "source_url": "https://www.woolworths.com.au/shop/productdetails/1075819717/enzyme-wizard-carpet-upholstery-spray-cleaner-750ml",
    "name": "Enzyme Wizard Carpet & Upholstery Spray Cleaner 750ml",
    "image_url": "https://cdn1.woolworths.media/content/wowproductimages/large/1075819717.jpg",
    "source_id": "Woolworths - 1075819717",
    "barcode": null,
    "shop": "Woolworths",
    "weight": "100ML",
    "prices": [
      {
        "state": "NSW",
        "price": "2600",
        "price_per_unit": "347",
        "price_unit": "ML"
      },
      {
        "state": "VIC",
        "price": "2600",
        "price_per_unit": "347",
        "price_unit": "ML"
      }
    ]
  },
  {
    "source_url": "https://www.woolworths.com.au/shop/productdetails/1075819715/enzyme-wizard-carpet-rug-shampoo-surface-cleaner-1l",
    "name": "Enzyme Wizard Carpet Rug Shampoo Surface Cleaner 1L",
    "image_url": "https://cdn1.woolworths.media/content/wowproductimages/large/1075819715.jpg",
    "source_id": "Woolworths - 1075819715",
    "barcode": null,
    "shop": "Woolworths",
    "weight": "100ML",
    "prices": [
      {
        "state": "NSW",
        "price": "2000",
        "price_per_unit": "200",
        "price_unit": "ML"
      },
      {
        "state": "VIC",
        "price": "2000",
        "price_per_unit": "200",
        "price_unit": "ML"
      }
    ]
  },
  {
    "source_url": "https://www.woolworths.com.au/shop/productdetails/1074325599/enzyme-wizard-industrial-heavy-duty-floor-surface-cleaner-20l",
    "name": "Enzyme Wizard Industrial Heavy Duty Floor & Surface Cleaner 20L",
    "image_url": "https://cdn1.woolworths.media/content/wowproductimages/large/1074325599.jpg",
    "source_id": "Woolworths - 1074325599",
    "barcode": null,
    "shop": "Woolworths",
    "weight": "100ML",
    "prices": [
      {
        "state": "NSW",
        "price": "19710",
        "price_per_unit": "99",
        "price_unit": "ML"
      },
      {
        "state": "VIC",
        "price": "19710",
        "price_per_unit": "99",
        "price_unit": "ML"
      }
    ]
  },
  {
    "source_url": "https://www.woolworths.com.au/shop/productdetails/1074325569/enzyme-wizard-no-rinse-all-floor-tile-grout-cleaner-20l",
    "name": "Enzyme Wizard No Rinse All Floor Tile & Grout Cleaner 20L",
    "image_url": "https://cdn1.woolworths.media/content/wowproductimages/large/1074325569.jpg",
    "source_id": "Woolworths - 1074325569",
    "barcode": null,
    "shop": "Woolworths",
    "weight": "100ML",
    "prices": [
      {
        "state": "NSW",
        "price": "13410",
        "price_per_unit": "67",
        "price_unit": "ML"
      },
      {
        "state": "VIC",
        "price": "13410",
        "price_per_unit": "67",
        "price_unit": "ML"
      }
    ]
  },
  {
    "source_url": "https://www.woolworths.com.au/shop/productdetails/1075819719/enzyme-wizard-no-rinse-floor-tile-surface-cleaner-1l",
    "name": "Enzyme Wizard No Rinse Floor Tile Surface Cleaner 1L",
    "image_url": "https://cdn1.woolworths.media/content/wowproductimages/large/1075819719.jpg",
    "source_id": "Woolworths - 1075819719",
    "barcode": null,
    "shop": "Woolworths",
    "weight": "100ML",
    "prices": [
      {
        "state": "NSW",
        "price": "2300",
        "price_per_unit": "230",
        "price_unit": "ML"
      },
      {
        "state": "VIC",
        "price": "2300",
        "price_per_unit": "230",
        "price_unit": "ML"
      }
    ]
  },
  {
    "source_url": "https://www.woolworths.com.au/shop/productdetails/1073950746/enzyme-wizard-spray-mop-go-refill-2-5l",
    "name": "Enzyme Wizard Spray Mop & Go Refill 2.5L",
    "image_url": "https://cdn1.woolworths.media/content/wowproductimages/large/1073950746.jpg",
    "source_id": "Woolworths - 1073950746",
    "barcode": null,
    "shop": "Woolworths",
    "weight": null,
    "prices": []
  },
  {
    "source_url": "https://www.woolworths.com.au/shop/productdetails/1073950542/enzyme-wizard-spray-mop-go-refill-4l",
    "name": "Enzyme Wizard Spray Mop & Go Refill 4L",
    "image_url": "https://cdn1.woolworths.media/content/wowproductimages/large/1073950542.jpg",
    "source_id": "Woolworths - 1073950542",
    "barcode": null,
    "shop": "Woolworths",
    "weight": null,
    "prices": []
  },
  {
    "source_url": "https://www.woolworths.com.au/shop/productdetails/1073950672/enzyme-wizard-urine-stain-odour-remover-5l",
    "name": "Enzyme Wizard Urine Stain & Odour Remover 5L",
    "image_url": "https://cdn1.woolworths.media/content/wowproductimages/large/1073950672.jpg",
    "source_id": "Woolworths - 1073950672",
    "barcode": null,
    "shop": "Woolworths",
    "weight": "1EA",
    "prices": [
      {
        "state": "NSW",
        "price": "6210",
        "price_per_unit": "6210",
        "price_unit": "EA"
      },
      {
        "state": "VIC",
        "price": "6210",
        "price_per_unit": "6210",
        "price_unit": "EA"
      }
    ]
  },
  {
    "source_url": "https://www.woolworths.com.au/shop/productdetails/1075344782/euclove-floor-cleaner-500ml",
    "name": "Euclove Floor Cleaner 500ml",
    "image_url": "https://cdn1.woolworths.media/content/wowproductimages/large/1075344782.jpg",
    "source_id": "Woolworths - 1075344782",
    "barcode": null,
    "shop": "Woolworths",
    "weight": "100ML",
    "prices": [
      {
        "state": "NSW",
        "price": "1349",
        "price_per_unit": "270",
        "price_unit": "ML"
      },
      {
        "state": "VIC",
        "price": "1349",
        "price_per_unit": "270",
        "price_unit": "ML"
      }
    ]
  },
  {
    "source_url": "https://www.woolworths.com.au/shop/productdetails/89606/glen-20-carpet-cuddly-pet-disinfectant-spray",
    "name": "Glen 20 Carpet Cuddly Pet Disinfectant Spray 354g",
    "image_url": "https://cdn1.woolworths.media/content/wowproductimages/large/089606.jpg",
    "source_id": "Woolworths - 89606",
    "barcode": "9300701244163",
    "shop": "Woolworths",
    "weight": "100G",
    "prices": [
      {
        "state": "VIC",
        "price": "665",
        "price_per_unit": "188",
        "price_unit": "G"
      },
      {
        "state": "QLD",
        "price": "665",
        "price_per_unit": "188",
        "price_unit": "G"
      },
      {
        "state": "WA",
        "price": "665",
        "price_per_unit": "188",
        "price_unit": "G"
      },
      {
        "state": "SA",
        "price": "665",
        "price_per_unit": "188",
        "price_unit": "G"
      },
      {
        "state": "TAS",
        "price": "665",
        "price_per_unit": "188",
        "price_unit": "G"
      },
      {
        "state": "ACT",
        "price": "665",
        "price_per_unit": "188",
        "price_unit": "G"
      },
      {
        "state": "NT",
        "price": "700",
        "price_per_unit": "198",
        "price_unit": "G"
      }
    ]
  },
  {
    "source_url": "https://www.woolworths.com.au/shop/productdetails/23649/handy-andy-cleaner-and-disinfectant-green",
    "name": "Handy Andy Cleaner And Disinfectant Green 750ml",
    "image_url": "https://cdn1.woolworths.media/content/wowproductimages/large/023649.jpg",
    "source_id": "Woolworths - 23649",
    "barcode": "9324054905106",
    "shop": "Woolworths",
    "weight": "100ML",
    "prices": [
      {
        "state": "NSW",
        "price": "400",
        "price_per_unit": "53",
        "price_unit": "ML"
      },
      {
        "state": "VIC",
        "price": "400",
        "price_per_unit": "53",
        "price_unit": "ML"
      },
      {
        "state": "QLD",
        "price": "400",
        "price_per_unit": "53",
        "price_unit": "ML"
      },
      {
        "state": "WA",
        "price": "400",
        "price_per_unit": "53",
        "price_unit": "ML"
      },
      {
        "state": "SA",
        "price": "400",
        "price_per_unit": "53",
        "price_unit": "ML"
      },
      {
        "state": "TAS",
        "price": "400",
        "price_per_unit": "53",
        "price_unit": "ML"
      },
      {
        "state": "ACT",
        "price": "400",
        "price_per_unit": "53",
        "price_unit": "ML"
      },
      {
        "state": "NT",
        "price": "400",
        "price_per_unit": "53",
        "price_unit": "ML"
      }
    ]
  },
  {
    "source_url": "https://www.woolworths.com.au/shop/productdetails/31992/handy-andy-original-fresh-scent",
    "name": "Handy Andy Original Fresh Scent 750ml",
    "image_url": "https://cdn1.woolworths.media/content/wowproductimages/large/031992.jpg",
    "source_id": "Woolworths - 31992",
    "barcode": "9324054905090",
    "shop": "Woolworths",
    "weight": "100ML",
    "prices": [
      {
        "state": "NSW",
        "price": "400",
        "price_per_unit": "53",
        "price_unit": "ML"
      },
      {
        "state": "VIC",
        "price": "400",
        "price_per_unit": "53",
        "price_unit": "ML"
      },
      {
        "state": "QLD",
        "price": "400",
        "price_per_unit": "53",
        "price_unit": "ML"
      },
      {
        "state": "WA",
        "price": "400",
        "price_per_unit": "53",
        "price_unit": "ML"
      },
      {
        "state": "SA",
        "price": "400",
        "price_per_unit": "53",
        "price_unit": "ML"
      },
      {
        "state": "TAS",
        "price": "400",
        "price_per_unit": "53",
        "price_unit": "ML"
      },
      {
        "state": "ACT",
        "price": "400",
        "price_per_unit": "53",
        "price_unit": "ML"
      },
      {
        "state": "NT",
        "price": "400",
        "price_per_unit": "53",
        "price_unit": "ML"
      }
    ]
  },
  {
    "source_url": "https://www.woolworths.com.au/shop/productdetails/1074816936/hygieia-multi-floor-cleaning-1l-solution-concentrate-for-robot-and-floor-cleaners",
    "name": "Hygieia Multi Floor Cleaning 1L Solution Concentrate for Robot and Floor Cleaners",
    "image_url": "https://cdn1.woolworths.media/content/wowproductimages/large/1074816936.jpg",
    "source_id": "Woolworths - 1074816936",
    "barcode": null,
    "shop": "Woolworths",
    "weight": "1EA",
    "prices": [
      {
        "state": "NSW",
        "price": "3699",
        "price_per_unit": "3699",
        "price_unit": "EA"
      },
      {
        "state": "VIC",
        "price": "3699",
        "price_per_unit": "3699",
        "price_unit": "EA"
      }
    ]
  },
  {
    "source_url": "https://www.woolworths.com.au/shop/productdetails/1073950731/ladelle-all-natural-eucalyptus-sweet-orange-tile-floor-cleaner-1000ml",
    "name": "Ladelle All Natural Eucalyptus & Sweet Orange Tile & Floor Cleaner 1000ml",
    "image_url": "https://cdn1.woolworths.media/content/wowproductimages/large/1073950731.jpg",
    "source_id": "Woolworths - 1073950731",
    "barcode": null,
    "shop": "Woolworths",
    "weight": null,
    "prices": []
  },
  {
    "source_url": "https://www.woolworths.com.au/shop/productdetails/1073950761/ladelle-all-natural-grapefruit-pomegranate-tile-floor-cleaner-1000ml",
    "name": "Ladelle All Natural Grapefruit & Pomegranate Tile & Floor Cleaner 1000ml",
    "image_url": "https://cdn1.woolworths.media/content/wowproductimages/large/1073950761.jpg",
    "source_id": "Woolworths - 1073950761",
    "barcode": null,
    "shop": "Woolworths",
    "weight": null,
    "prices": []
  },
  {
    "source_url": "https://www.woolworths.com.au/shop/productdetails/1074334307/livingstone-floor-cleaner-5l-lemon-each",
    "name": "Livingstone Floor Cleaner 5L Lemon Each",
    "image_url": "https://cdn1.woolworths.media/content/wowproductimages/large/1074334307.jpg",
    "source_id": "Woolworths - 1074334307",
    "barcode": null,
    "shop": "Woolworths",
    "weight": "1EA",
    "prices": [
      {
        "state": "NSW",
        "price": "3900",
        "price_per_unit": "3900",
        "price_unit": "EA"
      },
      {
        "state": "VIC",
        "price": "3900",
        "price_per_unit": "3900",
        "price_unit": "EA"
      }
    ]
  },
  {
    "source_url": "https://www.woolworths.com.au/shop/productdetails/1074335538/livingstone-floor-scraper-13-6cm-each",
    "name": "Livingstone Floor Scraper 13.6cm Each",
    "image_url": "https://cdn1.woolworths.media/content/wowproductimages/large/1074335538.jpg",
    "source_id": "Woolworths - 1074335538",
    "barcode": null,
    "shop": "Woolworths",
    "weight": "1EA",
    "prices": [
      {
        "state": "NSW",
        "price": "3600",
        "price_per_unit": "3600",
        "price_unit": "EA"
      },
      {
        "state": "VIC",
        "price": "3600",
        "price_per_unit": "3600",
        "price_unit": "EA"
      }
    ]
  },
  {
    "source_url": "https://www.woolworths.com.au/shop/productdetails/1074335536/livingstone-floor-scraper-17-6cm-each",
    "name": "Livingstone Floor Scraper 17.6cm Each",
    "image_url": "https://cdn1.woolworths.media/content/wowproductimages/large/1074335536.jpg",
    "source_id": "Woolworths - 1074335536",
    "barcode": null,
    "shop": "Woolworths",
    "weight": "1EA",
    "prices": [
      {
        "state": "NSW",
        "price": "3800",
        "price_per_unit": "3800",
        "price_unit": "EA"
      },
      {
        "state": "VIC",
        "price": "3800",
        "price_per_unit": "3800",
        "price_unit": "EA"
      }
    ]
  },
  {
    "source_url": "https://www.woolworths.com.au/shop/productdetails/1074400645/livingstone-plastic-cleaning-brush-orange-each-x14",
    "name": "Livingstone Plastic Cleaning Brush Orange Each x14",
    "image_url": "https://cdn1.woolworths.media/content/wowproductimages/large/1074400645.jpg",
    "source_id": "Woolworths - 1074400645",
    "barcode": null,
    "shop": "Woolworths",
    "weight": "1EA",
    "prices": [
      {
        "state": "NSW",
        "price": "5807",
        "price_per_unit": "415",
        "price_unit": "EA"
      },
      {
        "state": "VIC",
        "price": "5807",
        "price_per_unit": "415",
        "price_unit": "EA"
      }
    ]
  },
  {
    "source_url": "https://www.woolworths.com.au/shop/productdetails/92818/no-vac-instant-spot-stain-remover",
    "name": "No Vac Instant Spot & Stain Remover 290g",
    "image_url": "https://cdn1.woolworths.media/content/wowproductimages/large/092818.jpg",
    "source_id": "Woolworths - 92818",
    "barcode": "9312240310643",
    "shop": "Woolworths",
    "weight": "100G",
    "prices": [
      {
        "state": "NSW",
        "price": "600",
        "price_per_unit": "207",
        "price_unit": "G"
      },
      {
        "state": "VIC",
        "price": "600",
        "price_per_unit": "207",
        "price_unit": "G"
      },
      {
        "state": "QLD",
        "price": "600",
        "price_per_unit": "207",
        "price_unit": "G"
      },
      {
        "state": "WA",
        "price": "600",
        "price_per_unit": "207",
        "price_unit": "G"
      },
      {
        "state": "SA",
        "price": "600",
        "price_per_unit": "207",
        "price_unit": "G"
      },
      {
        "state": "TAS",
        "price": "600",
        "price_per_unit": "207",
        "price_unit": "G"
      },
      {
        "state": "ACT",
        "price": "600",
        "price_per_unit": "207",
        "price_unit": "G"
      },
      {
        "state": "NT",
        "price": "630",
        "price_per_unit": "217",
        "price_unit": "G"
      }
    ]
  },
  {
    "source_url": "https://www.woolworths.com.au/shop/productdetails/272457/no-vac-sanitiser-deodoriser-carpet-fresh-pet",
    "name": "No Vac Sanitiser & Deodoriser Carpet Fresh Pet 290g",
    "image_url": "https://cdn1.woolworths.media/content/wowproductimages/large/272457.jpg",
    "source_id": "Woolworths - 272457",
    "barcode": "9312240310445",
    "shop": "Woolworths",
    "weight": "100G",
    "prices": [
      {
        "state": "NSW",
        "price": "600",
        "price_per_unit": "207",
        "price_unit": "G"
      },
      {
        "state": "VIC",
        "price": "600",
        "price_per_unit": "207",
        "price_unit": "G"
      },
      {
        "state": "QLD",
        "price": "600",
        "price_per_unit": "207",
        "price_unit": "G"
      },
      {
        "state": "WA",
        "price": "600",
        "price_per_unit": "207",
        "price_unit": "G"
      },
      {
        "state": "SA",
        "price": "600",
        "price_per_unit": "207",
        "price_unit": "G"
      },
      {
        "state": "TAS",
        "price": "600",
        "price_per_unit": "207",
        "price_unit": "G"
      },
      {
        "state": "ACT",
        "price": "600",
        "price_per_unit": "207",
        "price_unit": "G"
      },
      {
        "state": "NT",
        "price": "630",
        "price_per_unit": "217",
        "price_unit": "G"
      }
    ]
  },
  {
    "source_url": "https://www.woolworths.com.au/shop/productdetails/204867/no-vac-sanitiser-deodoriser-carpet-garden-breeze",
    "name": "No Vac Sanitiser & Deodoriser Carpet Garden Breeze 290g",
    "image_url": "https://cdn1.woolworths.media/content/wowproductimages/large/204867.jpg",
    "source_id": "Woolworths - 204867",
    "barcode": "9312240310438",
    "shop": "Woolworths",
    "weight": "100G",
    "prices": [
      {
        "state": "NSW",
        "price": "600",
        "price_per_unit": "207",
        "price_unit": "G"
      },
      {
        "state": "VIC",
        "price": "600",
        "price_per_unit": "207",
        "price_unit": "G"
      },
      {
        "state": "QLD",
        "price": "600",
        "price_per_unit": "207",
        "price_unit": "G"
      },
      {
        "state": "WA",
        "price": "600",
        "price_per_unit": "207",
        "price_unit": "G"
      },
      {
        "state": "SA",
        "price": "600",
        "price_per_unit": "207",
        "price_unit": "G"
      },
      {
        "state": "TAS",
        "price": "600",
        "price_per_unit": "207",
        "price_unit": "G"
      },
      {
        "state": "ACT",
        "price": "600",
        "price_per_unit": "207",
        "price_unit": "G"
      },
      {
        "state": "NT",
        "price": "630",
        "price_per_unit": "217",
        "price_unit": "G"
      }
    ]
  },
  {
    "source_url": "https://www.woolworths.com.au/shop/productdetails/776080/no-vac-sanitiser-deodoriser-carpet-purifying-breeze",
    "name": "No Vac Sanitiser & Deodoriser Carpet Purifying Breeze 290g",
    "image_url": "https://cdn1.woolworths.media/content/wowproductimages/large/776080.jpg",
    "source_id": "Woolworths - 776080",
    "barcode": "9312240310452",
    "shop": "Woolworths",
    "weight": "100G",
    "prices": [
      {
        "state": "NSW",
        "price": "600",
        "price_per_unit": "207",
        "price_unit": "G"
      },
      {
        "state": "VIC",
        "price": "600",
        "price_per_unit": "207",
        "price_unit": "G"
      },
      {
        "state": "QLD",
        "price": "600",
        "price_per_unit": "207",
        "price_unit": "G"
      },
      {
        "state": "WA",
        "price": "600",
        "price_per_unit": "207",
        "price_unit": "G"
      },
      {
        "state": "SA",
        "price": "600",
        "price_per_unit": "207",
        "price_unit": "G"
      },
      {
        "state": "TAS",
        "price": "600",
        "price_per_unit": "207",
        "price_unit": "G"
      },
      {
        "state": "ACT",
        "price": "600",
        "price_per_unit": "207",
        "price_unit": "G"
      },
      {
        "state": "NT",
        "price": "630",
        "price_per_unit": "217",
        "price_unit": "G"
      }
    ]
  },
  {
    "source_url": "https://www.woolworths.com.au/shop/productdetails/1074325693/northfork-floor-cleaner-w-ammonia-2x-2l",
    "name": "Northfork Floor Cleaner w/ Ammonia 2x 2L",
    "image_url": "https://cdn1.woolworths.media/content/wowproductimages/large/1074325693.jpg",
    "source_id": "Woolworths - 1074325693",
    "barcode": null,
    "shop": "Woolworths",
    "weight": "1EA",
    "prices": [
      {
        "state": "NSW",
        "price": "3800",
        "price_per_unit": "1900",
        "price_unit": "EA"
      },
      {
        "state": "VIC",
        "price": "3800",
        "price_per_unit": "1900",
        "price_unit": "EA"
      }
    ]
  },
  {
    "source_url": "https://www.woolworths.com.au/shop/productdetails/1074325681/northfork-floor-cleaner-w-ammonia-3x-5l",
    "name": "Northfork Floor Cleaner w/ Ammonia 3x 5L",
    "image_url": "https://cdn1.woolworths.media/content/wowproductimages/large/1074325681.jpg",
    "source_id": "Woolworths - 1074325681",
    "barcode": null,
    "shop": "Woolworths",
    "weight": "1EA",
    "prices": [
      {
        "state": "NSW",
        "price": "10710",
        "price_per_unit": "3570",
        "price_unit": "EA"
      },
      {
        "state": "VIC",
        "price": "10710",
        "price_per_unit": "3570",
        "price_unit": "EA"
      }
    ]
  },
  {
    "source_url": "https://www.woolworths.com.au/shop/productdetails/1076052423/northfork-floor-cleaner-with-ammonia-5l-",
    "name": "Northfork Floor Cleaner with Ammonia (5L)",
    "image_url": "https://cdn1.woolworths.media/content/wowproductimages/large/1076052423.jpg",
    "source_id": "Woolworths - 1076052423",
    "barcode": null,
    "shop": "Woolworths",
    "weight": "1EA",
    "prices": [
      {
        "state": "NSW",
        "price": "3895",
        "price_per_unit": "3895",
        "price_unit": "EA"
      },
      {
        "state": "VIC",
        "price": "3895",
        "price_per_unit": "3895",
        "price_unit": "EA"
      }
    ]
  },
  {
    "source_url": "https://www.woolworths.com.au/shop/productdetails/1076052433/northfork-neutral-cleaner-5l-",
    "name": "Northfork Neutral Cleaner (5L)",
    "image_url": "https://cdn1.woolworths.media/content/wowproductimages/large/1076052433.jpg",
    "source_id": "Woolworths - 1076052433",
    "barcode": null,
    "shop": "Woolworths",
    "weight": "1EA",
    "prices": [
      {
        "state": "NSW",
        "price": "3395",
        "price_per_unit": "3395",
        "price_unit": "EA"
      },
      {
        "state": "VIC",
        "price": "3395",
        "price_per_unit": "3395",
        "price_unit": "EA"
      }
    ]
  },
  {
    "source_url": "https://www.woolworths.com.au/shop/productdetails/175915/ozkleen-carpet-power-lavender-floor-carpet-cleaner-trigger",
    "name": "OzKleen Carpet Power Lavender Floor Carpet Cleaner Trigger 500mL",
    "image_url": "https://cdn1.woolworths.media/content/wowproductimages/large/175915.jpg",
    "source_id": "Woolworths - 175915",
    "barcode": "803678000095",
    "shop": "Woolworths",
    "weight": "100ML",
    "prices": [
      {
        "state": "NSW",
        "price": "800",
        "price_per_unit": "160",
        "price_unit": "ML"
      },
      {
        "state": "VIC",
        "price": "800",
        "price_per_unit": "160",
        "price_unit": "ML"
      },
      {
        "state": "QLD",
        "price": "800",
        "price_per_unit": "160",
        "price_unit": "ML"
      },
      {
        "state": "WA",
        "price": "800",
        "price_per_unit": "160",
        "price_unit": "ML"
      },
      {
        "state": "SA",
        "price": "800",
        "price_per_unit": "160",
        "price_unit": "ML"
      },
      {
        "state": "TAS",
        "price": "800",
        "price_per_unit": "160",
        "price_unit": "ML"
      },
      {
        "state": "ACT",
        "price": "800",
        "price_per_unit": "160",
        "price_unit": "ML"
      },
      {
        "state": "NT",
        "price": "840",
        "price_per_unit": "168",
        "price_unit": "ML"
      }
    ]
  },
  {
    "source_url": "https://www.woolworths.com.au/shop/productdetails/1075253694/narwal-detergent-lemon-basil-sepcially-formulated-floor-cleaner-1000ml-for-narwal-t10",
    "name": "Narwal Detergent  Lemon & Basil Sepcially formulated Floor Cleaner 1000ml FOR Narwal T10",
    "image_url": "https://cdn1.woolworths.media/content/wowproductimages/large/1075253694.jpg",
    "source_id": "Woolworths - 1075253694",
    "barcode": null,
    "shop": "Woolworths",
    "weight": "1EA",
    "prices": [
      {
        "state": "VIC",
        "price": "3995",
        "price_per_unit": "3995",
        "price_unit": "EA"
      }
    ]
  },
  {
    "source_url": "https://www.woolworths.com.au/shop/productdetails/1075017691/nneoba-portable-manual-hair-removal-agent-carpet-wool-coat-clothes-shaver-brush-tool-depilatory-ball-knitting-plush-double-sided-razor",
    "name": "NNEOBA Portable Manual Hair Removal Agent Carpet Wool Coat Clothes Shaver Brush Tool Depilatory Ball Knitting Plush Double-Sided Razor",
    "image_url": "https://cdn1.woolworths.media/content/wowproductimages/large/1075017691.jpg",
    "source_id": "Woolworths - 1075017691",
    "barcode": null,
    "shop": "Woolworths",
    "weight": "1EA",
    "prices": [
      {
        "state": "VIC",
        "price": "9999",
        "price_per_unit": "9999",
        "price_unit": "EA"
      }
    ]
  },
  {
    "source_url": "https://www.woolworths.com.au/shop/productdetails/1075445278/nnetm-rs300-intelligent-sweeping-robot",
    "name": "NNETM RS300 Intelligent Sweeping Robot",
    "image_url": "https://cdn1.woolworths.media/content/wowproductimages/large/1075445278.jpg",
    "source_id": "Woolworths - 1075445278",
    "barcode": null,
    "shop": "Woolworths",
    "weight": "1EA",
    "prices": [
      {
        "state": "VIC",
        "price": "36999",
        "price_per_unit": "36999",
        "price_unit": "EA"
      }
    ]
  },
  {
    "source_url": "https://www.woolworths.com.au/shop/productdetails/307913/pine-o-cleen-pomegranate-floor-disinfectant-liquid",
    "name": "Pine O Cleen Pomegranate Floor Disinfectant Liquid 1.5l",
    "image_url": "https://cdn1.woolworths.media/content/wowproductimages/large/307913.jpg",
    "source_id": "Woolworths - 307913",
    "barcode": "9300701474737",
    "shop": "Woolworths",
    "weight": "100ML",
    "prices": [
      {
        "state": "QLD",
        "price": "1000",
        "price_per_unit": "67",
        "price_unit": "ML"
      },
      {
        "state": "WA",
        "price": "1000",
        "price_per_unit": "67",
        "price_unit": "ML"
      },
      {
        "state": "SA",
        "price": "1000",
        "price_per_unit": "67",
        "price_unit": "ML"
      },
      {
        "state": "TAS",
        "price": "1000",
        "price_per_unit": "67",
        "price_unit": "ML"
      },
      {
        "state": "ACT",
        "price": "1000",
        "price_per_unit": "67",
        "price_unit": "ML"
      },
      {
        "state": "NT",
        "price": "1050",
        "price_per_unit": "70",
        "price_unit": "ML"
      }
    ]
  },
  {
    "source_url": "https://www.woolworths.com.au/shop/productdetails/43032/pledge-gentle-wood-floor-cleaner-floor-cleaner",
    "name": "Pledge Gentle Wood Floor Cleaner Floor Cleaner 500ml",
    "image_url": "https://cdn1.woolworths.media/content/wowproductimages/large/043032.jpg",
    "source_id": "Woolworths - 43032",
    "barcode": "9300622315805",
    "shop": "Woolworths",
    "weight": "100ML",
    "prices": [
      {
        "state": "QLD",
        "price": "680",
        "price_per_unit": "136",
        "price_unit": "ML"
      },
      {
        "state": "WA",
        "price": "680",
        "price_per_unit": "136",
        "price_unit": "ML"
      },
      {
        "state": "SA",
        "price": "680",
        "price_per_unit": "136",
        "price_unit": "ML"
      },
      {
        "state": "TAS",
        "price": "680",
        "price_per_unit": "136",
        "price_unit": "ML"
      },
      {
        "state": "ACT",
        "price": "680",
        "price_per_unit": "136",
        "price_unit": "ML"
      },
      {
        "state": "NT",
        "price": "710",
        "price_per_unit": "142",
        "price_unit": "ML"
      }
    ]
  },
  {
    "source_url": "https://www.woolworths.com.au/shop/productdetails/299529/saba-organics-floor-cleaner-lemon-scented-tea-tree",
    "name": "Saba Organics Floor Cleaner Lemon Scented Tea Tree 1L",
    "image_url": "https://cdn1.woolworths.media/content/wowproductimages/large/299529.jpg",
    "source_id": "Woolworths - 299529",
    "barcode": "9353548000447",
    "shop": "Woolworths",
    "weight": "100ML",
    "prices": [
      {
        "state": "QLD",
        "price": "665",
        "price_per_unit": "67",
        "price_unit": "ML"
      },
      {
        "state": "WA",
        "price": "665",
        "price_per_unit": "67",
        "price_unit": "ML"
      },
      {
        "state": "SA",
        "price": "665",
        "price_per_unit": "67",
        "price_unit": "ML"
      },
      {
        "state": "TAS",
        "price": "665",
        "price_per_unit": "67",
        "price_unit": "ML"
      },
      {
        "state": "ACT",
        "price": "665",
        "price_per_unit": "67",
        "price_unit": "ML"
      },
      {
        "state": "NT",
        "price": "665",
        "price_per_unit": "67",
        "price_unit": "ML"
      }
    ]
  },
  {
    "source_url": "https://www.woolworths.com.au/shop/productdetails/750884/strike-carpet-cleaner-foam",
    "name": "Strike Carpet Cleaner Foam 500g",
    "image_url": "https://cdn1.woolworths.media/content/wowproductimages/large/750884.jpg",
    "source_id": "Woolworths - 750884",
    "barcode": "9300633391904",
    "shop": "Woolworths",
    "weight": "100G",
    "prices": [
      {
        "state": "QLD",
        "price": "450",
        "price_per_unit": "90",
        "price_unit": "G"
      },
      {
        "state": "WA",
        "price": "450",
        "price_per_unit": "90",
        "price_unit": "G"
      },
      {
        "state": "SA",
        "price": "450",
        "price_per_unit": "90",
        "price_unit": "G"
      },
      {
        "state": "TAS",
        "price": "450",
        "price_per_unit": "90",
        "price_unit": "G"
      },
      {
        "state": "ACT",
        "price": "450",
        "price_per_unit": "90",
        "price_unit": "G"
      },
      {
        "state": "NT",
        "price": "470",
        "price_per_unit": "94",
        "price_unit": "G"
      }
    ]
  },
  {
    "source_url": "https://www.woolworths.com.au/shop/productdetails/296082/strike-floor-wipes",
    "name": "Strike Floor Wipes 20 Pack",
    "image_url": "https://cdn1.woolworths.media/content/wowproductimages/large/296082.jpg",
    "source_id": "Woolworths - 296082",
    "barcode": "9300633982058",
    "shop": "Woolworths",
    "weight": "1EA",
    "prices": [
      {
        "state": "QLD",
        "price": "500",
        "price_per_unit": "25",
        "price_unit": "EA"
      },
      {
        "state": "WA",
        "price": "500",
        "price_per_unit": "25",
        "price_unit": "EA"
      },
      {
        "state": "SA",
        "price": "500",
        "price_per_unit": "25",
        "price_unit": "EA"
      },
      {
        "state": "TAS",
        "price": "500",
        "price_per_unit": "25",
        "price_unit": "EA"
      },
      {
        "state": "ACT",
        "price": "500",
        "price_per_unit": "25",
        "price_unit": "EA"
      },
      {
        "state": "NT",
        "price": "500",
        "price_per_unit": "25",
        "price_unit": "EA"
      }
    ]
  },
  {
    "source_url": "https://www.woolworths.com.au/shop/productdetails/183853/strike-pro-floor-cleaner-citrus-antibacterial-multi-surface",
    "name": "Strike Pro Floor Cleaner Citrus Antibacterial Multi Surface 750ml",
    "image_url": "https://cdn1.woolworths.media/content/wowproductimages/large/183853.jpg",
    "source_id": "Woolworths - 183853",
    "barcode": "9339687276691",
    "shop": "Woolworths",
    "weight": "100ML",
    "prices": [
      {
        "state": "QLD",
        "price": "200",
        "price_per_unit": "27",
        "price_unit": "ML"
      },
      {
        "state": "WA",
        "price": "200",
        "price_per_unit": "27",
        "price_unit": "ML"
      },
      {
        "state": "SA",
        "price": "200",
        "price_per_unit": "27",
        "price_unit": "ML"
      },
      {
        "state": "TAS",
        "price": "200",
        "price_per_unit": "27",
        "price_unit": "ML"
      },
      {
        "state": "ACT",
        "price": "200",
        "price_per_unit": "27",
        "price_unit": "ML"
      }
    ]
  },
  {
    "source_url": "https://www.woolworths.com.au/shop/productdetails/154137/vanish-preen-gold-3-in-1-carpet-cleaning-foam-spray",
    "name": "Vanish Preen Gold 3 -In-1 Carpet Cleaning Foam Spray 600mL",
    "image_url": "https://cdn1.woolworths.media/content/wowproductimages/large/154137.jpg",
    "source_id": "Woolworths - 154137",
    "barcode": "9300701704384",
    "shop": "Woolworths",
    "weight": "100G",
    "prices": [
      {
        "state": "QLD",
        "price": "1150",
        "price_per_unit": "192",
        "price_unit": "G"
      },
      {
        "state": "WA",
        "price": "1150",
        "price_per_unit": "192",
        "price_unit": "G"
      },
      {
        "state": "SA",
        "price": "1150",
        "price_per_unit": "192",
        "price_unit": "G"
      },
      {
        "state": "TAS",
        "price": "1150",
        "price_per_unit": "192",
        "price_unit": "G"
      },
      {
        "state": "ACT",
        "price": "1150",
        "price_per_unit": "192",
        "price_unit": "G"
      },
      {
        "state": "NT",
        "price": "1200",
        "price_per_unit": "200",
        "price_unit": "G"
      }
    ]
  },
  {
    "source_url": "https://www.woolworths.com.au/shop/productdetails/165794/vanish-preen-oxi-action-carpet-stain-removal-spray",
    "name": "Vanish Preen Oxi Action Carpet Stain Removal Spray 410mL",
    "image_url": "https://cdn1.woolworths.media/content/wowproductimages/large/165794.jpg",
    "source_id": "Woolworths - 165794",
    "barcode": "9300701707200",
    "shop": "Woolworths",
    "weight": "100ML",
    "prices": [
      {
        "state": "QLD",
        "price": "1150",
        "price_per_unit": "280",
        "price_unit": "ML"
      },
      {
        "state": "WA",
        "price": "1150",
        "price_per_unit": "280",
        "price_unit": "ML"
      },
      {
        "state": "SA",
        "price": "1150",
        "price_per_unit": "280",
        "price_unit": "ML"
      },
      {
        "state": "TAS",
        "price": "1150",
        "price_per_unit": "280",
        "price_unit": "ML"
      },
      {
        "state": "ACT",
        "price": "1150",
        "price_per_unit": "280",
        "price_unit": "ML"
      },
      {
        "state": "NT",
        "price": "1150",
        "price_per_unit": "280",
        "price_unit": "ML"
      }
    ]
  },
  {
    "source_url": "https://www.woolworths.com.au/shop/productdetails/199462/wash-wild-floor-cleaner",
    "name": "Wash Wild Floor Cleaner 1l",
    "image_url": "https://cdn1.woolworths.media/content/wowproductimages/large/199462.jpg",
    "source_id": "Woolworths - 199462",
    "barcode": "9349506002509",
    "shop": "Woolworths",
    "weight": "100ML",
    "prices": [
      {
        "state": "QLD",
        "price": "900",
        "price_per_unit": "90",
        "price_unit": "ML"
      },
      {
        "state": "SA",
        "price": "900",
        "price_per_unit": "90",
        "price_unit": "ML"
      },
      {
        "state": "ACT",
        "price": "900",
        "price_per_unit": "90",
        "price_unit": "ML"
      },
      {
        "state": "NT",
        "price": "900",
        "price_per_unit": "90",
        "price_unit": "ML"
      }
    ]
  },
  {
    "source_url": "https://www.woolworths.com.au/shop/productdetails/197400/wash-wild-floor-cleaner",
    "name": "Wash Wild Floor Cleaner 300ml",
    "image_url": "https://cdn1.woolworths.media/content/wowproductimages/large/197400.jpg",
    "source_id": "Woolworths - 197400",
    "barcode": "9349506002431",
    "shop": "Woolworths",
    "weight": "100ML",
    "prices": [
      {
        "state": "QLD",
        "price": "590",
        "price_per_unit": "197",
        "price_unit": "ML"
      },
      {
        "state": "ACT",
        "price": "590",
        "price_per_unit": "197",
        "price_unit": "ML"
      },
      {
        "state": "NT",
        "price": "590",
        "price_per_unit": "197",
        "price_unit": "ML"
      }
    ]
  },
  {
    "source_url": "https://www.woolworths.com.au/shop/productdetails/716812/britex-odour-blaster",
    "name": "Britex Odour Blaster 500ml",
    "image_url": "https://cdn1.woolworths.media/content/wowproductimages/large/716812.jpg",
    "source_id": "Woolworths - 716812",
    "barcode": "9331562000902",
    "shop": "Woolworths",
    "weight": "100ML",
    "prices": [
      {
        "state": "TAS",
        "price": "1500",
        "price_per_unit": "300",
        "price_unit": "ML"
      },
      {
        "state": "NT",
        "price": "1500",
        "price_per_unit": "300",
        "price_unit": "ML"
      }
    ]
  },
  {
    "source_url": "https://www.woolworths.com.au/shop/productdetails/716768/britex-spot-n-stain-remover",
    "name": "Britex Spot n Stain Remover 500ml",
    "image_url": "https://cdn1.woolworths.media/content/wowproductimages/large/716768.jpg",
    "source_id": "Woolworths - 716768",
    "barcode": "9331562000803",
    "shop": "Woolworths",
    "weight": "100ML",
    "prices": [
      {
        "state": "TAS",
        "price": "1000",
        "price_per_unit": "200",
        "price_unit": "ML"
      },
      {
        "state": "NT",
        "price": "1000",
        "price_per_unit": "200",
        "price_unit": "ML"
      }
    ]
  },
  {
    "source_url": "https://www.woolworths.com.au/shop/productdetails/716798/britex-urine-remover",
    "name": "Britex Urine Remover 500ml",
    "image_url": "https://cdn1.woolworths.media/content/wowproductimages/large/716798.jpg",
    "source_id": "Woolworths - 716798",
    "barcode": "9331562000704",
    "shop": "Woolworths",
    "weight": "100ML",
    "prices": [
      {
        "state": "TAS",
        "price": "1500",
        "price_per_unit": "300",
        "price_unit": "ML"
      },
      {
        "state": "NT",
        "price": "1500",
        "price_per_unit": "300",
        "price_unit": "ML"
      }
    ]
  },
  {
    "source_url": "https://www.woolworths.com.au/shop/productdetails/703745/black-decker-16wh-4-in-1-dustbuster",
    "name": "BLACK + DECKER 16Wh 4 In 1 Dustbuster Each",
    "image_url": "https://cdn1.woolworths.media/content/wowproductimages/large/703745.jpg",
    "source_id": "Woolworths - 703745",
    "barcode": "5035048677605",
    "shop": "Woolworths",
    "weight": "0",
    "prices": []
  },
  {
    "source_url": "https://www.woolworths.com.au/shop/productdetails/920576/black-decker-3-6v-lithium-dustbuster",
    "name": "BLACK + DECKER 3.6V Lithium Dustbuster each",
    "image_url": "https://cdn1.woolworths.media/content/wowproductimages/large/920576.jpg",
    "source_id": "Woolworths - 920576",
    "barcode": "5035048698013",
    "shop": "Woolworths",
    "weight": "0",
    "prices": []
  },
  {
    "source_url": "https://www.woolworths.com.au/shop/productdetails/67191/black-decker-bagless-vacuum-cleaner-1380w",
    "name": "BLACK + DECKER Bagless Vacuum Cleaner 1380W Each",
    "image_url": "https://cdn1.woolworths.media/content/wowproductimages/large/067191.jpg",
    "source_id": "Woolworths - 67191",
    "barcode": "5054905281120",
    "shop": "Woolworths",
    "weight": "0",
    "prices": []
  },
  {
    "source_url": "https://www.woolworths.com.au/shop/productdetails/68848/black-decker-steam-mop-1300w",
    "name": "BLACK + DECKER Steam Mop 1300W Each",
    "image_url": "https://cdn1.woolworths.media/content/wowproductimages/large/068848.jpg",
    "source_id": "Woolworths - 68848",
    "barcode": "5035048665985",
    "shop": "Woolworths",
    "weight": "0",
    "prices": []
  },
  {
    "source_url": "https://www.woolworths.com.au/shop/productdetails/215704/britex-carpet-upholstery-wipes",
    "name": "Britex Carpet & Upholstery Wipes 20 Pack",
    "image_url": "https://cdn1.woolworths.media/content/wowproductimages/large/215704.jpg",
    "source_id": "Woolworths - 215704",
    "barcode": "9331562001701",
    "shop": "Woolworths",
    "weight": "1EA",
    "prices": [
      {
        "state": "NT",
        "price": "700",
        "price_per_unit": "35",
        "price_unit": "EA"
      }
    ]
  },
  {
    "source_url": "https://www.woolworths.com.au/shop/productdetails/313271/mistral-cordless-handstick-vacuum-cleaner",
    "name": "Mistral Cordless Handstick Vacuum Cleaner Each",
    "image_url": "https://cdn1.woolworths.media/content/wowproductimages/large/313271.jpg",
    "source_id": "Woolworths - 313271",
    "barcode": "9311106558007",
    "shop": "Woolworths",
    "weight": "0",
    "prices": []
  }
]