[
  {
    "source_url": "https://www.woolworths.com.au/shop/productdetails/1075479773/abode-laundry-powder-blue-mallee-eucalyptus-1kg",
    "name": "Abode Laundry Powder Blue Mallee Eucalyptus 1kg",
    "image_url": "https://cdn1.woolworths.media/content/wowproductimages/large/1075479773.jpg",
    "source_id": "Woolworths - 1075479773",
    "barcode": null,
    "shop": "Woolworths",
    "weight": "1KG",
    "prices": [
      {
        "state": "NSW",
        "price": "1495",
        "price_per_unit": "1495",
        "price_unit": "KG"
      },
      {
        "state": "VIC",
        "price": "1495",
        "price_per_unit": "1495",
        "price_unit": "KG"
      },
      {
        "state": "QLD",
        "price": "1495",
        "price_per_unit": "1495",
        "price_unit": "KG"
      },
      {
        "state": "WA",
        "price": "1495",
        "price_per_unit": "1495",
        "price_unit": "KG"
      },
      {
        "state": "SA",
        "price": "1495",
        "price_per_unit": "1495",
        "price_unit": "KG"
      },
      {
        "state": "TAS",
        "price": "1495",
        "price_per_unit": "1495",
        "price_unit": "KG"
      },
      {
        "state": "ACT",
        "price": "1495",
        "price_per_unit": "1495",
        "price_unit": "KG"
      },
      {
        "state": "NT",
        "price": "1495",
        "price_per_unit": "1495",
        "price_unit": "KG"
      }
    ]
  },
  {
    "source_url": "https://www.woolworths.com.au/shop/productdetails/1075480533/abode-laundry-powder-eucalyptus-4kg",
    "name": "Abode Laundry Powder Eucalyptus 4kg",
    "image_url": "https://cdn1.woolworths.media/content/wowproductimages/large/1075480533.jpg",
    "source_id": "Woolworths - 1075480533",
    "barcode": null,
    "shop": "Woolworths",
    "weight": "1KG",
    "prices": [
      {
        "state": "NSW",
        "price": "5595",
        "price_per_unit": "1399",
        "price_unit": "KG"
      },
      {
        "state": "VIC",
        "price": "5595",
        "price_per_unit": "1399",
        "price_unit": "KG"
      },
      {
        "state": "QLD",
        "price": "5595",
        "price_per_unit": "1399",
        "price_unit": "KG"
      },
      {
        "state": "WA",
        "price": "5595",
        "price_per_unit": "1399",
        "price_unit": "KG"
      },
      {
        "state": "SA",
        "price": "5595",
        "price_per_unit": "1399",
        "price_unit": "KG"
      },
      {
        "state": "TAS",
        "price": "5595",
        "price_per_unit": "1399",
        "price_unit": "KG"
      },
      {
        "state": "ACT",
        "price": "5595",
        "price_per_unit": "1399",
        "price_unit": "KG"
      },
      {
        "state": "NT",
        "price": "5595",
        "price_per_unit": "1399",
        "price_unit": "KG"
      }
    ]
  },
  {
    "source_url": "https://www.woolworths.com.au/shop/productdetails/1075477055/abode-laundry-powder-lavender-mint-4kg",
    "name": "Abode Laundry Powder Lavender & Mint 4kg",
    "image_url": "https://cdn1.woolworths.media/content/wowproductimages/large/1075477055.jpg",
    "source_id": "Woolworths - 1075477055",
    "barcode": null,
    "shop": "Woolworths",
    "weight": "1KG",
    "prices": [
      {
        "state": "NSW",
        "price": "5595",
        "price_per_unit": "1399",
        "price_unit": "KG"
      },
      {
        "state": "VIC",
        "price": "5595",
        "price_per_unit": "1399",
        "price_unit": "KG"
      },
      {
        "state": "QLD",
        "price": "5595",
        "price_per_unit": "1399",
        "price_unit": "KG"
      },
      {
        "state": "WA",
        "price": "5595",
        "price_per_unit": "1399",
        "price_unit": "KG"
      },
      {
        "state": "SA",
        "price": "5595",
        "price_per_unit": "1399",
        "price_unit": "KG"
      },
      {
        "state": "TAS",
        "price": "5595",
        "price_per_unit": "1399",
        "price_unit": "KG"
      },
      {
        "state": "ACT",
        "price": "5595",
        "price_per_unit": "1399",
        "price_unit": "KG"
      },
      {
        "state": "NT",
        "price": "5595",
        "price_per_unit": "1399",
        "price_unit": "KG"
      }
    ]
  },
  {
    "source_url": "https://www.woolworths.com.au/shop/productdetails/1075479939/abode-laundry-powder-wild-lavender-and-mint-1kg",
    "name": "Abode Laundry Powder Wild Lavender and Mint 1kg",
    "image_url": "https://cdn1.woolworths.media/content/wowproductimages/large/1075479939.jpg",
    "source_id": "Woolworths - 1075479939",
    "barcode": null,
    "shop": "Woolworths",
    "weight": "1KG",
    "prices": [
      {
        "state": "NSW",
        "price": "1495",
        "price_per_unit": "1495",
        "price_unit": "KG"
      },
      {
        "state": "VIC",
        "price": "1495",
        "price_per_unit": "1495",
        "price_unit": "KG"
      },
      {
        "state": "QLD",
        "price": "1495",
        "price_per_unit": "1495",
        "price_unit": "KG"
      },
      {
        "state": "WA",
        "price": "1495",
        "price_per_unit": "1495",
        "price_unit": "KG"
      },
      {
        "state": "SA",
        "price": "1495",
        "price_per_unit": "1495",
        "price_unit": "KG"
      },
      {
        "state": "TAS",
        "price": "1495",
        "price_per_unit": "1495",
        "price_unit": "KG"
      },
      {
        "state": "ACT",
        "price": "1495",
        "price_per_unit": "1495",
        "price_unit": "KG"
      },
      {
        "state": "NT",
        "price": "1495",
        "price_per_unit": "1495",
        "price_unit": "KG"
      }
    ]
  },
  {
    "source_url": "https://www.woolworths.com.au/shop/productdetails/1075479976/abode-laundry-powder-zero-1kg",
    "name": "Abode Laundry Powder Zero 1kg",
    "image_url": "https://cdn1.woolworths.media/content/wowproductimages/large/1075479976.jpg",
    "source_id": "Woolworths - 1075479976",
    "barcode": null,
    "shop": "Woolworths",
    "weight": "1KG",
    "prices": [
      {
        "state": "NSW",
        "price": "1495",
        "price_per_unit": "1495",
        "price_unit": "KG"
      },
      {
        "state": "VIC",
        "price": "1495",
        "price_per_unit": "1495",
        "price_unit": "KG"
      },
      {
        "state": "QLD",
        "price": "1495",
        "price_per_unit": "1495",
        "price_unit": "KG"
      },
      {
        "state": "WA",
        "price": "1495",
        "price_per_unit": "1495",
        "price_unit": "KG"
      },
      {
        "state": "SA",
        "price": "1495",
        "price_per_unit": "1495",
        "price_unit": "KG"
      },
      {
        "state": "TAS",
        "price": "1495",
        "price_per_unit": "1495",
        "price_unit": "KG"
      },
      {
        "state": "ACT",
        "price": "1495",
        "price_per_unit": "1495",
        "price_unit": "KG"
      },
      {
        "state": "NT",
        "price": "1495",
        "price_per_unit": "1495",
        "price_unit": "KG"
      }
    ]
  },
  {
    "source_url": "https://www.woolworths.com.au/shop/productdetails/1075477998/abode-laundry-powder-zero-4kg",
    "name": "Abode Laundry Powder Zero 4kg",
    "image_url": "https://cdn1.woolworths.media/content/wowproductimages/large/1075477998.jpg",
    "source_id": "Woolworths - 1075477998",
    "barcode": null,
    "shop": "Woolworths",
    "weight": "1KG",
    "prices": [
      {
        "state": "NSW",
        "price": "5595",
        "price_per_unit": "1399",
        "price_unit": "KG"
      },
      {
        "state": "VIC",
        "price": "5595",
        "price_per_unit": "1399",
        "price_unit": "KG"
      },
      {
        "state": "QLD",
        "price": "5595",
        "price_per_unit": "1399",
        "price_unit": "KG"
      },
      {
        "state": "WA",
        "price": "5595",
        "price_per_unit": "1399",
        "price_unit": "KG"
      },
      {
        "state": "SA",
        "price": "5595",
        "price_per_unit": "1399",
        "price_unit": "KG"
      },
      {
        "state": "TAS",
        "price": "5595",
        "price_per_unit": "1399",
        "price_unit": "KG"
      },
      {
        "state": "ACT",
        "price": "5595",
        "price_per_unit": "1399",
        "price_unit": "KG"
      },
      {
        "state": "NT",
        "price": "5595",
        "price_per_unit": "1399",
        "price_unit": "KG"
      }
    ]
  },
  {
    "source_url": "https://www.woolworths.com.au/shop/productdetails/1075479975/abode-laundry-soaker-high-performance-1kg",
    "name": "Abode Laundry Soaker High Performance 1kg",
    "image_url": "https://cdn1.woolworths.media/content/wowproductimages/large/1075479975.jpg",
    "source_id": "Woolworths - 1075479975",
    "barcode": null,
    "shop": "Woolworths",
    "weight": "1KG",
    "prices": [
      {
        "state": "NSW",
        "price": "2495",
        "price_per_unit": "2495",
        "price_unit": "KG"
      },
      {
        "state": "VIC",
        "price": "2495",
        "price_per_unit": "2495",
        "price_unit": "KG"
      },
      {
        "state": "QLD",
        "price": "2495",
        "price_per_unit": "2495",
        "price_unit": "KG"
      },
      {
        "state": "WA",
        "price": "2495",
        "price_per_unit": "2495",
        "price_unit": "KG"
      },
      {
        "state": "SA",
        "price": "2495",
        "price_per_unit": "2495",
        "price_unit": "KG"
      },
      {
        "state": "TAS",
        "price": "2495",
        "price_per_unit": "2495",
        "price_unit": "KG"
      },
      {
        "state": "ACT",
        "price": "2495",
        "price_per_unit": "2495",
        "price_unit": "KG"
      },
      {
        "state": "NT",
        "price": "2495",
        "price_per_unit": "2495",
        "price_unit": "KG"
      }
    ]
  },
  {
    "source_url": "https://www.woolworths.com.au/shop/productdetails/1075345492/abode-laundry-soaker-high-performance-4kg",
    "name": "Abode Laundry Soaker High Performance 4kg",
    "image_url": "https://cdn1.woolworths.media/content/wowproductimages/large/1075345492.jpg",
    "source_id": "Woolworths - 1075345492",
    "barcode": null,
    "shop": "Woolworths",
    "weight": "1KG",
    "prices": [
      {
        "state": "NSW",
        "price": "7595",
        "price_per_unit": "1899",
        "price_unit": "KG"
      },
      {
        "state": "VIC",
        "price": "7595",
        "price_per_unit": "1899",
        "price_unit": "KG"
      },
      {
        "state": "QLD",
        "price": "7595",
        "price_per_unit": "1899",
        "price_unit": "KG"
      },
      {
        "state": "WA",
        "price": "7595",
        "price_per_unit": "1899",
        "price_unit": "KG"
      },
      {
        "state": "SA",
        "price": "7595",
        "price_per_unit": "1899",
        "price_unit": "KG"
      },
      {
        "state": "TAS",
        "price": "7595",
        "price_per_unit": "1899",
        "price_unit": "KG"
      },
      {
        "state": "ACT",
        "price": "7595",
        "price_per_unit": "1899",
        "price_unit": "KG"
      },
      {
        "state": "NT",
        "price": "7595",
        "price_per_unit": "1899",
        "price_unit": "KG"
      }
    ]
  },
  {
    "source_url": "https://www.woolworths.com.au/shop/productdetails/1075346013/abode-laundry-soaker-zero-4kg",
    "name": "Abode Laundry Soaker ZERO 4kg",
    "image_url": "https://cdn1.woolworths.media/content/wowproductimages/large/1075346013.jpg",
    "source_id": "Woolworths - 1075346013",
    "barcode": null,
    "shop": "Woolworths",
    "weight": "1KG",
    "prices": [
      {
        "state": "NSW",
        "price": "7595",
        "price_per_unit": "1899",
        "price_unit": "KG"
      },
      {
        "state": "VIC",
        "price": "7595",
        "price_per_unit": "1899",
        "price_unit": "KG"
      },
      {
        "state": "QLD",
        "price": "7595",
        "price_per_unit": "1899",
        "price_unit": "KG"
      },
      {
        "state": "WA",
        "price": "7595",
        "price_per_unit": "1899",
        "price_unit": "KG"
      },
      {
        "state": "SA",
        "price": "7595",
        "price_per_unit": "1899",
        "price_unit": "KG"
      },
      {
        "state": "TAS",
        "price": "7595",
        "price_per_unit": "1899",
        "price_unit": "KG"
      },
      {
        "state": "ACT",
        "price": "7595",
        "price_per_unit": "1899",
        "price_unit": "KG"
      },
      {
        "state": "NT",
        "price": "7595",
        "price_per_unit": "1899",
        "price_unit": "KG"
      }
    ]
  },
  {
    "source_url": "https://www.woolworths.com.au/shop/productdetails/1076333667/ariel-laundry-detergent-pods-3-in-1-100-pacs",
    "name": "Ariel Laundry Detergent Pods 3 in 1, 100 Pacs",
    "image_url": "https://cdn1.woolworths.media/content/wowproductimages/large/1076333667.jpg",
    "source_id": "Woolworths - 1076333667",
    "barcode": null,
    "shop": "Woolworths",
    "weight": "100EA",
    "prices": [
      {
        "state": "NSW",
        "price": "7839",
        "price_per_unit": "7839",
        "price_unit": "EA"
      },
      {
        "state": "VIC",
        "price": "7839",
        "price_per_unit": "7839",
        "price_unit": "EA"
      },
      {
        "state": "QLD",
        "price": "7839",
        "price_per_unit": "7839",
        "price_unit": "EA"
      },
      {
        "state": "WA",
        "price": "7839",
        "price_per_unit": "7839",
        "price_unit": "EA"
      },
      {
        "state": "SA",
        "price": "7839",
        "price_per_unit": "7839",
        "price_unit": "EA"
      },
      {
        "state": "ACT",
        "price": "7839",
        "price_per_unit": "7839",
        "price_unit": "EA"
      },
      {
        "state": "NT",
        "price": "7839",
        "price_per_unit": "7839",
        "price_unit": "EA"
      }
    ]
  },
  {
    "source_url": "https://www.woolworths.com.au/shop/productdetails/431171/biozet-attack-front-top-loader-laundry-powder",
    "name": "Biozet Attack Front & Top Loader Laundry Powder 2kg",
    "image_url": "https://cdn1.woolworths.media/content/wowproductimages/large/431171.jpg",
    "source_id": "Woolworths - 431171",
    "barcode": "4710363961103",
    "shop": "Woolworths",
    "weight": "1KG",
    "prices": [
      {
        "state": "NSW",
        "price": "1200",
        "price_per_unit": "600",
        "price_unit": "KG"
      },
      {
        "state": "VIC",
        "price": "1200",
        "price_per_unit": "600",
        "price_unit": "KG"
      },
      {
        "state": "QLD",
        "price": "1200",
        "price_per_unit": "600",
        "price_unit": "KG"
      },
      {
        "state": "WA",
        "price": "1200",
        "price_per_unit": "600",
        "price_unit": "KG"
      },
      {
        "state": "SA",
        "price": "1200",
        "price_per_unit": "600",
        "price_unit": "KG"
      },
      {
        "state": "TAS",
        "price": "1200",
        "price_per_unit": "600",
        "price_unit": "KG"
      },
      {
        "state": "ACT",
        "price": "1200",
        "price_per_unit": "600",
        "price_unit": "KG"
      },
      {
        "state": "NT",
        "price": "1260",
        "price_per_unit": "630",
        "price_unit": "KG"
      }
    ]
  },
  {
    "source_url": "https://www.woolworths.com.au/shop/productdetails/1074098373/biozet-attack-front-top-loader-laundry-powder-6kg",
    "name": "Biozet Attack Front & Top Loader Laundry Powder 6kg",
    "image_url": "https://cdn1.woolworths.media/content/wowproductimages/large/1074098373.jpg",
    "source_id": "Woolworths - 1074098373",
    "barcode": null,
    "shop": "Woolworths",
    "weight": "1KG",
    "prices": [
      {
        "state": "NSW",
        "price": "4200",
        "price_per_unit": "700",
        "price_unit": "KG"
      },
      {
        "state": "VIC",
        "price": "4200",
        "price_per_unit": "700",
        "price_unit": "KG"
      }
    ]
  },
  {
    "source_url": "https://www.woolworths.com.au/shop/productdetails/1074575294/biozet-attack-front-top-loader-laundry-powder-plus-softener-5-4kg",
    "name": "Biozet Attack Front & Top Loader Laundry Powder PLUS Softener 5.4kg",
    "image_url": "https://cdn1.woolworths.media/content/wowproductimages/large/1074575294.jpg",
    "source_id": "Woolworths - 1074575294",
    "barcode": null,
    "shop": "Woolworths",
    "weight": "1KG",
    "prices": [
      {
        "state": "NSW",
        "price": "4200",
        "price_per_unit": "778",
        "price_unit": "KG"
      },
      {
        "state": "VIC",
        "price": "4200",
        "price_per_unit": "778",
        "price_unit": "KG"
      }
    ]
  },
  {
    "source_url": "https://www.woolworths.com.au/shop/productdetails/595410/biozet-attack-laundry-powder-with-softener",
    "name": "Biozet Attack Laundry Powder With Softener 2kg",
    "image_url": "https://cdn1.woolworths.media/content/wowproductimages/large/595410.jpg",
    "source_id": "Woolworths - 595410",
    "barcode": "4710363961127",
    "shop": "Woolworths",
    "weight": "1KG",
    "prices": [
      {
        "state": "NSW",
        "price": "2600",
        "price_per_unit": "1300",
        "price_unit": "KG"
      },
      {
        "state": "VIC",
        "price": "2600",
        "price_per_unit": "1300",
        "price_unit": "KG"
      },
      {
        "state": "QLD",
        "price": "2600",
        "price_per_unit": "1300",
        "price_unit": "KG"
      },
      {
        "state": "WA",
        "price": "2600",
        "price_per_unit": "1300",
        "price_unit": "KG"
      },
      {
        "state": "SA",
        "price": "2600",
        "price_per_unit": "1300",
        "price_unit": "KG"
      },
      {
        "state": "TAS",
        "price": "2600",
        "price_per_unit": "1300",
        "price_unit": "KG"
      },
      {
        "state": "ACT",
        "price": "2600",
        "price_per_unit": "1300",
        "price_unit": "KG"
      },
      {
        "state": "NT",
        "price": "2720",
        "price_per_unit": "1360",
        "price_unit": "KG"
      }
    ]
  },
  {
    "source_url": "https://www.woolworths.com.au/shop/productdetails/802923/biozet-attack-plus-eliminator",
    "name": "Biozet Attack Plus Eliminator 2kg",
    "image_url": "https://cdn1.woolworths.media/content/wowproductimages/large/802923.jpg",
    "source_id": "Woolworths - 802923",
    "barcode": "4710363557009",
    "shop": "Woolworths",
    "weight": "1KG",
    "prices": [
      {
        "state": "NSW",
        "price": "2600",
        "price_per_unit": "1300",
        "price_unit": "KG"
      },
      {
        "state": "VIC",
        "price": "2600",
        "price_per_unit": "1300",
        "price_unit": "KG"
      },
      {
        "state": "QLD",
        "price": "2600",
        "price_per_unit": "1300",
        "price_unit": "KG"
      },
      {
        "state": "WA",
        "price": "2600",
        "price_per_unit": "1300",
        "price_unit": "KG"
      },
      {
        "state": "SA",
        "price": "2600",
        "price_per_unit": "1300",
        "price_unit": "KG"
      },
      {
        "state": "TAS",
        "price": "2600",
        "price_per_unit": "1300",
        "price_unit": "KG"
      },
      {
        "state": "ACT",
        "price": "2600",
        "price_per_unit": "1300",
        "price_unit": "KG"
      },
      {
        "state": "NT",
        "price": "2720",
        "price_per_unit": "1360",
        "price_unit": "KG"
      }
    ]
  },
  {
    "source_url": "https://www.woolworths.com.au/shop/productdetails/1074709621/bosisto-s-10kg-laundry-powder-sensitive-bosisto-s-bulk-eco-eucalyptus-washing-detergent",
    "name": "Bosisto's 10Kg Laundry Powder Sensitive Bosisto's Bulk Eco Eucalyptus Washing Detergent",
    "image_url": "https://cdn1.woolworths.media/content/wowproductimages/large/1074709621.jpg",
    "source_id": "Woolworths - 1074709621",
    "barcode": null,
    "shop": "Woolworths",
    "weight": "100KG",
    "prices": [
      {
        "state": "NSW",
        "price": "22999",
        "price_per_unit": "229990",
        "price_unit": "KG"
      },
      {
        "state": "VIC",
        "price": "22999",
        "price_per_unit": "229990",
        "price_unit": "KG"
      }
    ]
  },
  {
    "source_url": "https://www.woolworths.com.au/shop/productdetails/702103/bosisto-s-sensitive-laundry-powder",
    "name": "Bosisto's Sensitive Laundry Powder 1kg",
    "image_url": "https://cdn1.woolworths.media/content/wowproductimages/large/702103.jpg",
    "source_id": "Woolworths - 702103",
    "barcode": "9300710002013",
    "shop": "Woolworths",
    "weight": "1KG",
    "prices": [
      {
        "state": "NSW",
        "price": "950",
        "price_per_unit": "950",
        "price_unit": "KG"
      },
      {
        "state": "VIC",
        "price": "950",
        "price_per_unit": "950",
        "price_unit": "KG"
      },
      {
        "state": "QLD",
        "price": "950",
        "price_per_unit": "950",
        "price_unit": "KG"
      },
      {
        "state": "WA",
        "price": "950",
        "price_per_unit": "950",
        "price_unit": "KG"
      },
      {
        "state": "SA",
        "price": "950",
        "price_per_unit": "950",
        "price_unit": "KG"
      },
      {
        "state": "TAS",
        "price": "950",
        "price_per_unit": "950",
        "price_unit": "KG"
      },
      {
        "state": "ACT",
        "price": "950",
        "price_per_unit": "950",
        "price_unit": "KG"
      },
      {
        "state": "NT",
        "price": "990",
        "price_per_unit": "990",
        "price_unit": "KG"
      }
    ]
  },
  {
    "source_url": "https://www.woolworths.com.au/shop/productdetails/184425/clean-laundry-powder-lemon-fresh",
    "name": "Clean Laundry Powder Lemon Fresh 4kg",
    "image_url": "https://cdn1.woolworths.media/content/wowproductimages/large/184425.jpg",
    "source_id": "Woolworths - 184425",
    "barcode": "9339687276967",
    "shop": "Woolworths",
    "weight": "1KG",
    "prices": [
      {
        "state": "NSW",
        "price": "500",
        "price_per_unit": "125",
        "price_unit": "KG"
      },
      {
        "state": "VIC",
        "price": "500",
        "price_per_unit": "125",
        "price_unit": "KG"
      },
      {
        "state": "QLD",
        "price": "500",
        "price_per_unit": "125",
        "price_unit": "KG"
      },
      {
        "state": "WA",
        "price": "500",
        "price_per_unit": "125",
        "price_unit": "KG"
      },
      {
        "state": "SA",
        "price": "500",
        "price_per_unit": "125",
        "price_unit": "KG"
      },
      {
        "state": "TAS",
        "price": "500",
        "price_per_unit": "125",
        "price_unit": "KG"
      },
      {
        "state": "ACT",
        "price": "500",
        "price_per_unit": "125",
        "price_unit": "KG"
      },
      {
        "state": "NT",
        "price": "500",
        "price_per_unit": "125",
        "price_unit": "KG"
      }
    ]
  },
  {
    "source_url": "https://www.woolworths.com.au/shop/productdetails/184427/clean-laundry-powder-tropical-bloom",
    "name": "Clean Laundry Powder Tropical Bloom 2kg",
    "image_url": "https://cdn1.woolworths.media/content/wowproductimages/large/184427.jpg",
    "source_id": "Woolworths - 184427",
    "barcode": "9339687276998",
    "shop": "Woolworths",
    "weight": "1KG",
    "prices": [
      {
        "state": "NSW",
        "price": "620",
        "price_per_unit": "310",
        "price_unit": "KG"
      },
      {
        "state": "VIC",
        "price": "620",
        "price_per_unit": "310",
        "price_unit": "KG"
      },
      {
        "state": "QLD",
        "price": "620",
        "price_per_unit": "310",
        "price_unit": "KG"
      },
      {
        "state": "WA",
        "price": "620",
        "price_per_unit": "310",
        "price_unit": "KG"
      },
      {
        "state": "SA",
        "price": "620",
        "price_per_unit": "310",
        "price_unit": "KG"
      },
      {
        "state": "TAS",
        "price": "620",
        "price_per_unit": "310",
        "price_unit": "KG"
      },
      {
        "state": "ACT",
        "price": "620",
        "price_per_unit": "310",
        "price_unit": "KG"
      },
      {
        "state": "NT",
        "price": "620",
        "price_per_unit": "310",
        "price_unit": "KG"
      }
    ]
  },
  {
    "source_url": "https://www.woolworths.com.au/shop/productdetails/1075530989/cleaner-days-laundry-detergent-sheets-fragrance-free-60-pack",
    "name": "Cleaner Days Laundry Detergent Sheets - Fragrance Free 60 Pack",
    "image_url": "https://cdn1.woolworths.media/content/wowproductimages/large/1075530989.jpg",
    "source_id": "Woolworths - 1075530989",
    "barcode": null,
    "shop": "Woolworths",
    "weight": "100EA",
    "prices": [
      {
        "state": "NSW",
        "price": "1695",
        "price_per_unit": "2825",
        "price_unit": "EA"
      },
      {
        "state": "VIC",
        "price": "1695",
        "price_per_unit": "2825",
        "price_unit": "EA"
      }
    ]
  },
  {
    "source_url": "https://www.woolworths.com.au/shop/productdetails/1075536512/cleaner-days-laundry-detergent-sheets-lemon-eucalyptus-60-pack",
    "name": "Cleaner Days Laundry Detergent Sheets - Lemon + Eucalyptus 60 Pack",
    "image_url": "https://cdn1.woolworths.media/content/wowproductimages/large/1075536512.jpg",
    "source_id": "Woolworths - 1075536512",
    "barcode": null,
    "shop": "Woolworths",
    "weight": "100ML",
    "prices": [
      {
        "state": "NSW",
        "price": "1695",
        "price_per_unit": "5650",
        "price_unit": "ML"
      },
      {
        "state": "VIC",
        "price": "1695",
        "price_per_unit": "5650",
        "price_unit": "ML"
      }
    ]
  },
  {
    "source_url": "https://www.woolworths.com.au/shop/productdetails/88522/cold-power-advanced-clean-laundry-washing-powder-detergent",
    "name": "Cold Power Advanced Clean Laundry Washing Powder Detergent 2kg",
    "image_url": "https://cdn1.woolworths.media/content/wowproductimages/large/088522.jpg",
    "source_id": "Woolworths - 88522",
    "barcode": "9350376004524",
    "shop": "Woolworths",
    "weight": "1KG",
    "prices": [
      {
        "state": "NSW",
        "price": "2400",
        "price_per_unit": "1200",
        "price_unit": "KG"
      },
      {
        "state": "VIC",
        "price": "2400",
        "price_per_unit": "1200",
        "price_unit": "KG"
      },
      {
        "state": "QLD",
        "price": "2400",
        "price_per_unit": "1200",
        "price_unit": "KG"
      },
      {
        "state": "WA",
        "price": "2400",
        "price_per_unit": "1200",
        "price_unit": "KG"
      },
      {
        "state": "SA",
        "price": "2400",
        "price_per_unit": "1200",
        "price_unit": "KG"
      },
      {
        "state": "TAS",
        "price": "2400",
        "price_per_unit": "1200",
        "price_unit": "KG"
      },
      {
        "state": "ACT",
        "price": "2400",
        "price_per_unit": "1200",
        "price_unit": "KG"
      },
      {
        "state": "NT",
        "price": "2400",
        "price_per_unit": "1200",
        "price_unit": "KG"
      }
    ]
  },
  {
    "source_url": "https://www.woolworths.com.au/shop/productdetails/86941/cold-power-sensitive-laundry-washing-powder-detergent",
    "name": "Cold Power Sensitive Laundry Washing Powder Detergent 2kg",
    "image_url": "https://cdn1.woolworths.media/content/wowproductimages/large/086941.jpg",
    "source_id": "Woolworths - 86941",
    "barcode": "9350376004579",
    "shop": "Woolworths",
    "weight": "1KG",
    "prices": [
      {
        "state": "NSW",
        "price": "2400",
        "price_per_unit": "1200",
        "price_unit": "KG"
      },
      {
        "state": "VIC",
        "price": "2400",
        "price_per_unit": "1200",
        "price_unit": "KG"
      },
      {
        "state": "QLD",
        "price": "2400",
        "price_per_unit": "1200",
        "price_unit": "KG"
      },
      {
        "state": "WA",
        "price": "2400",
        "price_per_unit": "1200",
        "price_unit": "KG"
      },
      {
        "state": "TAS",
        "price": "2400",
        "price_per_unit": "1200",
        "price_unit": "KG"
      },
      {
        "state": "ACT",
        "price": "2400",
        "price_per_unit": "1200",
        "price_unit": "KG"
      },
      {
        "state": "NT",
        "price": "2400",
        "price_per_unit": "1200",
        "price_unit": "KG"
      }
    ]
  },
  {
    "source_url": "https://www.woolworths.com.au/shop/productdetails/1074296168/diversey-laundry-powder-7-5-kg-bucket-eucalyptus",
    "name": "Diversey Laundry Powder 7.5 kg Bucket Eucalyptus",
    "image_url": "https://cdn1.woolworths.media/content/wowproductimages/large/1074296168.jpg",
    "source_id": "Woolworths - 1074296168",
    "barcode": null,
    "shop": "Woolworths",
    "weight": null,
    "prices": []
  },
  {
    "source_url": "https://www.woolworths.com.au/shop/productdetails/1074296030/diversey-optimo-laundry-powder-bucket-10kg",
    "name": "Diversey Optimo Laundry Powder Bucket 10kg",
    "image_url": "https://cdn1.woolworths.media/content/wowproductimages/large/1074296030.jpg",
    "source_id": "Woolworths - 1074296030",
    "barcode": null,
    "shop": "Woolworths",
    "weight": null,
    "prices": []
  },
  {
    "source_url": "https://www.woolworths.com.au/shop/productdetails/1073950349/duo-laundry-powder-detergent-cleans-cares-5kg-fragrance-free",
    "name": "Duo Laundry Powder Detergent Cleans & Cares 5kg - Fragrance Free",
    "image_url": "https://cdn1.woolworths.media/content/wowproductimages/large/1073950349.jpg",
    "source_id": "Woolworths - 1073950349",
    "barcode": null,
    "shop": "Woolworths",
    "weight": "1KG",
    "prices": [
      {
        "state": "NSW",
        "price": "1700",
        "price_per_unit": "340",
        "price_unit": "KG"
      },
      {
        "state": "VIC",
        "price": "1700",
        "price_per_unit": "340",
        "price_unit": "KG"
      }
    ]
  },
  {
    "source_url": "https://www.woolworths.com.au/shop/productdetails/780318/earth-choice-front-loader-laundry-powder",
    "name": "Earth Choice Front Loader Laundry Powder 2kg",
    "image_url": "https://cdn1.woolworths.media/content/wowproductimages/large/780318.jpg",
    "source_id": "Woolworths - 780318",
    "barcode": "9310692122128",
    "shop": "Woolworths",
    "weight": "1KG",
    "prices": [
      {
        "state": "NSW",
        "price": "1600",
        "price_per_unit": "800",
        "price_unit": "KG"
      },
      {
        "state": "VIC",
        "price": "1600",
        "price_per_unit": "800",
        "price_unit": "KG"
      },
      {
        "state": "QLD",
        "price": "1600",
        "price_per_unit": "800",
        "price_unit": "KG"
      },
      {
        "state": "WA",
        "price": "1600",
        "price_per_unit": "800",
        "price_unit": "KG"
      },
      {
        "state": "SA",
        "price": "1600",
        "price_per_unit": "800",
        "price_unit": "KG"
      },
      {
        "state": "TAS",
        "price": "1600",
        "price_per_unit": "800",
        "price_unit": "KG"
      },
      {
        "state": "ACT",
        "price": "1600",
        "price_per_unit": "800",
        "price_unit": "KG"
      },
      {
        "state": "NT",
        "price": "1680",
        "price_per_unit": "840",
        "price_unit": "KG"
      }
    ]
  },
  {
    "source_url": "https://www.woolworths.com.au/shop/productdetails/1076223506/eco-clean-colour-catcher-72-sheets-prevents-colour-runs",
    "name": "Eco-Clean Colour Catcher 72 sheets Prevents Colour Runs",
    "image_url": "https://cdn1.woolworths.media/content/wowproductimages/large/1076223506.jpg",
    "source_id": "Woolworths - 1076223506",
    "barcode": null,
    "shop": "Woolworths",
    "weight": "1EA",
    "prices": [
      {
        "state": "NSW",
        "price": "2000",
        "price_per_unit": "2000",
        "price_unit": "EA"
      },
      {
        "state": "VIC",
        "price": "2000",
        "price_per_unit": "2000",
        "price_unit": "EA"
      }
    ]
  },
  {
    "source_url": "https://www.woolworths.com.au/shop/productdetails/715821/ecostore-laundry-powder-lemon",
    "name": "Ecostore Laundry Powder Lemon 1kg",
    "image_url": "https://cdn1.woolworths.media/content/wowproductimages/large/715821.jpg",
    "source_id": "Woolworths - 715821",
    "barcode": "9420015010084",
    "shop": "Woolworths",
    "weight": "1KG",
    "prices": [
      {
        "state": "NSW",
        "price": "1050",
        "price_per_unit": "1050",
        "price_unit": "KG"
      },
      {
        "state": "VIC",
        "price": "1050",
        "price_per_unit": "1050",
        "price_unit": "KG"
      },
      {
        "state": "QLD",
        "price": "1050",
        "price_per_unit": "1050",
        "price_unit": "KG"
      },
      {
        "state": "WA",
        "price": "1050",
        "price_per_unit": "1050",
        "price_unit": "KG"
      },
      {
        "state": "SA",
        "price": "1050",
        "price_per_unit": "1050",
        "price_unit": "KG"
      },
      {
        "state": "TAS",
        "price": "1050",
        "price_per_unit": "1050",
        "price_unit": "KG"
      },
      {
        "state": "ACT",
        "price": "1050",
        "price_per_unit": "1050",
        "price_unit": "KG"
      },
      {
        "state": "NT",
        "price": "1100",
        "price_per_unit": "1100",
        "price_unit": "KG"
      }
    ]
  },
  {
    "source_url": "https://www.woolworths.com.au/shop/productdetails/1074129217/envirocare-earth-laundry-detergent-strip-lavender-bulk-buy-6-packs-",
    "name": "envirocare earth Laundry Detergent Strip Lavender Bulk Buy (6 Packs)",
    "image_url": "https://cdn1.woolworths.media/content/wowproductimages/large/1074129217.jpg",
    "source_id": "Woolworths - 1074129217",
    "barcode": null,
    "shop": "Woolworths",
    "weight": "1EA",
    "prices": [
      {
        "state": "NSW",
        "price": "13210",
        "price_per_unit": "2202",
        "price_unit": "EA"
      },
      {
        "state": "VIC",
        "price": "13210",
        "price_per_unit": "2202",
        "price_unit": "EA"
      }
    ]
  },
  {
    "source_url": "https://www.woolworths.com.au/shop/productdetails/1074129197/envirocare-earth-laundry-detergent-strips-lavender",
    "name": "envirocare earth Laundry Detergent Strips LAVENDER",
    "image_url": "https://cdn1.woolworths.media/content/wowproductimages/large/1074129197.jpg",
    "source_id": "Woolworths - 1074129197",
    "barcode": null,
    "shop": "Woolworths",
    "weight": "100EA",
    "prices": []
  },
  {
    "source_url": "https://www.woolworths.com.au/shop/productdetails/657424/fab-laundry-washing-powder-fresh-blossoms",
    "name": "Fab Laundry Washing Powder Fresh Blossoms 2kg",
    "image_url": "https://cdn1.woolworths.media/content/wowproductimages/large/657424.jpg",
    "source_id": "Woolworths - 657424",
    "barcode": "9350376000472",
    "shop": "Woolworths",
    "weight": "1KG",
    "prices": [
      {
        "state": "NSW",
        "price": "900",
        "price_per_unit": "450",
        "price_unit": "KG"
      },
      {
        "state": "VIC",
        "price": "900",
        "price_per_unit": "450",
        "price_unit": "KG"
      },
      {
        "state": "QLD",
        "price": "900",
        "price_per_unit": "450",
        "price_unit": "KG"
      },
      {
        "state": "WA",
        "price": "900",
        "price_per_unit": "450",
        "price_unit": "KG"
      },
      {
        "state": "SA",
        "price": "900",
        "price_per_unit": "450",
        "price_unit": "KG"
      },
      {
        "state": "TAS",
        "price": "900",
        "price_per_unit": "450",
        "price_unit": "KG"
      },
      {
        "state": "ACT",
        "price": "900",
        "price_per_unit": "450",
        "price_unit": "KG"
      },
      {
        "state": "NT",
        "price": "900",
        "price_per_unit": "450",
        "price_unit": "KG"
      }
    ]
  },
  {
    "source_url": "https://www.woolworths.com.au/shop/productdetails/880018/fab-laundry-washing-powder-fresh-frangipani",
    "name": "Fab Laundry Washing Powder Fresh Frangipani 1kg",
    "image_url": "https://cdn1.woolworths.media/content/wowproductimages/large/880018.jpg",
    "source_id": "Woolworths - 880018",
    "barcode": "9350376000533",
    "shop": "Woolworths",
    "weight": "1KG",
    "prices": [
      {
        "state": "NSW",
        "price": "650",
        "price_per_unit": "650",
        "price_unit": "KG"
      },
      {
        "state": "VIC",
        "price": "650",
        "price_per_unit": "650",
        "price_unit": "KG"
      },
      {
        "state": "QLD",
        "price": "650",
        "price_per_unit": "650",
        "price_unit": "KG"
      },
      {
        "state": "WA",
        "price": "650",
        "price_per_unit": "650",
        "price_unit": "KG"
      },
      {
        "state": "SA",
        "price": "650",
        "price_per_unit": "650",
        "price_unit": "KG"
      },
      {
        "state": "TAS",
        "price": "650",
        "price_per_unit": "650",
        "price_unit": "KG"
      },
      {
        "state": "ACT",
        "price": "650",
        "price_per_unit": "650",
        "price_unit": "KG"
      },
      {
        "state": "NT",
        "price": "680",
        "price_per_unit": "680",
        "price_unit": "KG"
      }
    ]
  },
  {
    "source_url": "https://www.woolworths.com.au/shop/productdetails/880026/fab-laundry-washing-powder-fresh-frangipani",
    "name": "Fab Laundry Washing Powder Fresh Frangipani 4kg",
    "image_url": "https://cdn1.woolworths.media/content/wowproductimages/large/880026.jpg",
    "source_id": "Woolworths - 880026",
    "barcode": "9300632086641",
    "shop": "Woolworths",
    "weight": "1KG",
    "prices": [
      {
        "state": "NSW",
        "price": "1650",
        "price_per_unit": "413",
        "price_unit": "KG"
      },
      {
        "state": "VIC",
        "price": "1650",
        "price_per_unit": "413",
        "price_unit": "KG"
      },
      {
        "state": "QLD",
        "price": "1650",
        "price_per_unit": "413",
        "price_unit": "KG"
      },
      {
        "state": "WA",
        "price": "1650",
        "price_per_unit": "413",
        "price_unit": "KG"
      },
      {
        "state": "SA",
        "price": "1650",
        "price_per_unit": "413",
        "price_unit": "KG"
      },
      {
        "state": "TAS",
        "price": "1650",
        "price_per_unit": "413",
        "price_unit": "KG"
      },
      {
        "state": "ACT",
        "price": "1650",
        "price_per_unit": "413",
        "price_unit": "KG"
      },
      {
        "state": "NT",
        "price": "1650",
        "price_per_unit": "413",
        "price_unit": "KG"
      }
    ]
  },
  {
    "source_url": "https://www.woolworths.com.au/shop/productdetails/1074979159/full-circle-anti-static-dryer-balls-grey-3pc-8cm",
    "name": "Full Circle Anti Static Dryer Balls - Grey 3pc 8cm",
    "image_url": "https://cdn1.woolworths.media/content/wowproductimages/large/1074979159.jpg",
    "source_id": "Woolworths - 1074979159",
    "barcode": null,
    "shop": "Woolworths",
    "weight": "1EA",
    "prices": [
      {
        "state": "NSW",
        "price": "4230",
        "price_per_unit": "4230",
        "price_unit": "EA"
      },
      {
        "state": "VIC",
        "price": "4230",
        "price_per_unit": "4230",
        "price_unit": "EA"
      }
    ]
  },
  {
    "source_url": "https://www.woolworths.com.au/shop/productdetails/1074979160/full-circle-anti-static-lint-removing-mitt-grey-2pk-19cm",
    "name": "Full Circle Anti Static Lint Removing Mitt - Grey 2PK 19cm",
    "image_url": "https://cdn1.woolworths.media/content/wowproductimages/large/1074979160.jpg",
    "source_id": "Woolworths - 1074979160",
    "barcode": null,
    "shop": "Woolworths",
    "weight": "1EA",
    "prices": [
      {
        "state": "NSW",
        "price": "3900",
        "price_per_unit": "1950",
        "price_unit": "EA"
      },
      {
        "state": "VIC",
        "price": "3900",
        "price_per_unit": "1950",
        "price_unit": "EA"
      }
    ]
  },
  {
    "source_url": "https://www.woolworths.com.au/shop/productdetails/1075579799/future-normal-laundry-detergent-sheets-fragrance-free-60-loads-1-pack",
    "name": "Future Normal Laundry Detergent Sheets Fragrance Free 60 Loads 1 Pack",
    "image_url": "https://cdn1.woolworths.media/content/wowproductimages/large/1075579799.jpg",
    "source_id": "Woolworths - 1075579799",
    "barcode": null,
    "shop": "Woolworths",
    "weight": "1EA",
    "prices": [
      {
        "state": "NSW",
        "price": "1995",
        "price_per_unit": "1995",
        "price_unit": "EA"
      },
      {
        "state": "VIC",
        "price": "1995",
        "price_per_unit": "1995",
        "price_unit": "EA"
      }
    ]
  },
  {
    "source_url": "https://www.woolworths.com.au/shop/productdetails/1075579800/future-normal-laundry-detergent-sheets-fragrance-free-60-loads-2-packs",
    "name": "Future Normal Laundry Detergent Sheets Fragrance Free 60 Loads 2 Packs",
    "image_url": "https://cdn1.woolworths.media/content/wowproductimages/large/1075579800.jpg",
    "source_id": "Woolworths - 1075579800",
    "barcode": null,
    "shop": "Woolworths",
    "weight": "1EA",
    "prices": [
      {
        "state": "NSW",
        "price": "2495",
        "price_per_unit": "1248",
        "price_unit": "EA"
      },
      {
        "state": "VIC",
        "price": "2495",
        "price_per_unit": "1248",
        "price_unit": "EA"
      }
    ]
  },
  {
    "source_url": "https://www.woolworths.com.au/shop/productdetails/1075579801/future-normal-laundry-detergent-sheets-fragrance-free-60-loads-3-packs",
    "name": "Future Normal Laundry Detergent Sheets Fragrance Free 60 Loads 3 Packs",
    "image_url": "https://cdn1.woolworths.media/content/wowproductimages/large/1075579801.jpg",
    "source_id": "Woolworths - 1075579801",
    "barcode": null,
    "shop": "Woolworths",
    "weight": "1EA",
    "prices": [
      {
        "state": "NSW",
        "price": "2995",
        "price_per_unit": "998",
        "price_unit": "EA"
      },
      {
        "state": "VIC",
        "price": "2995",
        "price_per_unit": "998",
        "price_unit": "EA"
      }
    ]
  },
  {
    "source_url": "https://www.woolworths.com.au/shop/productdetails/1074546428/green-bubble-biodegradable-laundry-detergent-sheets-32-loads",
    "name": "Green Bubble Biodegradable Laundry Detergent Sheets 32 Loads",
    "image_url": "https://cdn1.woolworths.media/content/wowproductimages/large/1074546428.jpg",
    "source_id": "Woolworths - 1074546428",
    "barcode": null,
    "shop": "Woolworths",
    "weight": "1EA",
    "prices": []
  },
  {
    "source_url": "https://www.woolworths.com.au/shop/productdetails/1074335421/livingstone-laundry-nappy-soaker-5kg-each",
    "name": "Livingstone Laundry Nappy Soaker 5kg Each",
    "image_url": "https://cdn1.woolworths.media/content/wowproductimages/large/1074335421.jpg",
    "source_id": "Woolworths - 1074335421",
    "barcode": null,
    "shop": "Woolworths",
    "weight": "1KG",
    "prices": [
      {
        "state": "NSW",
        "price": "7900",
        "price_per_unit": "1580",
        "price_unit": "KG"
      },
      {
        "state": "VIC",
        "price": "7900",
        "price_per_unit": "1580",
        "price_unit": "KG"
      }
    ]
  },
  {
    "source_url": "https://www.woolworths.com.au/shop/productdetails/1074335392/livingstone-laundry-powder-20kg-lemon-scent-each",
    "name": "Livingstone Laundry Powder 20kg Lemon Scent Each",
    "image_url": "https://cdn1.woolworths.media/content/wowproductimages/large/1074335392.jpg",
    "source_id": "Woolworths - 1074335392",
    "barcode": null,
    "shop": "Woolworths",
    "weight": "1KG",
    "prices": [
      {
        "state": "NSW",
        "price": "15900",
        "price_per_unit": "795",
        "price_unit": "KG"
      },
      {
        "state": "VIC",
        "price": "15900",
        "price_per_unit": "795",
        "price_unit": "KG"
      }
    ]
  },
  {
    "source_url": "https://www.woolworths.com.au/shop/productdetails/1074165490/livingstone-laundry-powder-classic-lemon-5kg-x5",
    "name": "Livingstone Laundry Powder Classic Lemon 5kg x5",
    "image_url": "https://cdn1.woolworths.media/content/wowproductimages/large/1074165490.jpg",
    "source_id": "Woolworths - 1074165490",
    "barcode": null,
    "shop": "Woolworths",
    "weight": "1EA",
    "prices": [
      {
        "state": "NSW",
        "price": "15750",
        "price_per_unit": "3150",
        "price_unit": "EA"
      },
      {
        "state": "VIC",
        "price": "15750",
        "price_per_unit": "3150",
        "price_unit": "EA"
      }
    ]
  },
  {
    "source_url": "https://www.woolworths.com.au/shop/productdetails/1074335400/livingstone-laundry-powder-premium-enzyme-20kg-each",
    "name": "Livingstone Laundry Powder Premium Enzyme 20kg Each",
    "image_url": "https://cdn1.woolworths.media/content/wowproductimages/large/1074335400.jpg",
    "source_id": "Woolworths - 1074335400",
    "barcode": null,
    "shop": "Woolworths",
    "weight": "1KG",
    "prices": [
      {
        "state": "NSW",
        "price": "19900",
        "price_per_unit": "995",
        "price_unit": "KG"
      },
      {
        "state": "VIC",
        "price": "19900",
        "price_per_unit": "995",
        "price_unit": "KG"
      }
    ]
  },
  {
    "source_url": "https://www.woolworths.com.au/shop/productdetails/1074335397/livingstone-laundry-powder-premium-enzyme-5kg-each",
    "name": "Livingstone Laundry Powder Premium Enzyme 5kg Each",
    "image_url": "https://cdn1.woolworths.media/content/wowproductimages/large/1074335397.jpg",
    "source_id": "Woolworths - 1074335397",
    "barcode": null,
    "shop": "Woolworths",
    "weight": "1EA",
    "prices": [
      {
        "state": "NSW",
        "price": "7900",
        "price_per_unit": "7900",
        "price_unit": "EA"
      },
      {
        "state": "VIC",
        "price": "7900",
        "price_per_unit": "7900",
        "price_unit": "EA"
      }
    ]
  },
  {
    "source_url": "https://www.woolworths.com.au/shop/productdetails/1076052429/northfork-laundry-powder-lemongrass-15kg-",
    "name": "Northfork Laundry Powder Lemongrass (15kg)",
    "image_url": "https://cdn1.woolworths.media/content/wowproductimages/large/1076052429.jpg",
    "source_id": "Woolworths - 1076052429",
    "barcode": null,
    "shop": "Woolworths",
    "weight": "1EA",
    "prices": [
      {
        "state": "NSW",
        "price": "11495",
        "price_per_unit": "11495",
        "price_unit": "EA"
      },
      {
        "state": "VIC",
        "price": "11495",
        "price_per_unit": "11495",
        "price_unit": "EA"
      }
    ]
  },
  {
    "source_url": "https://www.woolworths.com.au/shop/productdetails/1074325728/omo-3-in-1-laundry-liquid-capsules-detergent-fresh-eucalyptus-6pk-15pc",
    "name": "OMO 3 In 1 Laundry Liquid Capsules Detergent Fresh Eucalyptus 6PK 15pc",
    "image_url": "https://cdn1.woolworths.media/content/wowproductimages/large/1074325728.jpg",
    "source_id": "Woolworths - 1074325728",
    "barcode": null,
    "shop": "Woolworths",
    "weight": "1EA",
    "prices": [
      {
        "state": "NSW",
        "price": "6210",
        "price_per_unit": "1035",
        "price_unit": "EA"
      },
      {
        "state": "VIC",
        "price": "6210",
        "price_per_unit": "1035",
        "price_unit": "EA"
      }
    ]
  },
  {
    "source_url": "https://www.woolworths.com.au/shop/productdetails/1075546881/omo-3-in-1-laundry-capsules-fresh-eucalyptus-front-top-loader-3pk-28pc",
    "name": "OMO 3-In-1 Laundry Capsules Fresh Eucalyptus Front & Top Loader 3PK 28pc",
    "image_url": "https://cdn1.woolworths.media/content/wowproductimages/large/1075546881.jpg",
    "source_id": "Woolworths - 1075546881",
    "barcode": null,
    "shop": "Woolworths",
    "weight": "1EA",
    "prices": [
      {
        "state": "NSW",
        "price": "5310",
        "price_per_unit": "1770",
        "price_unit": "EA"
      },
      {
        "state": "VIC",
        "price": "5310",
        "price_per_unit": "1770",
        "price_unit": "EA"
      }
    ]
  },
  {
    "source_url": "https://www.woolworths.com.au/shop/productdetails/1074680340/omo-336-x-3-in-1-front-top-loader-laundry-capsules-fresh-eucalyptus-12-x-28-pack-",
    "name": "Omo 336 x 3-In-1 Front & Top Loader Laundry Capsules Fresh Eucalyptus (12 x 28 Pack)",
    "image_url": "https://cdn1.woolworths.media/content/wowproductimages/large/1074680340.jpg",
    "source_id": "Woolworths - 1074680340",
    "barcode": null,
    "shop": "Woolworths",
    "weight": "1EA",
    "prices": [
      {
        "state": "NSW",
        "price": "13500",
        "price_per_unit": "1125",
        "price_unit": "EA"
      },
      {
        "state": "VIC",
        "price": "13500",
        "price_per_unit": "1125",
        "price_unit": "EA"
      }
    ]
  },
  {
    "source_url": "https://www.woolworths.com.au/shop/productdetails/430650/omo-active-clean-washing-powder-front-top-loader",
    "name": "OMO Active Clean Washing Powder Front & Top Loader 2kg",
    "image_url": "https://cdn1.woolworths.media/content/wowproductimages/large/430650.jpg",
    "source_id": "Woolworths - 430650",
    "barcode": "9300830033959",
    "shop": "Woolworths",
    "weight": "1KG",
    "prices": [
      {
        "state": "NSW",
        "price": "2800",
        "price_per_unit": "1400",
        "price_unit": "KG"
      },
      {
        "state": "VIC",
        "price": "2800",
        "price_per_unit": "1400",
        "price_unit": "KG"
      },
      {
        "state": "QLD",
        "price": "2800",
        "price_per_unit": "1400",
        "price_unit": "KG"
      },
      {
        "state": "WA",
        "price": "2800",
        "price_per_unit": "1400",
        "price_unit": "KG"
      },
      {
        "state": "SA",
        "price": "2800",
        "price_per_unit": "1400",
        "price_unit": "KG"
      },
      {
        "state": "TAS",
        "price": "2800",
        "price_per_unit": "1400",
        "price_unit": "KG"
      },
      {
        "state": "ACT",
        "price": "2800",
        "price_per_unit": "1400",
        "price_unit": "KG"
      },
      {
        "state": "NT",
        "price": "2800",
        "price_per_unit": "1400",
        "price_unit": "KG"
      }
    ]
  },
  {
    "source_url": "https://www.woolworths.com.au/shop/productdetails/462700/omo-sensitive-washing-powder",
    "name": "OMO Sensitive Washing Powder 1 kg",
    "image_url": "https://cdn1.woolworths.media/content/wowproductimages/large/462700.jpg",
    "source_id": "Woolworths - 462700",
    "barcode": "9300830034635",
    "shop": "Woolworths",
    "weight": "1KG",
    "prices": [
      {
        "state": "NSW",
        "price": "1550",
        "price_per_unit": "1550",
        "price_unit": "KG"
      },
      {
        "state": "VIC",
        "price": "1550",
        "price_per_unit": "1550",
        "price_unit": "KG"
      },
      {
        "state": "QLD",
        "price": "1550",
        "price_per_unit": "1550",
        "price_unit": "KG"
      },
      {
        "state": "WA",
        "price": "1550",
        "price_per_unit": "1550",
        "price_unit": "KG"
      },
      {
        "state": "SA",
        "price": "1550",
        "price_per_unit": "1550",
        "price_unit": "KG"
      },
      {
        "state": "ACT",
        "price": "1550",
        "price_per_unit": "1550",
        "price_unit": "KG"
      },
      {
        "state": "NT",
        "price": "1620",
        "price_per_unit": "1620",
        "price_unit": "KG"
      }
    ]
  },
  {
    "source_url": "https://www.woolworths.com.au/shop/productdetails/471182/omo-sensitive-washing-powder-front-top-loader",
    "name": "OMO Sensitive Washing Powder Front & Top Loader 2kg",
    "image_url": "https://cdn1.woolworths.media/content/wowproductimages/large/471182.jpg",
    "source_id": "Woolworths - 471182",
    "barcode": "9300830034017",
    "shop": "Woolworths",
    "weight": "1KG",
    "prices": [
      {
        "state": "NSW",
        "price": "2800",
        "price_per_unit": "1400",
        "price_unit": "KG"
      },
      {
        "state": "VIC",
        "price": "2800",
        "price_per_unit": "1400",
        "price_unit": "KG"
      },
      {
        "state": "QLD",
        "price": "2800",
        "price_per_unit": "1400",
        "price_unit": "KG"
      },
      {
        "state": "WA",
        "price": "2800",
        "price_per_unit": "1400",
        "price_unit": "KG"
      },
      {
        "state": "SA",
        "price": "2800",
        "price_per_unit": "1400",
        "price_unit": "KG"
      },
      {
        "state": "TAS",
        "price": "2800",
        "price_per_unit": "1400",
        "price_unit": "KG"
      },
      {
        "state": "ACT",
        "price": "2800",
        "price_per_unit": "1400",
        "price_unit": "KG"
      },
      {
        "state": "NT",
        "price": "2800",
        "price_per_unit": "1400",
        "price_unit": "KG"
      }
    ]
  },
  {
    "source_url": "https://www.woolworths.com.au/shop/productdetails/208058/omo-ultimate-washing-powder",
    "name": "OMO Ultimate Washing Powder 2Kg",
    "image_url": "https://cdn1.woolworths.media/content/wowproductimages/large/208058.jpg",
    "source_id": "Woolworths - 208058",
    "barcode": "8934868164586",
    "shop": "Woolworths",
    "weight": "1KG",
    "prices": [
      {
        "state": "NSW",
        "price": "3200",
        "price_per_unit": "1600",
        "price_unit": "KG"
      },
      {
        "state": "VIC",
        "price": "3200",
        "price_per_unit": "1600",
        "price_unit": "KG"
      },
      {
        "state": "QLD",
        "price": "3200",
        "price_per_unit": "1600",
        "price_unit": "KG"
      },
      {
        "state": "WA",
        "price": "3200",
        "price_per_unit": "1600",
        "price_unit": "KG"
      },
      {
        "state": "SA",
        "price": "3200",
        "price_per_unit": "1600",
        "price_unit": "KG"
      },
      {
        "state": "TAS",
        "price": "3200",
        "price_per_unit": "1600",
        "price_unit": "KG"
      },
      {
        "state": "ACT",
        "price": "3200",
        "price_per_unit": "1600",
        "price_unit": "KG"
      },
      {
        "state": "NT",
        "price": "3200",
        "price_per_unit": "1600",
        "price_unit": "KG"
      }
    ]
  },
  {
    "source_url": "https://www.woolworths.com.au/shop/productdetails/430629/omo-ultimate-washing-powder-front-top-loader",
    "name": "OMO Ultimate Washing Powder Front & Top Loader 5kg",
    "image_url": "https://cdn1.woolworths.media/content/wowproductimages/large/430629.jpg",
    "source_id": "Woolworths - 430629",
    "barcode": "9300830033027",
    "shop": "Woolworths",
    "weight": "1KG",
    "prices": [
      {
        "state": "NSW",
        "price": "4000",
        "price_per_unit": "800",
        "price_unit": "KG"
      },
      {
        "state": "VIC",
        "price": "4000",
        "price_per_unit": "800",
        "price_unit": "KG"
      },
      {
        "state": "QLD",
        "price": "4000",
        "price_per_unit": "800",
        "price_unit": "KG"
      },
      {
        "state": "WA",
        "price": "4000",
        "price_per_unit": "800",
        "price_unit": "KG"
      },
      {
        "state": "SA",
        "price": "4000",
        "price_per_unit": "800",
        "price_unit": "KG"
      },
      {
        "state": "TAS",
        "price": "4000",
        "price_per_unit": "800",
        "price_unit": "KG"
      },
      {
        "state": "ACT",
        "price": "4000",
        "price_per_unit": "800",
        "price_unit": "KG"
      },
      {
        "state": "NT",
        "price": "4000",
        "price_per_unit": "800",
        "price_unit": "KG"
      }
    ]
  },
  {
    "source_url": "https://www.woolworths.com.au/shop/productdetails/184426/clean-laundry-powder-fresh-getaway",
    "name": "Clean Laundry Powder Fresh Getaway 2kg",
    "image_url": "https://cdn1.woolworths.media/content/wowproductimages/large/184426.jpg",
    "source_id": "Woolworths - 184426",
    "barcode": "9339687276981",
    "shop": "Woolworths",
    "weight": "1KG",
    "prices": [
      {
        "state": "VIC",
        "price": "620",
        "price_per_unit": "310",
        "price_unit": "KG"
      },
      {
        "state": "QLD",
        "price": "620",
        "price_per_unit": "310",
        "price_unit": "KG"
      },
      {
        "state": "WA",
        "price": "620",
        "price_per_unit": "310",
        "price_unit": "KG"
      },
      {
        "state": "SA",
        "price": "620",
        "price_per_unit": "310",
        "price_unit": "KG"
      },
      {
        "state": "TAS",
        "price": "620",
        "price_per_unit": "310",
        "price_unit": "KG"
      },
      {
        "state": "ACT",
        "price": "620",
        "price_per_unit": "310",
        "price_unit": "KG"
      },
      {
        "state": "NT",
        "price": "620",
        "price_per_unit": "310",
        "price_unit": "KG"
      }
    ]
  },
  {
    "source_url": "https://www.woolworths.com.au/shop/productdetails/184428/clean-laundry-powder-sensitive",
    "name": "Clean Laundry Powder Sensitive 2kg",
    "image_url": "https://cdn1.woolworths.media/content/wowproductimages/large/184428.jpg",
    "source_id": "Woolworths - 184428",
    "barcode": "9339687277001",
    "shop": "Woolworths",
    "weight": "1KG",
    "prices": [
      {
        "state": "VIC",
        "price": "650",
        "price_per_unit": "325",
        "price_unit": "KG"
      },
      {
        "state": "QLD",
        "price": "650",
        "price_per_unit": "325",
        "price_unit": "KG"
      },
      {
        "state": "WA",
        "price": "650",
        "price_per_unit": "325",
        "price_unit": "KG"
      },
      {
        "state": "SA",
        "price": "650",
        "price_per_unit": "325",
        "price_unit": "KG"
      },
      {
        "state": "TAS",
        "price": "650",
        "price_per_unit": "325",
        "price_unit": "KG"
      },
      {
        "state": "ACT",
        "price": "650",
        "price_per_unit": "325",
        "price_unit": "KG"
      },
      {
        "state": "NT",
        "price": "650",
        "price_per_unit": "325",
        "price_unit": "KG"
      }
    ]
  },
  {
    "source_url": "https://www.woolworths.com.au/shop/productdetails/386245/cold-power-advanced-clean-fabric-softener-laundry-washing-powder",
    "name": "Cold Power Advanced Clean Fabric Softener Laundry Washing Powder 2kg",
    "image_url": "https://cdn1.woolworths.media/content/wowproductimages/large/386245.jpg",
    "source_id": "Woolworths - 386245",
    "barcode": "9350376006542",
    "shop": "Woolworths",
    "weight": "1KG",
    "prices": [
      {
        "state": "VIC",
        "price": "2400",
        "price_per_unit": "1200",
        "price_unit": "KG"
      },
      {
        "state": "QLD",
        "price": "2400",
        "price_per_unit": "1200",
        "price_unit": "KG"
      },
      {
        "state": "WA",
        "price": "2400",
        "price_per_unit": "1200",
        "price_unit": "KG"
      },
      {
        "state": "SA",
        "price": "2400",
        "price_per_unit": "1200",
        "price_unit": "KG"
      },
      {
        "state": "TAS",
        "price": "2400",
        "price_per_unit": "1200",
        "price_unit": "KG"
      },
      {
        "state": "ACT",
        "price": "2400",
        "price_per_unit": "1200",
        "price_unit": "KG"
      },
      {
        "state": "NT",
        "price": "2400",
        "price_per_unit": "1200",
        "price_unit": "KG"
      }
    ]
  },
  {
    "source_url": "https://www.woolworths.com.au/shop/productdetails/88205/cold-power-advanced-clean-laundry-washing-powder-detergent",
    "name": "Cold Power Advanced Clean Laundry Washing Powder Detergent 4kg",
    "image_url": "https://cdn1.woolworths.media/content/wowproductimages/large/088205.jpg",
    "source_id": "Woolworths - 88205",
    "barcode": "9350376004531",
    "shop": "Woolworths",
    "weight": "1KG",
    "prices": [
      {
        "state": "VIC",
        "price": "2800",
        "price_per_unit": "700",
        "price_unit": "KG"
      },
      {
        "state": "QLD",
        "price": "2800",
        "price_per_unit": "700",
        "price_unit": "KG"
      },
      {
        "state": "WA",
        "price": "2800",
        "price_per_unit": "700",
        "price_unit": "KG"
      },
      {
        "state": "SA",
        "price": "2800",
        "price_per_unit": "700",
        "price_unit": "KG"
      },
      {
        "state": "TAS",
        "price": "2800",
        "price_per_unit": "700",
        "price_unit": "KG"
      },
      {
        "state": "ACT",
        "price": "2800",
        "price_per_unit": "700",
        "price_unit": "KG"
      },
      {
        "state": "NT",
        "price": "2800",
        "price_per_unit": "700",
        "price_unit": "KG"
      }
    ]
  },
  {
    "source_url": "https://www.woolworths.com.au/shop/productdetails/879965/fab-laundry-washing-powder-fresh-blossoms",
    "name": "Fab Laundry Washing Powder Fresh Blossoms 1kg",
    "image_url": "https://cdn1.woolworths.media/content/wowproductimages/large/879965.jpg",
    "source_id": "Woolworths - 879965",
    "barcode": "9300632086498",
    "shop": "Woolworths",
    "weight": "1KG",
    "prices": [
      {
        "state": "VIC",
        "price": "650",
        "price_per_unit": "650",
        "price_unit": "KG"
      },
      {
        "state": "QLD",
        "price": "650",
        "price_per_unit": "650",
        "price_unit": "KG"
      },
      {
        "state": "WA",
        "price": "650",
        "price_per_unit": "650",
        "price_unit": "KG"
      },
      {
        "state": "SA",
        "price": "650",
        "price_per_unit": "650",
        "price_unit": "KG"
      },
      {
        "state": "TAS",
        "price": "650",
        "price_per_unit": "650",
        "price_unit": "KG"
      },
      {
        "state": "ACT",
        "price": "650",
        "price_per_unit": "650",
        "price_unit": "KG"
      },
      {
        "state": "NT",
        "price": "680",
        "price_per_unit": "680",
        "price_unit": "KG"
      }
    ]
  },
  {
    "source_url": "https://www.woolworths.com.au/shop/productdetails/880028/fab-laundry-washing-powder-gold-absolute",
    "name": "Fab Laundry Washing Powder Gold Absolute 3.8kg",
    "image_url": "https://cdn1.woolworths.media/content/wowproductimages/large/880028.jpg",
    "source_id": "Woolworths - 880028",
    "barcode": "9350376000649",
    "shop": "Woolworths",
    "weight": "1KG",
    "prices": [
      {
        "state": "VIC",
        "price": "1650",
        "price_per_unit": "434",
        "price_unit": "KG"
      },
      {
        "state": "QLD",
        "price": "1650",
        "price_per_unit": "434",
        "price_unit": "KG"
      },
      {
        "state": "WA",
        "price": "1650",
        "price_per_unit": "434",
        "price_unit": "KG"
      },
      {
        "state": "SA",
        "price": "1650",
        "price_per_unit": "434",
        "price_unit": "KG"
      },
      {
        "state": "TAS",
        "price": "1650",
        "price_per_unit": "434",
        "price_unit": "KG"
      },
      {
        "state": "ACT",
        "price": "1650",
        "price_per_unit": "434",
        "price_unit": "KG"
      },
      {
        "state": "NT",
        "price": "1650",
        "price_per_unit": "434",
        "price_unit": "KG"
      }
    ]
  },
  {
    "source_url": "https://www.woolworths.com.au/shop/productdetails/88388/fab-laundry-washing-powder-intense-fresh-odour-control",
    "name": "Fab Laundry Washing Powder Intense Fresh Odour Control 1.8kg",
    "image_url": "https://cdn1.woolworths.media/content/wowproductimages/large/088388.jpg",
    "source_id": "Woolworths - 88388",
    "barcode": "9350376004760",
    "shop": "Woolworths",
    "weight": "1KG",
    "prices": [
      {
        "state": "VIC",
        "price": "900",
        "price_per_unit": "500",
        "price_unit": "KG"
      },
      {
        "state": "QLD",
        "price": "900",
        "price_per_unit": "500",
        "price_unit": "KG"
      },
      {
        "state": "WA",
        "price": "900",
        "price_per_unit": "500",
        "price_unit": "KG"
      },
      {
        "state": "SA",
        "price": "900",
        "price_per_unit": "500",
        "price_unit": "KG"
      },
      {
        "state": "TAS",
        "price": "900",
        "price_per_unit": "500",
        "price_unit": "KG"
      },
      {
        "state": "ACT",
        "price": "900",
        "price_per_unit": "500",
        "price_unit": "KG"
      },
      {
        "state": "NT",
        "price": "900",
        "price_per_unit": "500",
        "price_unit": "KG"
      }
    ]
  },
  {
    "source_url": "https://www.woolworths.com.au/shop/productdetails/657981/fab-laundry-washing-powder-sublime-velvet",
    "name": "Fab Laundry Washing Powder Sublime Velvet 1.8kg",
    "image_url": "https://cdn1.woolworths.media/content/wowproductimages/large/657981.jpg",
    "source_id": "Woolworths - 657981",
    "barcode": "9350376000595",
    "shop": "Woolworths",
    "weight": "1KG",
    "prices": [
      {
        "state": "VIC",
        "price": "900",
        "price_per_unit": "500",
        "price_unit": "KG"
      },
      {
        "state": "QLD",
        "price": "900",
        "price_per_unit": "500",
        "price_unit": "KG"
      },
      {
        "state": "WA",
        "price": "900",
        "price_per_unit": "500",
        "price_unit": "KG"
      },
      {
        "state": "SA",
        "price": "900",
        "price_per_unit": "500",
        "price_unit": "KG"
      },
      {
        "state": "TAS",
        "price": "900",
        "price_per_unit": "500",
        "price_unit": "KG"
      },
      {
        "state": "ACT",
        "price": "900",
        "price_per_unit": "500",
        "price_unit": "KG"
      },
      {
        "state": "NT",
        "price": "900",
        "price_per_unit": "500",
        "price_unit": "KG"
      }
    ]
  },
  {
    "source_url": "https://www.woolworths.com.au/shop/productdetails/430633/omo-laundry-powder-sensitive-front-top-loader",
    "name": "OMO Laundry Powder Sensitive Front & Top Loader 5kg",
    "image_url": "https://cdn1.woolworths.media/content/wowproductimages/large/430633.jpg",
    "source_id": "Woolworths - 430633",
    "barcode": "9300830033195",
    "shop": "Woolworths",
    "weight": "1KG",
    "prices": [
      {
        "state": "VIC",
        "price": "3400",
        "price_per_unit": "680",
        "price_unit": "KG"
      },
      {
        "state": "WA",
        "price": "3400",
        "price_per_unit": "680",
        "price_unit": "KG"
      },
      {
        "state": "SA",
        "price": "3400",
        "price_per_unit": "680",
        "price_unit": "KG"
      },
      {
        "state": "ACT",
        "price": "3400",
        "price_per_unit": "680",
        "price_unit": "KG"
      },
      {
        "state": "NT",
        "price": "3400",
        "price_per_unit": "680",
        "price_unit": "KG"
      }
    ]
  },
  {
    "source_url": "https://www.woolworths.com.au/shop/productdetails/141891/radiant-advanced-cleans-softens-5-in-1-laundry-detergent-powder",
    "name": "Radiant Advanced+ Cleans & Softens 5- In-1 Laundry Detergent Powder 1.8kg",
    "image_url": "https://cdn1.woolworths.media/content/wowproductimages/large/141891.jpg",
    "source_id": "Woolworths - 141891",
    "barcode": "9300615093581",
    "shop": "Woolworths",
    "weight": "1KG",
    "prices": [
      {
        "state": "QLD",
        "price": "1100",
        "price_per_unit": "611",
        "price_unit": "KG"
      },
      {
        "state": "WA",
        "price": "1100",
        "price_per_unit": "611",
        "price_unit": "KG"
      },
      {
        "state": "SA",
        "price": "1100",
        "price_per_unit": "611",
        "price_unit": "KG"
      },
      {
        "state": "TAS",
        "price": "1100",
        "price_per_unit": "611",
        "price_unit": "KG"
      },
      {
        "state": "ACT",
        "price": "1100",
        "price_per_unit": "611",
        "price_unit": "KG"
      },
      {
        "state": "NT",
        "price": "1100",
        "price_per_unit": "611",
        "price_unit": "KG"
      }
    ]
  },
  {
    "source_url": "https://www.woolworths.com.au/shop/productdetails/143324/radiant-advanced-ultra-power-laundry-detergent-washing-powder",
    "name": "Radiant Advanced+ Ultra Power Laundry Detergent Washing Powder 1.8kg",
    "image_url": "https://cdn1.woolworths.media/content/wowproductimages/large/143324.jpg",
    "source_id": "Woolworths - 143324",
    "barcode": "9300615093550",
    "shop": "Woolworths",
    "weight": "1KG",
    "prices": [
      {
        "state": "QLD",
        "price": "1100",
        "price_per_unit": "611",
        "price_unit": "KG"
      },
      {
        "state": "WA",
        "price": "1100",
        "price_per_unit": "611",
        "price_unit": "KG"
      },
      {
        "state": "SA",
        "price": "1100",
        "price_per_unit": "611",
        "price_unit": "KG"
      },
      {
        "state": "TAS",
        "price": "1100",
        "price_per_unit": "611",
        "price_unit": "KG"
      },
      {
        "state": "ACT",
        "price": "1100",
        "price_per_unit": "611",
        "price_unit": "KG"
      },
      {
        "state": "NT",
        "price": "1100",
        "price_per_unit": "611",
        "price_unit": "KG"
      }
    ]
  },
  {
    "source_url": "https://www.woolworths.com.au/shop/productdetails/142359/radiant-mixed-colours-laundry-detergent-washing-powder",
    "name": "Radiant Mixed Colours Laundry Detergent Washing Powder 2kg",
    "image_url": "https://cdn1.woolworths.media/content/wowproductimages/large/142359.jpg",
    "source_id": "Woolworths - 142359",
    "barcode": "9300615092799",
    "shop": "Woolworths",
    "weight": "1KG",
    "prices": [
      {
        "state": "QLD",
        "price": "2000",
        "price_per_unit": "1000",
        "price_unit": "KG"
      },
      {
        "state": "WA",
        "price": "2000",
        "price_per_unit": "1000",
        "price_unit": "KG"
      },
      {
        "state": "SA",
        "price": "2000",
        "price_per_unit": "1000",
        "price_unit": "KG"
      },
      {
        "state": "TAS",
        "price": "2000",
        "price_per_unit": "1000",
        "price_unit": "KG"
      },
      {
        "state": "ACT",
        "price": "2000",
        "price_per_unit": "1000",
        "price_unit": "KG"
      },
      {
        "state": "NT",
        "price": "2000",
        "price_per_unit": "1000",
        "price_unit": "KG"
      }
    ]
  },
  {
    "source_url": "https://www.woolworths.com.au/shop/productdetails/141938/radiant-whites-or-colours-laundry-detergent-washing-powder",
    "name": "Radiant Whites Or Colours Laundry Detergent Washing Powder 2kg",
    "image_url": "https://cdn1.woolworths.media/content/wowproductimages/large/141938.jpg",
    "source_id": "Woolworths - 141938",
    "barcode": "9300615092812",
    "shop": "Woolworths",
    "weight": "1KG",
    "prices": [
      {
        "state": "QLD",
        "price": "2000",
        "price_per_unit": "1000",
        "price_unit": "KG"
      },
      {
        "state": "WA",
        "price": "2000",
        "price_per_unit": "1000",
        "price_unit": "KG"
      },
      {
        "state": "SA",
        "price": "2000",
        "price_per_unit": "1000",
        "price_unit": "KG"
      },
      {
        "state": "TAS",
        "price": "2000",
        "price_per_unit": "1000",
        "price_unit": "KG"
      },
      {
        "state": "ACT",
        "price": "2000",
        "price_per_unit": "1000",
        "price_unit": "KG"
      },
      {
        "state": "NT",
        "price": "2000",
        "price_per_unit": "1000",
        "price_unit": "KG"
      }
    ]
  },
  {
    "source_url": "https://www.woolworths.com.au/shop/productdetails/143356/radiant-whites-or-colours-laundry-detergent-washing-powder",
    "name": "Radiant Whites Or Colours Laundry Detergent Washing Powder 4kg",
    "image_url": "https://cdn1.woolworths.media/content/wowproductimages/large/143356.jpg",
    "source_id": "Woolworths - 143356",
    "barcode": "9300615093000",
    "shop": "Woolworths",
    "weight": "1KG",
    "prices": [
      {
        "state": "QLD",
        "price": "2000",
        "price_per_unit": "500",
        "price_unit": "KG"
      },
      {
        "state": "WA",
        "price": "2000",
        "price_per_unit": "500",
        "price_unit": "KG"
      },
      {
        "state": "SA",
        "price": "2000",
        "price_per_unit": "500",
        "price_unit": "KG"
      },
      {
        "state": "TAS",
        "price": "2000",
        "price_per_unit": "500",
        "price_unit": "KG"
      },
      {
        "state": "ACT",
        "price": "2000",
        "price_per_unit": "500",
        "price_unit": "KG"
      },
      {
        "state": "NT",
        "price": "2100",
        "price_per_unit": "525",
        "price_unit": "KG"
      }
    ]
  },
  {
    "source_url": "https://www.woolworths.com.au/shop/productdetails/906010/duo-laundry-powder-clean-whitens",
    "name": "Duo Laundry Powder Clean & Whitens 5kg",
    "image_url": "https://cdn1.woolworths.media/content/wowproductimages/large/906010.jpg",
    "source_id": "Woolworths - 906010",
    "barcode": "9300615029009",
    "shop": "Woolworths",
    "weight": "1KG",
    "prices": [
      {
        "state": "NT",
        "price": "1780",
        "price_per_unit": "356",
        "price_unit": "KG"
      }
    ]
  }
]