[
  {
    "source_url": "https://www.woolworths.com.au/shop/productdetails/1075344897/abode-bathroom-cleaner-rosemary-mint-4l",
    "name": "Abode Bathroom Cleaner Rosemary & Mint 4L",
    "image_url": "https://cdn1.woolworths.media/content/wowproductimages/large/1075344897.jpg",
    "source_id": "Woolworths - 1075344897",
    "barcode": null,
    "shop": "Woolworths",
    "weight": "100ML",
    "prices": [
      {
        "state": "NSW",
        "price": "4995",
        "price_per_unit": "125",
        "price_unit": "ML"
      },
      {
        "state": "VIC",
        "price": "4995",
        "price_per_unit": "125",
        "price_unit": "ML"
      },
      {
        "state": "QLD",
        "price": "4995",
        "price_per_unit": "125",
        "price_unit": "ML"
      },
      {
        "state": "WA",
        "price": "4995",
        "price_per_unit": "125",
        "price_unit": "ML"
      },
      {
        "state": "SA",
        "price": "4995",
        "price_per_unit": "125",
        "price_unit": "ML"
      },
      {
        "state": "TAS",
        "price": "4995",
        "price_per_unit": "125",
        "price_unit": "ML"
      },
      {
        "state": "ACT",
        "price": "4995",
        "price_per_unit": "125",
        "price_unit": "ML"
      },
      {
        "state": "NT",
        "price": "4995",
        "price_per_unit": "125",
        "price_unit": "ML"
      }
    ]
  },
  {
    "source_url": "https://www.woolworths.com.au/shop/productdetails/1075346554/abode-bathroom-cleaner-rosemary-and-mint-500ml",
    "name": "Abode Bathroom Cleaner Rosemary and Mint 500ml",
    "image_url": "https://cdn1.woolworths.media/content/wowproductimages/large/1075346554.jpg",
    "source_id": "Woolworths - 1075346554",
    "barcode": null,
    "shop": "Woolworths",
    "weight": "100ML",
    "prices": [
      {
        "state": "NSW",
        "price": "1000",
        "price_per_unit": "200",
        "price_unit": "ML"
      },
      {
        "state": "VIC",
        "price": "1000",
        "price_per_unit": "200",
        "price_unit": "ML"
      },
      {
        "state": "QLD",
        "price": "1000",
        "price_per_unit": "200",
        "price_unit": "ML"
      },
      {
        "state": "WA",
        "price": "1000",
        "price_per_unit": "200",
        "price_unit": "ML"
      },
      {
        "state": "SA",
        "price": "1000",
        "price_per_unit": "200",
        "price_unit": "ML"
      },
      {
        "state": "TAS",
        "price": "1000",
        "price_per_unit": "200",
        "price_unit": "ML"
      },
      {
        "state": "ACT",
        "price": "1000",
        "price_per_unit": "200",
        "price_unit": "ML"
      },
      {
        "state": "NT",
        "price": "1000",
        "price_per_unit": "200",
        "price_unit": "ML"
      }
    ]
  },
  {
    "source_url": "https://www.woolworths.com.au/shop/productdetails/1075344996/abode-natural-toilet-gel-rosemary-mint-4l",
    "name": "Abode Natural Toilet Gel Rosemary & Mint 4L",
    "image_url": "https://cdn1.woolworths.media/content/wowproductimages/large/1075344996.jpg",
    "source_id": "Woolworths - 1075344996",
    "barcode": null,
    "shop": "Woolworths",
    "weight": "100ML",
    "prices": [
      {
        "state": "NSW",
        "price": "4995",
        "price_per_unit": "125",
        "price_unit": "ML"
      },
      {
        "state": "VIC",
        "price": "4995",
        "price_per_unit": "125",
        "price_unit": "ML"
      },
      {
        "state": "QLD",
        "price": "4995",
        "price_per_unit": "125",
        "price_unit": "ML"
      },
      {
        "state": "WA",
        "price": "4995",
        "price_per_unit": "125",
        "price_unit": "ML"
      },
      {
        "state": "SA",
        "price": "4995",
        "price_per_unit": "125",
        "price_unit": "ML"
      },
      {
        "state": "TAS",
        "price": "4995",
        "price_per_unit": "125",
        "price_unit": "ML"
      },
      {
        "state": "ACT",
        "price": "4995",
        "price_per_unit": "125",
        "price_unit": "ML"
      },
      {
        "state": "NT",
        "price": "4995",
        "price_per_unit": "125",
        "price_unit": "ML"
      }
    ]
  },
  {
    "source_url": "https://www.woolworths.com.au/shop/productdetails/1075345611/abode-natural-toilet-gel-tea-tree-4l",
    "name": "Abode Natural Toilet Gel Tea Tree 4L",
    "image_url": "https://cdn1.woolworths.media/content/wowproductimages/large/1075345611.jpg",
    "source_id": "Woolworths - 1075345611",
    "barcode": null,
    "shop": "Woolworths",
    "weight": "100ML",
    "prices": [
      {
        "state": "NSW",
        "price": "4995",
        "price_per_unit": "125",
        "price_unit": "ML"
      },
      {
        "state": "VIC",
        "price": "4995",
        "price_per_unit": "125",
        "price_unit": "ML"
      },
      {
        "state": "QLD",
        "price": "4995",
        "price_per_unit": "125",
        "price_unit": "ML"
      },
      {
        "state": "WA",
        "price": "4995",
        "price_per_unit": "125",
        "price_unit": "ML"
      },
      {
        "state": "SA",
        "price": "4995",
        "price_per_unit": "125",
        "price_unit": "ML"
      },
      {
        "state": "TAS",
        "price": "4995",
        "price_per_unit": "125",
        "price_unit": "ML"
      },
      {
        "state": "ACT",
        "price": "4995",
        "price_per_unit": "125",
        "price_unit": "ML"
      },
      {
        "state": "NT",
        "price": "4995",
        "price_per_unit": "125",
        "price_unit": "ML"
      }
    ]
  },
  {
    "source_url": "https://www.woolworths.com.au/shop/productdetails/1075347303/abode-toilet-gel-tea-tree-500ml",
    "name": "Abode Toilet Gel Tea Tree 500ml",
    "image_url": "https://cdn1.woolworths.media/content/wowproductimages/large/1075347303.jpg",
    "source_id": "Woolworths - 1075347303",
    "barcode": null,
    "shop": "Woolworths",
    "weight": "100ML",
    "prices": [
      {
        "state": "NSW",
        "price": "1000",
        "price_per_unit": "200",
        "price_unit": "ML"
      },
      {
        "state": "VIC",
        "price": "1000",
        "price_per_unit": "200",
        "price_unit": "ML"
      },
      {
        "state": "QLD",
        "price": "1000",
        "price_per_unit": "200",
        "price_unit": "ML"
      },
      {
        "state": "WA",
        "price": "1000",
        "price_per_unit": "200",
        "price_unit": "ML"
      },
      {
        "state": "SA",
        "price": "1000",
        "price_per_unit": "200",
        "price_unit": "ML"
      },
      {
        "state": "TAS",
        "price": "1000",
        "price_per_unit": "200",
        "price_unit": "ML"
      },
      {
        "state": "ACT",
        "price": "1000",
        "price_per_unit": "200",
        "price_unit": "ML"
      },
      {
        "state": "NT",
        "price": "1000",
        "price_per_unit": "200",
        "price_unit": "ML"
      }
    ]
  },
  {
    "source_url": "https://www.woolworths.com.au/shop/productdetails/1075256523/ajax-spray-n-wipe-bathroom-cleaner-12pk-500ml",
    "name": "Ajax Spray n' Wipe Bathroom Cleaner 12PK 500ml",
    "image_url": "https://cdn1.woolworths.media/content/wowproductimages/large/1075256523.jpg",
    "source_id": "Woolworths - 1075256523",
    "barcode": null,
    "shop": "Woolworths",
    "weight": "1EA",
    "prices": [
      {
        "state": "NSW",
        "price": "5850",
        "price_per_unit": "488",
        "price_unit": "EA"
      },
      {
        "state": "VIC",
        "price": "5850",
        "price_per_unit": "488",
        "price_unit": "EA"
      },
      {
        "state": "QLD",
        "price": "5850",
        "price_per_unit": "488",
        "price_unit": "EA"
      },
      {
        "state": "WA",
        "price": "5850",
        "price_per_unit": "488",
        "price_unit": "EA"
      },
      {
        "state": "SA",
        "price": "5850",
        "price_per_unit": "488",
        "price_unit": "EA"
      },
      {
        "state": "TAS",
        "price": "5850",
        "price_per_unit": "488",
        "price_unit": "EA"
      },
      {
        "state": "ACT",
        "price": "5850",
        "price_per_unit": "488",
        "price_unit": "EA"
      },
      {
        "state": "NT",
        "price": "5850",
        "price_per_unit": "488",
        "price_unit": "EA"
      }
    ]
  },
  {
    "source_url": "https://www.woolworths.com.au/shop/productdetails/1074325539/ajax-spray-n-wipe-bathroom-cleaner-6pc-500ml",
    "name": "Ajax Spray n' Wipe Bathroom Cleaner 6pc 500ml",
    "image_url": "https://cdn1.woolworths.media/content/wowproductimages/large/1074325539.jpg",
    "source_id": "Woolworths - 1074325539",
    "barcode": null,
    "shop": "Woolworths",
    "weight": "1EA",
    "prices": [
      {
        "state": "NSW",
        "price": "3900",
        "price_per_unit": "650",
        "price_unit": "EA"
      },
      {
        "state": "VIC",
        "price": "3900",
        "price_per_unit": "650",
        "price_unit": "EA"
      },
      {
        "state": "QLD",
        "price": "3900",
        "price_per_unit": "650",
        "price_unit": "EA"
      },
      {
        "state": "WA",
        "price": "3900",
        "price_per_unit": "650",
        "price_unit": "EA"
      },
      {
        "state": "SA",
        "price": "3900",
        "price_per_unit": "650",
        "price_unit": "EA"
      },
      {
        "state": "TAS",
        "price": "3900",
        "price_per_unit": "650",
        "price_unit": "EA"
      },
      {
        "state": "ACT",
        "price": "3900",
        "price_per_unit": "650",
        "price_unit": "EA"
      },
      {
        "state": "NT",
        "price": "3900",
        "price_per_unit": "650",
        "price_unit": "EA"
      }
    ]
  },
  {
    "source_url": "https://www.woolworths.com.au/shop/productdetails/247136/ajax-bathroom-cleaner-disinfectant-trigger",
    "name": "Ajax Bathroom Cleaner Disinfectant Trigger 500ml",
    "image_url": "https://cdn1.woolworths.media/content/wowproductimages/large/247136.jpg",
    "source_id": "Woolworths - 247136",
    "barcode": "9300632064168",
    "shop": "Woolworths",
    "weight": "100ML",
    "prices": [
      {
        "state": "VIC",
        "price": "350",
        "price_per_unit": "70",
        "price_unit": "ML"
      },
      {
        "state": "QLD",
        "price": "350",
        "price_per_unit": "70",
        "price_unit": "ML"
      },
      {
        "state": "WA",
        "price": "350",
        "price_per_unit": "70",
        "price_unit": "ML"
      },
      {
        "state": "SA",
        "price": "350",
        "price_per_unit": "70",
        "price_unit": "ML"
      },
      {
        "state": "TAS",
        "price": "350",
        "price_per_unit": "70",
        "price_unit": "ML"
      },
      {
        "state": "ACT",
        "price": "350",
        "price_per_unit": "70",
        "price_unit": "ML"
      },
      {
        "state": "NT",
        "price": "365",
        "price_per_unit": "73",
        "price_unit": "ML"
      }
    ]
  },
  {
    "source_url": "https://www.woolworths.com.au/shop/productdetails/905211/ajax-professional-bathroom-wipes",
    "name": "Ajax Professional Bathroom Wipes 90 Pack",
    "image_url": "https://cdn1.woolworths.media/content/wowproductimages/large/905211.jpg",
    "source_id": "Woolworths - 905211",
    "barcode": "8850006951798",
    "shop": "Woolworths",
    "weight": "1EA",
    "prices": [
      {
        "state": "NSW",
        "price": "1300",
        "price_per_unit": "14",
        "price_unit": "EA"
      },
      {
        "state": "VIC",
        "price": "1300",
        "price_per_unit": "14",
        "price_unit": "EA"
      },
      {
        "state": "QLD",
        "price": "1300",
        "price_per_unit": "14",
        "price_unit": "EA"
      },
      {
        "state": "WA",
        "price": "1300",
        "price_per_unit": "14",
        "price_unit": "EA"
      },
      {
        "state": "SA",
        "price": "1300",
        "price_per_unit": "14",
        "price_unit": "EA"
      },
      {
        "state": "TAS",
        "price": "1300",
        "price_per_unit": "14",
        "price_unit": "EA"
      },
      {
        "state": "ACT",
        "price": "1300",
        "price_per_unit": "14",
        "price_unit": "EA"
      },
      {
        "state": "NT",
        "price": "1300",
        "price_per_unit": "14",
        "price_unit": "EA"
      }
    ]
  },
  {
    "source_url": "https://www.woolworths.com.au/shop/productdetails/790962/ajax-professional-mould-remover-cleaner-trigger",
    "name": "Ajax Professional Mould Remover Cleaner Trigger 500ml",
    "image_url": "https://cdn1.woolworths.media/content/wowproductimages/large/790962.jpg",
    "source_id": "Woolworths - 790962",
    "barcode": "9300632085057",
    "shop": "Woolworths",
    "weight": "100ML",
    "prices": [
      {
        "state": "WA",
        "price": "700",
        "price_per_unit": "140",
        "price_unit": "ML"
      },
      {
        "state": "SA",
        "price": "700",
        "price_per_unit": "140",
        "price_unit": "ML"
      },
      {
        "state": "TAS",
        "price": "700",
        "price_per_unit": "140",
        "price_unit": "ML"
      },
      {
        "state": "ACT",
        "price": "700",
        "price_per_unit": "140",
        "price_unit": "ML"
      }
    ]
  },
  {
    "source_url": "https://www.woolworths.com.au/shop/productdetails/339362/ajax-spray-wipe-bathroom-cleaner-trigger",
    "name": "Ajax Spray & Wipe Bathroom Cleaner Trigger 500mL",
    "image_url": "https://cdn1.woolworths.media/content/wowproductimages/large/339362.jpg",
    "source_id": "Woolworths - 339362",
    "barcode": "9300632074174",
    "shop": "Woolworths",
    "weight": "100ML",
    "prices": [
      {
        "state": "NSW",
        "price": "350",
        "price_per_unit": "70",
        "price_unit": "ML"
      },
      {
        "state": "VIC",
        "price": "350",
        "price_per_unit": "70",
        "price_unit": "ML"
      },
      {
        "state": "QLD",
        "price": "350",
        "price_per_unit": "70",
        "price_unit": "ML"
      },
      {
        "state": "WA",
        "price": "350",
        "price_per_unit": "70",
        "price_unit": "ML"
      },
      {
        "state": "SA",
        "price": "350",
        "price_per_unit": "70",
        "price_unit": "ML"
      },
      {
        "state": "TAS",
        "price": "350",
        "price_per_unit": "70",
        "price_unit": "ML"
      },
      {
        "state": "ACT",
        "price": "350",
        "price_per_unit": "70",
        "price_unit": "ML"
      },
      {
        "state": "NT",
        "price": "350",
        "price_per_unit": "70",
        "price_unit": "ML"
      }
    ]
  },
  {
    "source_url": "https://www.woolworths.com.au/shop/productdetails/951/bosisto-s-bathroom-shower-cleaner",
    "name": "Bosisto's Bathroom & Shower Cleaner 500ml",
    "image_url": "https://cdn1.woolworths.media/content/wowproductimages/large/000951.jpg",
    "source_id": "Woolworths - 951",
    "barcode": "9300710090058",
    "shop": "Woolworths",
    "weight": "100ML",
    "prices": [
      {
        "state": "NSW",
        "price": "550",
        "price_per_unit": "110",
        "price_unit": "ML"
      },
      {
        "state": "VIC",
        "price": "550",
        "price_per_unit": "110",
        "price_unit": "ML"
      },
      {
        "state": "QLD",
        "price": "550",
        "price_per_unit": "110",
        "price_unit": "ML"
      },
      {
        "state": "WA",
        "price": "550",
        "price_per_unit": "110",
        "price_unit": "ML"
      },
      {
        "state": "SA",
        "price": "550",
        "price_per_unit": "110",
        "price_unit": "ML"
      },
      {
        "state": "TAS",
        "price": "550",
        "price_per_unit": "110",
        "price_unit": "ML"
      },
      {
        "state": "ACT",
        "price": "550",
        "price_per_unit": "110",
        "price_unit": "ML"
      },
      {
        "state": "NT",
        "price": "570",
        "price_per_unit": "114",
        "price_unit": "ML"
      }
    ]
  },
  {
    "source_url": "https://www.woolworths.com.au/shop/productdetails/1075785240/bref-blue-active-eucalyptus-rim-block-toilet-cleaner-9-x-50g",
    "name": "Bref Blue Active Eucalyptus Rim Block Toilet Cleaner 9 x 50g",
    "image_url": "https://cdn1.woolworths.media/content/wowproductimages/large/1075785240.jpg",
    "source_id": "Woolworths - 1075785240",
    "barcode": null,
    "shop": "Woolworths",
    "weight": "1EA",
    "prices": [
      {
        "state": "NSW",
        "price": "4479",
        "price_per_unit": "498",
        "price_unit": "EA"
      },
      {
        "state": "VIC",
        "price": "4479",
        "price_per_unit": "498",
        "price_unit": "EA"
      }
    ]
  },
  {
    "source_url": "https://www.woolworths.com.au/shop/productdetails/866834/dettol-healthy-clean-antibacterial-bathroom-cleaner-trigger-spray",
    "name": "Dettol Healthy Clean Antibacterial Bathroom Cleaner Trigger Spray 500ml",
    "image_url": "https://cdn1.woolworths.media/content/wowproductimages/large/866834.jpg",
    "source_id": "Woolworths - 866834",
    "barcode": "9300701106584",
    "shop": "Woolworths",
    "weight": "100ML",
    "prices": [
      {
        "state": "NSW",
        "price": "450",
        "price_per_unit": "90",
        "price_unit": "ML"
      },
      {
        "state": "VIC",
        "price": "450",
        "price_per_unit": "90",
        "price_unit": "ML"
      },
      {
        "state": "QLD",
        "price": "450",
        "price_per_unit": "90",
        "price_unit": "ML"
      },
      {
        "state": "WA",
        "price": "450",
        "price_per_unit": "90",
        "price_unit": "ML"
      },
      {
        "state": "SA",
        "price": "450",
        "price_per_unit": "90",
        "price_unit": "ML"
      },
      {
        "state": "TAS",
        "price": "450",
        "price_per_unit": "90",
        "price_unit": "ML"
      },
      {
        "state": "ACT",
        "price": "450",
        "price_per_unit": "90",
        "price_unit": "ML"
      },
      {
        "state": "NT",
        "price": "475",
        "price_per_unit": "95",
        "price_unit": "ML"
      }
    ]
  },
  {
    "source_url": "https://www.woolworths.com.au/shop/productdetails/908378/domestos-power-foam-toilet-bathroom-spray-cleaner-arctic-fresh",
    "name": "Domestos Power Foam Toilet & Bathroom Spray Cleaner Arctic Fresh 450mL",
    "image_url": "https://cdn1.woolworths.media/content/wowproductimages/large/908378.jpg",
    "source_id": "Woolworths - 908378",
    "barcode": "8720182531049",
    "shop": "Woolworths",
    "weight": "100ML",
    "prices": [
      {
        "state": "NSW",
        "price": "500",
        "price_per_unit": "111",
        "price_unit": "ML"
      },
      {
        "state": "VIC",
        "price": "500",
        "price_per_unit": "111",
        "price_unit": "ML"
      },
      {
        "state": "QLD",
        "price": "500",
        "price_per_unit": "111",
        "price_unit": "ML"
      },
      {
        "state": "WA",
        "price": "500",
        "price_per_unit": "111",
        "price_unit": "ML"
      },
      {
        "state": "SA",
        "price": "500",
        "price_per_unit": "111",
        "price_unit": "ML"
      },
      {
        "state": "TAS",
        "price": "500",
        "price_per_unit": "111",
        "price_unit": "ML"
      },
      {
        "state": "ACT",
        "price": "500",
        "price_per_unit": "111",
        "price_unit": "ML"
      },
      {
        "state": "NT",
        "price": "500",
        "price_per_unit": "111",
        "price_unit": "ML"
      }
    ]
  },
  {
    "source_url": "https://www.woolworths.com.au/shop/productdetails/328458/earth-choice-shower-cleaner",
    "name": "Earth Choice Shower Cleaner 600ml",
    "image_url": "https://cdn1.woolworths.media/content/wowproductimages/large/328458.jpg",
    "source_id": "Woolworths - 328458",
    "barcode": "9310692131168",
    "shop": "Woolworths",
    "weight": "100ML",
    "prices": [
      {
        "state": "NSW",
        "price": "415",
        "price_per_unit": "69",
        "price_unit": "ML"
      },
      {
        "state": "VIC",
        "price": "400",
        "price_per_unit": "67",
        "price_unit": "ML"
      },
      {
        "state": "QLD",
        "price": "400",
        "price_per_unit": "67",
        "price_unit": "ML"
      },
      {
        "state": "WA",
        "price": "415",
        "price_per_unit": "69",
        "price_unit": "ML"
      },
      {
        "state": "SA",
        "price": "415",
        "price_per_unit": "69",
        "price_unit": "ML"
      },
      {
        "state": "TAS",
        "price": "415",
        "price_per_unit": "69",
        "price_unit": "ML"
      },
      {
        "state": "ACT",
        "price": "415",
        "price_per_unit": "69",
        "price_unit": "ML"
      },
      {
        "state": "NT",
        "price": "415",
        "price_per_unit": "69",
        "price_unit": "ML"
      }
    ]
  },
  {
    "source_url": "https://www.woolworths.com.au/shop/productdetails/221198/easy-off-bam-bathroom-bleach-cleaning-spray",
    "name": "Easy Off Bam Bathroom Bleach Cleaning Spray 750ml",
    "image_url": "https://cdn1.woolworths.media/content/wowproductimages/large/221198.jpg",
    "source_id": "Woolworths - 221198",
    "barcode": "9300701142025",
    "shop": "Woolworths",
    "weight": "100ML",
    "prices": [
      {
        "state": "NSW",
        "price": "850",
        "price_per_unit": "113",
        "price_unit": "ML"
      },
      {
        "state": "VIC",
        "price": "850",
        "price_per_unit": "113",
        "price_unit": "ML"
      },
      {
        "state": "QLD",
        "price": "850",
        "price_per_unit": "113",
        "price_unit": "ML"
      },
      {
        "state": "SA",
        "price": "850",
        "price_per_unit": "113",
        "price_unit": "ML"
      },
      {
        "state": "TAS",
        "price": "850",
        "price_per_unit": "113",
        "price_unit": "ML"
      },
      {
        "state": "ACT",
        "price": "850",
        "price_per_unit": "113",
        "price_unit": "ML"
      },
      {
        "state": "NT",
        "price": "850",
        "price_per_unit": "113",
        "price_unit": "ML"
      }
    ]
  },
  {
    "source_url": "https://www.woolworths.com.au/shop/productdetails/307466/easy-off-bam-bathroom-cleaning-wipes",
    "name": "Easy Off Bam Bathroom Cleaning Wipes 110 Pack",
    "image_url": "https://cdn1.woolworths.media/content/wowproductimages/large/307466.jpg",
    "source_id": "Woolworths - 307466",
    "barcode": "9300701790219",
    "shop": "Woolworths",
    "weight": "1EA",
    "prices": [
      {
        "state": "NSW",
        "price": "1300",
        "price_per_unit": "12",
        "price_unit": "EA"
      },
      {
        "state": "VIC",
        "price": "1300",
        "price_per_unit": "12",
        "price_unit": "EA"
      },
      {
        "state": "QLD",
        "price": "1300",
        "price_per_unit": "12",
        "price_unit": "EA"
      },
      {
        "state": "WA",
        "price": "1300",
        "price_per_unit": "12",
        "price_unit": "EA"
      },
      {
        "state": "SA",
        "price": "1300",
        "price_per_unit": "12",
        "price_unit": "EA"
      },
      {
        "state": "TAS",
        "price": "1300",
        "price_per_unit": "12",
        "price_unit": "EA"
      },
      {
        "state": "ACT",
        "price": "1300",
        "price_per_unit": "12",
        "price_unit": "EA"
      },
      {
        "state": "NT",
        "price": "1365",
        "price_per_unit": "12",
        "price_unit": "EA"
      }
    ]
  },
  {
    "source_url": "https://www.woolworths.com.au/shop/productdetails/222372/easy-off-bam-bathroom-soapscum-cleaning-foam",
    "name": "Easy Off Bam Bathroom Soapscum Cleaning Foam 590g",
    "image_url": "https://cdn1.woolworths.media/content/wowproductimages/large/222372.jpg",
    "source_id": "Woolworths - 222372",
    "barcode": "9300701499990",
    "shop": "Woolworths",
    "weight": "100G",
    "prices": [
      {
        "state": "NSW",
        "price": "850",
        "price_per_unit": "144",
        "price_unit": "G"
      },
      {
        "state": "VIC",
        "price": "850",
        "price_per_unit": "144",
        "price_unit": "G"
      },
      {
        "state": "QLD",
        "price": "850",
        "price_per_unit": "144",
        "price_unit": "G"
      },
      {
        "state": "WA",
        "price": "850",
        "price_per_unit": "144",
        "price_unit": "G"
      },
      {
        "state": "SA",
        "price": "850",
        "price_per_unit": "144",
        "price_unit": "G"
      },
      {
        "state": "TAS",
        "price": "850",
        "price_per_unit": "144",
        "price_unit": "G"
      },
      {
        "state": "ACT",
        "price": "850",
        "price_per_unit": "144",
        "price_unit": "G"
      },
      {
        "state": "NT",
        "price": "850",
        "price_per_unit": "144",
        "price_unit": "G"
      }
    ]
  },
  {
    "source_url": "https://www.woolworths.com.au/shop/productdetails/222463/easy-off-bam-bathroom-soapscum-cleaning-spray",
    "name": "Easy Off Bam Bathroom Soapscum Cleaning Spray 750ml",
    "image_url": "https://cdn1.woolworths.media/content/wowproductimages/large/222463.jpg",
    "source_id": "Woolworths - 222463",
    "barcode": "9300701138202",
    "shop": "Woolworths",
    "weight": "100ML",
    "prices": [
      {
        "state": "NSW",
        "price": "850",
        "price_per_unit": "113",
        "price_unit": "ML"
      },
      {
        "state": "VIC",
        "price": "850",
        "price_per_unit": "113",
        "price_unit": "ML"
      },
      {
        "state": "QLD",
        "price": "850",
        "price_per_unit": "113",
        "price_unit": "ML"
      },
      {
        "state": "WA",
        "price": "850",
        "price_per_unit": "113",
        "price_unit": "ML"
      },
      {
        "state": "SA",
        "price": "850",
        "price_per_unit": "113",
        "price_unit": "ML"
      },
      {
        "state": "TAS",
        "price": "850",
        "price_per_unit": "113",
        "price_unit": "ML"
      },
      {
        "state": "ACT",
        "price": "850",
        "price_per_unit": "113",
        "price_unit": "ML"
      },
      {
        "state": "NT",
        "price": "850",
        "price_per_unit": "113",
        "price_unit": "ML"
      }
    ]
  },
  {
    "source_url": "https://www.woolworths.com.au/shop/productdetails/1075323514/eco-cleaning-turtles-bathroom-single-refill-tablet-5pk",
    "name": "Eco-Cleaning Turtles Bathroom Single Refill Tablet 5PK",
    "image_url": "https://cdn1.woolworths.media/content/wowproductimages/large/1075323514.jpg",
    "source_id": "Woolworths - 1075323514",
    "barcode": null,
    "shop": "Woolworths",
    "weight": "1EA",
    "prices": [
      {
        "state": "NSW",
        "price": "3595",
        "price_per_unit": "719",
        "price_unit": "EA"
      },
      {
        "state": "VIC",
        "price": "3595",
        "price_per_unit": "719",
        "price_unit": "EA"
      }
    ]
  },
  {
    "source_url": "https://www.woolworths.com.au/shop/productdetails/1075819674/eco-cleaning-turtles-bathroom-single-refill-tablet-8pk",
    "name": "Eco-Cleaning Turtles Bathroom Single Refill Tablet 8PK",
    "image_url": "https://cdn1.woolworths.media/content/wowproductimages/large/1075819674.jpg",
    "source_id": "Woolworths - 1075819674",
    "barcode": null,
    "shop": "Woolworths",
    "weight": "1EA",
    "prices": [
      {
        "state": "NSW",
        "price": "4495",
        "price_per_unit": "562",
        "price_unit": "EA"
      },
      {
        "state": "VIC",
        "price": "4495",
        "price_per_unit": "562",
        "price_unit": "EA"
      }
    ]
  },
  {
    "source_url": "https://www.woolworths.com.au/shop/productdetails/1075323515/eco-cleaning-turtles-bathroom-spray-bottle-tablet-3pk",
    "name": "Eco-Cleaning Turtles Bathroom Spray Bottle & Tablet 3PK",
    "image_url": "https://cdn1.woolworths.media/content/wowproductimages/large/1075323515.jpg",
    "source_id": "Woolworths - 1075323515",
    "barcode": null,
    "shop": "Woolworths",
    "weight": "1EA",
    "prices": [
      {
        "state": "NSW",
        "price": "2800",
        "price_per_unit": "933",
        "price_unit": "EA"
      },
      {
        "state": "VIC",
        "price": "2800",
        "price_per_unit": "933",
        "price_unit": "EA"
      }
    ]
  },
  {
    "source_url": "https://www.woolworths.com.au/shop/productdetails/1075819678/eco-cleaning-turtles-bathroom-spray-bottle-tablet-8pk",
    "name": "Eco-Cleaning Turtles Bathroom Spray Bottle & Tablet 8PK",
    "image_url": "https://cdn1.woolworths.media/content/wowproductimages/large/1075819678.jpg",
    "source_id": "Woolworths - 1075819678",
    "barcode": null,
    "shop": "Woolworths",
    "weight": "1EA",
    "prices": [
      {
        "state": "NSW",
        "price": "5580",
        "price_per_unit": "698",
        "price_unit": "EA"
      },
      {
        "state": "VIC",
        "price": "5580",
        "price_per_unit": "698",
        "price_unit": "EA"
      }
    ]
  },
  {
    "source_url": "https://www.woolworths.com.au/shop/productdetails/1074325641/enzyme-wizard-bathroom-toilet-bowl-cleaner-descaler-20l",
    "name": "Enzyme Wizard Bathroom & Toilet Bowl Cleaner/Descaler 20L",
    "image_url": "https://cdn1.woolworths.media/content/wowproductimages/large/1074325641.jpg",
    "source_id": "Woolworths - 1074325641",
    "barcode": null,
    "shop": "Woolworths",
    "weight": "100ML",
    "prices": [
      {
        "state": "NSW",
        "price": "11250",
        "price_per_unit": "56",
        "price_unit": "ML"
      },
      {
        "state": "VIC",
        "price": "11250",
        "price_per_unit": "56",
        "price_unit": "ML"
      }
    ]
  },
  {
    "source_url": "https://www.woolworths.com.au/shop/productdetails/1075343218/enzyme-wizard-multipurposes-bathroom-and-kitchen-spray-and-wipe-3pk-750ml",
    "name": "Enzyme Wizard Multipurposes Bathroom and kitchen Spray and Wipe 3PK 750ml",
    "image_url": "https://cdn1.woolworths.media/content/wowproductimages/large/1075343218.jpg",
    "source_id": "Woolworths - 1075343218",
    "barcode": null,
    "shop": "Woolworths",
    "weight": "1EA",
    "prices": [
      {
        "state": "NSW",
        "price": "3999",
        "price_per_unit": "1333",
        "price_unit": "EA"
      },
      {
        "state": "VIC",
        "price": "3999",
        "price_per_unit": "1333",
        "price_unit": "EA"
      }
    ]
  },
  {
    "source_url": "https://www.woolworths.com.au/shop/productdetails/1073950643/enzyme-wizard-toilet-bathroom-cleaner-5l",
    "name": "Enzyme Wizard Toilet & Bathroom Cleaner 5L",
    "image_url": "https://cdn1.woolworths.media/content/wowproductimages/large/1073950643.jpg",
    "source_id": "Woolworths - 1073950643",
    "barcode": null,
    "shop": "Woolworths",
    "weight": null,
    "prices": []
  },
  {
    "source_url": "https://www.woolworths.com.au/shop/productdetails/1075343220/enzyme-wizard-toilet-cleaner-deodoriser-spray-bottle-3pk-750ml",
    "name": "Enzyme Wizard toilet Cleaner & Deodoriser - Spray Bottle 3PK 750ml",
    "image_url": "https://cdn1.woolworths.media/content/wowproductimages/large/1075343220.jpg",
    "source_id": "Woolworths - 1075343220",
    "barcode": null,
    "shop": "Woolworths",
    "weight": "1EA",
    "prices": [
      {
        "state": "NSW",
        "price": "4860",
        "price_per_unit": "1620",
        "price_unit": "EA"
      },
      {
        "state": "VIC",
        "price": "4860",
        "price_per_unit": "1620",
        "price_unit": "EA"
      }
    ]
  },
  {
    "source_url": "https://www.woolworths.com.au/shop/productdetails/1075343219/enzyme-wizard-toilet-bathroom-cleaner-spray-bottle-3pk-750ml",
    "name": "Enzyme Wizard Toilet/Bathroom Cleaner Spray Bottle 3PK 750ml",
    "image_url": "https://cdn1.woolworths.media/content/wowproductimages/large/1075343219.jpg",
    "source_id": "Woolworths - 1075343219",
    "barcode": null,
    "shop": "Woolworths",
    "weight": "1EA",
    "prices": [
      {
        "state": "NSW",
        "price": "4410",
        "price_per_unit": "1470",
        "price_unit": "EA"
      },
      {
        "state": "VIC",
        "price": "4410",
        "price_per_unit": "1470",
        "price_unit": "EA"
      }
    ]
  },
  {
    "source_url": "https://www.woolworths.com.au/shop/productdetails/1075819731/enzyme-wizard-toilet-bathroom-cleaner-spray-bottle-750ml",
    "name": "Enzyme Wizard Toilet/Bathroom Cleaner Spray Bottle 750ml",
    "image_url": "https://cdn1.woolworths.media/content/wowproductimages/large/1075819731.jpg",
    "source_id": "Woolworths - 1075819731",
    "barcode": null,
    "shop": "Woolworths",
    "weight": "100ML",
    "prices": [
      {
        "state": "NSW",
        "price": "2800",
        "price_per_unit": "373",
        "price_unit": "ML"
      },
      {
        "state": "VIC",
        "price": "2800",
        "price_per_unit": "373",
        "price_unit": "ML"
      }
    ]
  },
  {
    "source_url": "https://www.woolworths.com.au/shop/productdetails/1075819732/enzyme-wizard-urinal-cleaner-deodoriser-spray-bottle-750ml",
    "name": "Enzyme Wizard Urinal Cleaner & Deodoriser - Spray Bottle 750ml",
    "image_url": "https://cdn1.woolworths.media/content/wowproductimages/large/1075819732.jpg",
    "source_id": "Woolworths - 1075819732",
    "barcode": null,
    "shop": "Woolworths",
    "weight": "100ML",
    "prices": [
      {
        "state": "NSW",
        "price": "2700",
        "price_per_unit": "360",
        "price_unit": "ML"
      },
      {
        "state": "VIC",
        "price": "2700",
        "price_per_unit": "360",
        "price_unit": "ML"
      }
    ]
  },
  {
    "source_url": "https://www.woolworths.com.au/shop/productdetails/1074325657/enzyme-wizard-urinal-cleaner-deodoriser-for-waterless-flushing-urinals-20l",
    "name": "Enzyme Wizard Urinal Cleaner & Deodoriser For Waterless/Flushing Urinals 20L",
    "image_url": "https://cdn1.woolworths.media/content/wowproductimages/large/1074325657.jpg",
    "source_id": "Woolworths - 1074325657",
    "barcode": null,
    "shop": "Woolworths",
    "weight": "100ML",
    "prices": [
      {
        "state": "NSW",
        "price": "12510",
        "price_per_unit": "63",
        "price_unit": "ML"
      },
      {
        "state": "VIC",
        "price": "12510",
        "price_per_unit": "63",
        "price_unit": "ML"
      }
    ]
  },
  {
    "source_url": "https://www.woolworths.com.au/shop/productdetails/1073978165/enzyme-wizard-wheelie-bin-cleaner-deodoriser-5l",
    "name": "Enzyme Wizard Wheelie Bin Cleaner & Deodoriser 5L",
    "image_url": "https://cdn1.woolworths.media/content/wowproductimages/large/1073978165.jpg",
    "source_id": "Woolworths - 1073978165",
    "barcode": null,
    "shop": "Woolworths",
    "weight": "100ML",
    "prices": [
      {
        "state": "NSW",
        "price": "4140",
        "price_per_unit": "83",
        "price_unit": "ML"
      },
      {
        "state": "VIC",
        "price": "4140",
        "price_per_unit": "83",
        "price_unit": "ML"
      }
    ]
  },
  {
    "source_url": "https://www.woolworths.com.au/shop/productdetails/31795/exit-mould-cleaning-spray-trigger",
    "name": "Exit Mould Cleaning Spray 500ml",
    "image_url": "https://cdn1.woolworths.media/content/wowproductimages/large/031795.jpg",
    "source_id": "Woolworths - 31795",
    "barcode": "9300701406509",
    "shop": "Woolworths",
    "weight": "100ML",
    "prices": [
      {
        "state": "NSW",
        "price": "950",
        "price_per_unit": "190",
        "price_unit": "ML"
      },
      {
        "state": "VIC",
        "price": "950",
        "price_per_unit": "190",
        "price_unit": "ML"
      },
      {
        "state": "QLD",
        "price": "950",
        "price_per_unit": "190",
        "price_unit": "ML"
      },
      {
        "state": "WA",
        "price": "950",
        "price_per_unit": "190",
        "price_unit": "ML"
      },
      {
        "state": "SA",
        "price": "950",
        "price_per_unit": "190",
        "price_unit": "ML"
      },
      {
        "state": "TAS",
        "price": "950",
        "price_per_unit": "190",
        "price_unit": "ML"
      },
      {
        "state": "ACT",
        "price": "950",
        "price_per_unit": "190",
        "price_unit": "ML"
      },
      {
        "state": "NT",
        "price": "990",
        "price_per_unit": "198",
        "price_unit": "ML"
      }
    ]
  },
  {
    "source_url": "https://www.woolworths.com.au/shop/productdetails/319745/glen-20-all-in-one-country-scent-disinfectant-spray",
    "name": "Glen 20 All-In-One Country Scent Disinfectant Spray 375g",
    "image_url": "https://cdn1.woolworths.media/content/wowproductimages/large/319745.jpg",
    "source_id": "Woolworths - 319745",
    "barcode": "9300701901264",
    "shop": "Woolworths",
    "weight": "100G",
    "prices": [
      {
        "state": "NSW",
        "price": "1150",
        "price_per_unit": "307",
        "price_unit": "G"
      },
      {
        "state": "VIC",
        "price": "1150",
        "price_per_unit": "307",
        "price_unit": "G"
      },
      {
        "state": "QLD",
        "price": "1150",
        "price_per_unit": "307",
        "price_unit": "G"
      },
      {
        "state": "WA",
        "price": "1150",
        "price_per_unit": "307",
        "price_unit": "G"
      },
      {
        "state": "SA",
        "price": "1150",
        "price_per_unit": "307",
        "price_unit": "G"
      },
      {
        "state": "TAS",
        "price": "1150",
        "price_per_unit": "307",
        "price_unit": "G"
      },
      {
        "state": "ACT",
        "price": "1150",
        "price_per_unit": "307",
        "price_unit": "G"
      },
      {
        "state": "NT",
        "price": "1200",
        "price_per_unit": "320",
        "price_unit": "G"
      }
    ]
  },
  {
    "source_url": "https://www.woolworths.com.au/shop/productdetails/1075345187/good-change-store-bathroom-cleaner-refill-tablet",
    "name": "Good Change Store Bathroom Cleaner Refill Tablet",
    "image_url": "https://cdn1.woolworths.media/content/wowproductimages/large/1075345187.jpg",
    "source_id": "Woolworths - 1075345187",
    "barcode": null,
    "shop": "Woolworths",
    "weight": "1EA",
    "prices": [
      {
        "state": "NSW",
        "price": "396",
        "price_per_unit": "396",
        "price_unit": "EA"
      },
      {
        "state": "VIC",
        "price": "396",
        "price_per_unit": "396",
        "price_unit": "EA"
      }
    ]
  },
  {
    "source_url": "https://www.woolworths.com.au/shop/productdetails/1074700098/harpic-fresh-power-tropical-blossom-3pk-450ml",
    "name": "Harpic Fresh Power - Tropical Blossom 3PK 450ml",
    "image_url": "https://cdn1.woolworths.media/content/wowproductimages/large/1074700098.jpg",
    "source_id": "Woolworths - 1074700098",
    "barcode": null,
    "shop": "Woolworths",
    "weight": "1EA",
    "prices": [
      {
        "state": "NSW",
        "price": "2700",
        "price_per_unit": "900",
        "price_unit": "EA"
      },
      {
        "state": "VIC",
        "price": "2700",
        "price_per_unit": "900",
        "price_unit": "EA"
      }
    ]
  },
  {
    "source_url": "https://www.woolworths.com.au/shop/productdetails/1074325597/harpic-fresh-power-summer-breeze-3pc-450ml",
    "name": "Harpic Fresh Power Summer Breeze 3pc 450ml",
    "image_url": "https://cdn1.woolworths.media/content/wowproductimages/large/1074325597.jpg",
    "source_id": "Woolworths - 1074325597",
    "barcode": null,
    "shop": "Woolworths",
    "weight": "1EA",
    "prices": [
      {
        "state": "NSW",
        "price": "2400",
        "price_per_unit": "800",
        "price_unit": "EA"
      },
      {
        "state": "VIC",
        "price": "2400",
        "price_per_unit": "800",
        "price_unit": "EA"
      }
    ]
  },
  {
    "source_url": "https://www.woolworths.com.au/shop/productdetails/219553/jif-power-shine-bathroom-spray",
    "name": "Jif Power & Shine Bathroom Spray 500ml",
    "image_url": "https://cdn1.woolworths.media/content/wowproductimages/large/219553.jpg",
    "source_id": "Woolworths - 219553",
    "barcode": "8710522774946",
    "shop": "Woolworths",
    "weight": "100ML",
    "prices": [
      {
        "state": "NSW",
        "price": "400",
        "price_per_unit": "80",
        "price_unit": "ML"
      },
      {
        "state": "VIC",
        "price": "400",
        "price_per_unit": "80",
        "price_unit": "ML"
      },
      {
        "state": "QLD",
        "price": "400",
        "price_per_unit": "80",
        "price_unit": "ML"
      },
      {
        "state": "WA",
        "price": "400",
        "price_per_unit": "80",
        "price_unit": "ML"
      },
      {
        "state": "SA",
        "price": "400",
        "price_per_unit": "80",
        "price_unit": "ML"
      },
      {
        "state": "TAS",
        "price": "400",
        "price_per_unit": "80",
        "price_unit": "ML"
      },
      {
        "state": "ACT",
        "price": "400",
        "price_per_unit": "80",
        "price_unit": "ML"
      },
      {
        "state": "NT",
        "price": "420",
        "price_per_unit": "84",
        "price_unit": "ML"
      }
    ]
  },
  {
    "source_url": "https://www.woolworths.com.au/shop/productdetails/1074751558/joseph-joseph-duo-squeegee-with-suction-holder",
    "name": "Joseph Joseph Duo Squeegee With Suction Holder",
    "image_url": "https://cdn1.woolworths.media/content/wowproductimages/large/1074751558.jpg",
    "source_id": "Woolworths - 1074751558",
    "barcode": null,
    "shop": "Woolworths",
    "weight": null,
    "prices": []
  },
  {
    "source_url": "https://www.woolworths.com.au/shop/productdetails/1076225499/joseph-joseph-easystore-slimline-squeegee-with-storage-hook-grey",
    "name": "Joseph Joseph EasyStore Slimline Squeegee with Storage Hook Grey",
    "image_url": "https://cdn1.woolworths.media/content/wowproductimages/large/1076225499.jpg",
    "source_id": "Woolworths - 1076225499",
    "barcode": null,
    "shop": "Woolworths",
    "weight": "1EA",
    "prices": [
      {
        "state": "NSW",
        "price": "2750",
        "price_per_unit": "2750",
        "price_unit": "EA"
      },
      {
        "state": "VIC",
        "price": "2750",
        "price_per_unit": "2750",
        "price_unit": "EA"
      }
    ]
  },
  {
    "source_url": "https://www.woolworths.com.au/shop/productdetails/1075705478/kemasi-2-in-1-silicone-scrub-brush-home-bathroom-kitchen-cleaning-6pk",
    "name": "Kemasi 2 In 1 Silicone Scrub Brush Home Bathroom Kitchen Cleaning 6PK",
    "image_url": "https://cdn1.woolworths.media/content/wowproductimages/large/1075705478.jpg",
    "source_id": "Woolworths - 1075705478",
    "barcode": null,
    "shop": "Woolworths",
    "weight": "1EA",
    "prices": [
      {
        "state": "NSW",
        "price": "3600",
        "price_per_unit": "600",
        "price_unit": "EA"
      },
      {
        "state": "VIC",
        "price": "3600",
        "price_per_unit": "600",
        "price_unit": "EA"
      }
    ]
  },
  {
    "source_url": "https://www.woolworths.com.au/shop/productdetails/1075705471/kemasi-cleaning-brush-home-bathroom-kitchen-cleaning-assorted-6pk-80cm",
    "name": "Kemasi Cleaning Brush - Home Bathroom Kitchen Cleaning Assorted 6PK 80cm",
    "image_url": "https://cdn1.woolworths.media/content/wowproductimages/large/1075705471.jpg",
    "source_id": "Woolworths - 1075705471",
    "barcode": null,
    "shop": "Woolworths",
    "weight": "1EA",
    "prices": [
      {
        "state": "NSW",
        "price": "2800",
        "price_per_unit": "467",
        "price_unit": "EA"
      },
      {
        "state": "VIC",
        "price": "2800",
        "price_per_unit": "467",
        "price_unit": "EA"
      }
    ]
  },
  {
    "source_url": "https://www.woolworths.com.au/shop/productdetails/1075705476/kemasi-scrub-brush-home-bathroom-kitchen-cleaning-12pk",
    "name": "Kemasi Scrub Brush Home Bathroom Kitchen Cleaning 12PK",
    "image_url": "https://cdn1.woolworths.media/content/wowproductimages/large/1075705476.jpg",
    "source_id": "Woolworths - 1075705476",
    "barcode": null,
    "shop": "Woolworths",
    "weight": "1EA",
    "prices": [
      {
        "state": "NSW",
        "price": "3600",
        "price_per_unit": "300",
        "price_unit": "EA"
      },
      {
        "state": "VIC",
        "price": "3600",
        "price_per_unit": "300",
        "price_unit": "EA"
      }
    ]
  },
  {
    "source_url": "https://www.woolworths.com.au/shop/productdetails/1075705497/kemasi-washing-brushes-home-kitchen-bathroom-cleaning-6x-3pc",
    "name": "Kemasi Washing Brushes Home Kitchen Bathroom Cleaning 6x 3pc",
    "image_url": "https://cdn1.woolworths.media/content/wowproductimages/large/1075705497.jpg",
    "source_id": "Woolworths - 1075705497",
    "barcode": null,
    "shop": "Woolworths",
    "weight": "1EA",
    "prices": [
      {
        "state": "NSW",
        "price": "2900",
        "price_per_unit": "483",
        "price_unit": "EA"
      },
      {
        "state": "VIC",
        "price": "2900",
        "price_per_unit": "483",
        "price_unit": "EA"
      }
    ]
  },
  {
    "source_url": "https://www.woolworths.com.au/shop/productdetails/906381/maison-muse-bathroom-cleaner-aloe-eucalyptus",
    "name": "Maison & Muse Bathroom Cleaner Aloe & Eucalyptus 500mL",
    "image_url": "https://cdn1.woolworths.media/content/wowproductimages/large/906381.jpg",
    "source_id": "Woolworths - 906381",
    "barcode": "9421035733946",
    "shop": "Woolworths",
    "weight": "100ML",
    "prices": [
      {
        "state": "NSW",
        "price": "390",
        "price_per_unit": "78",
        "price_unit": "ML"
      },
      {
        "state": "VIC",
        "price": "390",
        "price_per_unit": "78",
        "price_unit": "ML"
      },
      {
        "state": "QLD",
        "price": "390",
        "price_per_unit": "78",
        "price_unit": "ML"
      },
      {
        "state": "SA",
        "price": "390",
        "price_per_unit": "78",
        "price_unit": "ML"
      },
      {
        "state": "NT",
        "price": "390",
        "price_per_unit": "78",
        "price_unit": "ML"
      }
    ]
  },
  {
    "source_url": "https://www.woolworths.com.au/shop/productdetails/1074325535/northfork-geca-toilet-urinal-cleaner-5l",
    "name": "Northfork Geca Toilet & Urinal Cleaner 5L",
    "image_url": "https://cdn1.woolworths.media/content/wowproductimages/large/1074325535.jpg",
    "source_id": "Woolworths - 1074325535",
    "barcode": null,
    "shop": "Woolworths",
    "weight": "100ML",
    "prices": [
      {
        "state": "NSW",
        "price": "5310",
        "price_per_unit": "106",
        "price_unit": "ML"
      },
      {
        "state": "VIC",
        "price": "5310",
        "price_per_unit": "106",
        "price_unit": "ML"
      }
    ]
  },
  {
    "source_url": "https://www.woolworths.com.au/shop/productdetails/1076109264/northfork-general-bathroom-cleaner-750ml",
    "name": "Northfork General Bathroom Cleaner 750mL",
    "image_url": "https://cdn1.woolworths.media/content/wowproductimages/large/1076109264.jpg",
    "source_id": "Woolworths - 1076109264",
    "barcode": null,
    "shop": "Woolworths",
    "weight": "1EA",
    "prices": [
      {
        "state": "NSW",
        "price": "2495",
        "price_per_unit": "2495",
        "price_unit": "EA"
      },
      {
        "state": "VIC",
        "price": "2495",
        "price_per_unit": "2495",
        "price_unit": "EA"
      }
    ]
  },
  {
    "source_url": "https://www.woolworths.com.au/shop/productdetails/1076052428/northfork-hosptial-grade-toilet-bowl-and-urinal-cleaner-5l-",
    "name": "Northfork Hosptial Grade Toilet Bowl and Urinal Cleaner (5L)",
    "image_url": "https://cdn1.woolworths.media/content/wowproductimages/large/1076052428.jpg",
    "source_id": "Woolworths - 1076052428",
    "barcode": null,
    "shop": "Woolworths",
    "weight": "1EA",
    "prices": [
      {
        "state": "NSW",
        "price": "5895",
        "price_per_unit": "5895",
        "price_unit": "EA"
      },
      {
        "state": "VIC",
        "price": "5895",
        "price_per_unit": "5895",
        "price_unit": "EA"
      }
    ]
  },
  {
    "source_url": "https://www.woolworths.com.au/shop/productdetails/1076109293/northfork-toilet-bowl-and-urinal-cleaner-1l",
    "name": "Northfork Toilet Bowl and Urinal Cleaner 1L",
    "image_url": "https://cdn1.woolworths.media/content/wowproductimages/large/1076109293.jpg",
    "source_id": "Woolworths - 1076109293",
    "barcode": null,
    "shop": "Woolworths",
    "weight": "1EA",
    "prices": [
      {
        "state": "NSW",
        "price": "2295",
        "price_per_unit": "2295",
        "price_unit": "EA"
      },
      {
        "state": "VIC",
        "price": "2295",
        "price_per_unit": "2295",
        "price_unit": "EA"
      }
    ]
  },
  {
    "source_url": "https://www.woolworths.com.au/shop/productdetails/1076052434/northfork-urinal-deodorant-blocks-4kg-",
    "name": "Northfork Urinal Deodorant Blocks (4kg)",
    "image_url": "https://cdn1.woolworths.media/content/wowproductimages/large/1076052434.jpg",
    "source_id": "Woolworths - 1076052434",
    "barcode": null,
    "shop": "Woolworths",
    "weight": "1EA",
    "prices": [
      {
        "state": "NSW",
        "price": "14095",
        "price_per_unit": "14095",
        "price_unit": "EA"
      },
      {
        "state": "VIC",
        "price": "14095",
        "price_per_unit": "14095",
        "price_unit": "EA"
      }
    ]
  },
  {
    "source_url": "https://www.woolworths.com.au/shop/productdetails/368419/ozkleen-mould-power-mould-cleaner-killer-trigger",
    "name": "OzKleen Mould Power Mould Cleaner & Killer Trigger 500mL",
    "image_url": "https://cdn1.woolworths.media/content/wowproductimages/large/368419.jpg",
    "source_id": "Woolworths - 368419",
    "barcode": "803678000774",
    "shop": "Woolworths",
    "weight": "100ML",
    "prices": [
      {
        "state": "NSW",
        "price": "740",
        "price_per_unit": "148",
        "price_unit": "ML"
      },
      {
        "state": "VIC",
        "price": "740",
        "price_per_unit": "148",
        "price_unit": "ML"
      },
      {
        "state": "QLD",
        "price": "740",
        "price_per_unit": "148",
        "price_unit": "ML"
      },
      {
        "state": "WA",
        "price": "740",
        "price_per_unit": "148",
        "price_unit": "ML"
      },
      {
        "state": "SA",
        "price": "740",
        "price_per_unit": "148",
        "price_unit": "ML"
      },
      {
        "state": "TAS",
        "price": "740",
        "price_per_unit": "148",
        "price_unit": "ML"
      },
      {
        "state": "ACT",
        "price": "740",
        "price_per_unit": "148",
        "price_unit": "ML"
      },
      {
        "state": "NT",
        "price": "775",
        "price_per_unit": "155",
        "price_unit": "ML"
      }
    ]
  },
  {
    "source_url": "https://www.woolworths.com.au/shop/productdetails/57247/ozkleen-shower-power-citrus-bathroom-shower-cleaner-squeeze-pack",
    "name": "OzKleen Shower Power Citrus Bathroom & Shower Cleaner Squeeze Pack 750mL",
    "image_url": "https://cdn1.woolworths.media/content/wowproductimages/large/057247.jpg",
    "source_id": "Woolworths - 57247",
    "barcode": "9319824100010",
    "shop": "Woolworths",
    "weight": "100ML",
    "prices": [
      {
        "state": "NSW",
        "price": "730",
        "price_per_unit": "97",
        "price_unit": "ML"
      },
      {
        "state": "VIC",
        "price": "730",
        "price_per_unit": "97",
        "price_unit": "ML"
      },
      {
        "state": "QLD",
        "price": "730",
        "price_per_unit": "97",
        "price_unit": "ML"
      },
      {
        "state": "WA",
        "price": "730",
        "price_per_unit": "97",
        "price_unit": "ML"
      },
      {
        "state": "SA",
        "price": "730",
        "price_per_unit": "97",
        "price_unit": "ML"
      },
      {
        "state": "TAS",
        "price": "730",
        "price_per_unit": "97",
        "price_unit": "ML"
      },
      {
        "state": "ACT",
        "price": "730",
        "price_per_unit": "97",
        "price_unit": "ML"
      },
      {
        "state": "NT",
        "price": "765",
        "price_per_unit": "102",
        "price_unit": "ML"
      }
    ]
  },
  {
    "source_url": "https://www.woolworths.com.au/shop/productdetails/112775/ozkleen-shower-power-citrus-bathroom-shower-cleaner-trigger",
    "name": "OzKleen Shower Power Citrus Bathroom & Shower Cleaner Trigger 500mL",
    "image_url": "https://cdn1.woolworths.media/content/wowproductimages/large/112775.jpg",
    "source_id": "Woolworths - 112775",
    "barcode": "9319824100133",
    "shop": "Woolworths",
    "weight": "100ML",
    "prices": [
      {
        "state": "NSW",
        "price": "735",
        "price_per_unit": "147",
        "price_unit": "ML"
      },
      {
        "state": "VIC",
        "price": "735",
        "price_per_unit": "147",
        "price_unit": "ML"
      },
      {
        "state": "QLD",
        "price": "735",
        "price_per_unit": "147",
        "price_unit": "ML"
      },
      {
        "state": "WA",
        "price": "735",
        "price_per_unit": "147",
        "price_unit": "ML"
      },
      {
        "state": "SA",
        "price": "735",
        "price_per_unit": "147",
        "price_unit": "ML"
      },
      {
        "state": "TAS",
        "price": "735",
        "price_per_unit": "147",
        "price_unit": "ML"
      },
      {
        "state": "ACT",
        "price": "735",
        "price_per_unit": "147",
        "price_unit": "ML"
      },
      {
        "state": "NT",
        "price": "770",
        "price_per_unit": "154",
        "price_unit": "ML"
      }
    ]
  },
  {
    "source_url": "https://www.woolworths.com.au/shop/productdetails/552526/air-wick-vipoo-fruity-pin-up-toilet-spray",
    "name": "Air Wick VIPoo Fruity Pin Up Toilet Spray 55ml",
    "image_url": "https://cdn1.woolworths.media/content/wowproductimages/large/552526.jpg",
    "source_id": "Woolworths - 552526",
    "barcode": "5011417567111",
    "shop": "Woolworths",
    "weight": "100ML",
    "prices": [
      {
        "state": "VIC",
        "price": "1150",
        "price_per_unit": "2091",
        "price_unit": "ML"
      },
      {
        "state": "QLD",
        "price": "1150",
        "price_per_unit": "2091",
        "price_unit": "ML"
      },
      {
        "state": "WA",
        "price": "1150",
        "price_per_unit": "2091",
        "price_unit": "ML"
      },
      {
        "state": "SA",
        "price": "1150",
        "price_per_unit": "2091",
        "price_unit": "ML"
      },
      {
        "state": "TAS",
        "price": "1150",
        "price_per_unit": "2091",
        "price_unit": "ML"
      },
      {
        "state": "ACT",
        "price": "1150",
        "price_per_unit": "2091",
        "price_unit": "ML"
      }
    ]
  },
  {
    "source_url": "https://www.woolworths.com.au/shop/productdetails/311776/banyar-jagun-bathroom-cleaner-native-river-mint",
    "name": "Banyar Jagun Bathroom Cleaner Native River Mint 500ml",
    "image_url": "https://cdn1.woolworths.media/content/wowproductimages/large/311776.jpg",
    "source_id": "Woolworths - 311776",
    "barcode": "9309000930029",
    "shop": "Woolworths",
    "weight": "100ML",
    "prices": [
      {
        "state": "VIC",
        "price": "535",
        "price_per_unit": "107",
        "price_unit": "ML"
      },
      {
        "state": "QLD",
        "price": "535",
        "price_per_unit": "107",
        "price_unit": "ML"
      },
      {
        "state": "SA",
        "price": "535",
        "price_per_unit": "107",
        "price_unit": "ML"
      },
      {
        "state": "ACT",
        "price": "535",
        "price_per_unit": "107",
        "price_unit": "ML"
      },
      {
        "state": "NT",
        "price": "535",
        "price_per_unit": "107",
        "price_unit": "ML"
      }
    ]
  },
  {
    "source_url": "https://www.woolworths.com.au/shop/productdetails/220975/cleanery-bathroom-cleaner-refill-kanuka-mint",
    "name": "Cleanery Bathroom Cleaner Refill Kanuka & Mint 16g",
    "image_url": "https://cdn1.woolworths.media/content/wowproductimages/large/220975.jpg",
    "source_id": "Woolworths - 220975",
    "barcode": "9421036260151",
    "shop": "Woolworths",
    "weight": "100G",
    "prices": [
      {
        "state": "VIC",
        "price": "360",
        "price_per_unit": "2250",
        "price_unit": "G"
      },
      {
        "state": "QLD",
        "price": "360",
        "price_per_unit": "2250",
        "price_unit": "G"
      },
      {
        "state": "SA",
        "price": "360",
        "price_per_unit": "2250",
        "price_unit": "G"
      },
      {
        "state": "ACT",
        "price": "360",
        "price_per_unit": "2250",
        "price_unit": "G"
      },
      {
        "state": "NT",
        "price": "360",
        "price_per_unit": "2250",
        "price_unit": "G"
      }
    ]
  },
  {
    "source_url": "https://www.woolworths.com.au/shop/productdetails/122719/cove-bathroom-shower-cleaner-refill",
    "name": "Cove Bathroom & Shower Cleaner Refill 125ml",
    "image_url": "https://cdn1.woolworths.media/content/wowproductimages/large/122719.jpg",
    "source_id": "Woolworths - 122719",
    "barcode": "9310692181217",
    "shop": "Woolworths",
    "weight": "100ML",
    "prices": [
      {
        "state": "VIC",
        "price": "350",
        "price_per_unit": "280",
        "price_unit": "ML"
      },
      {
        "state": "QLD",
        "price": "350",
        "price_per_unit": "280",
        "price_unit": "ML"
      },
      {
        "state": "SA",
        "price": "350",
        "price_per_unit": "280",
        "price_unit": "ML"
      },
      {
        "state": "ACT",
        "price": "350",
        "price_per_unit": "280",
        "price_unit": "ML"
      },
      {
        "state": "NT",
        "price": "350",
        "price_per_unit": "280",
        "price_unit": "ML"
      }
    ]
  },
  {
    "source_url": "https://www.woolworths.com.au/shop/productdetails/123954/cove-bathroom-cleaner",
    "name": "Cove Bathroom Cleaner 475ml",
    "image_url": "https://cdn1.woolworths.media/content/wowproductimages/large/123954.jpg",
    "source_id": "Woolworths - 123954",
    "barcode": "9310692181248",
    "shop": "Woolworths",
    "weight": "100ML",
    "prices": [
      {
        "state": "VIC",
        "price": "1000",
        "price_per_unit": "211",
        "price_unit": "ML"
      },
      {
        "state": "QLD",
        "price": "1000",
        "price_per_unit": "211",
        "price_unit": "ML"
      },
      {
        "state": "SA",
        "price": "1000",
        "price_per_unit": "211",
        "price_unit": "ML"
      },
      {
        "state": "ACT",
        "price": "1000",
        "price_per_unit": "211",
        "price_unit": "ML"
      },
      {
        "state": "NT",
        "price": "1000",
        "price_per_unit": "211",
        "price_unit": "ML"
      }
    ]
  },
  {
    "source_url": "https://www.woolworths.com.au/shop/productdetails/824959/duck-foaming-bleach-gel-citrus",
    "name": "Duck Foaming Bleach Gel Citrus 750ml",
    "image_url": "https://cdn1.woolworths.media/content/wowproductimages/large/824959.jpg",
    "source_id": "Woolworths - 824959",
    "barcode": "9300622002637",
    "shop": "Woolworths",
    "weight": "100ML",
    "prices": [
      {
        "state": "VIC",
        "price": "680",
        "price_per_unit": "91",
        "price_unit": "ML"
      },
      {
        "state": "QLD",
        "price": "680",
        "price_per_unit": "91",
        "price_unit": "ML"
      },
      {
        "state": "WA",
        "price": "680",
        "price_per_unit": "91",
        "price_unit": "ML"
      },
      {
        "state": "SA",
        "price": "680",
        "price_per_unit": "91",
        "price_unit": "ML"
      },
      {
        "state": "ACT",
        "price": "680",
        "price_per_unit": "91",
        "price_unit": "ML"
      },
      {
        "state": "NT",
        "price": "715",
        "price_per_unit": "95",
        "price_unit": "ML"
      }
    ]
  },
  {
    "source_url": "https://www.woolworths.com.au/shop/productdetails/185523/eco-turtles-bathroom-cleaning-tablet",
    "name": "Eco Turtles Bathroom Cleaning Tablet 5g",
    "image_url": "https://cdn1.woolworths.media/content/wowproductimages/large/185523.jpg",
    "source_id": "Woolworths - 185523",
    "barcode": "9353327000217",
    "shop": "Woolworths",
    "weight": "1EA",
    "prices": [
      {
        "state": "VIC",
        "price": "600",
        "price_per_unit": "600",
        "price_unit": "EA"
      },
      {
        "state": "QLD",
        "price": "600",
        "price_per_unit": "600",
        "price_unit": "EA"
      },
      {
        "state": "ACT",
        "price": "600",
        "price_per_unit": "600",
        "price_unit": "EA"
      },
      {
        "state": "NT",
        "price": "600",
        "price_per_unit": "600",
        "price_unit": "EA"
      }
    ]
  },
  {
    "source_url": "https://www.woolworths.com.au/shop/productdetails/162051/ecostore-bathroom-shower-cleaner-refill-concentrate",
    "name": "Ecostore Bathroom & Shower Cleaner Refill Concentrate 50ml",
    "image_url": "https://cdn1.woolworths.media/content/wowproductimages/large/162051.jpg",
    "source_id": "Woolworths - 162051",
    "barcode": "9420015011500",
    "shop": "Woolworths",
    "weight": "100ML",
    "prices": [
      {
        "state": "VIC",
        "price": "550",
        "price_per_unit": "1100",
        "price_unit": "ML"
      },
      {
        "state": "QLD",
        "price": "550",
        "price_per_unit": "1100",
        "price_unit": "ML"
      },
      {
        "state": "SA",
        "price": "550",
        "price_per_unit": "1100",
        "price_unit": "ML"
      },
      {
        "state": "ACT",
        "price": "550",
        "price_per_unit": "1100",
        "price_unit": "ML"
      },
      {
        "state": "NT",
        "price": "575",
        "price_per_unit": "1150",
        "price_unit": "ML"
      }
    ]
  },
  {
    "source_url": "https://www.woolworths.com.au/shop/productdetails/368261/ecostore-bathroom-shower-cleaner-spray",
    "name": "Ecostore Bathroom & Shower Cleaner Spray 500ml",
    "image_url": "https://cdn1.woolworths.media/content/wowproductimages/large/368261.jpg",
    "source_id": "Woolworths - 368261",
    "barcode": "9420015002102",
    "shop": "Woolworths",
    "weight": "100ML",
    "prices": [
      {
        "state": "VIC",
        "price": "650",
        "price_per_unit": "130",
        "price_unit": "ML"
      },
      {
        "state": "QLD",
        "price": "650",
        "price_per_unit": "130",
        "price_unit": "ML"
      },
      {
        "state": "SA",
        "price": "650",
        "price_per_unit": "130",
        "price_unit": "ML"
      },
      {
        "state": "ACT",
        "price": "650",
        "price_per_unit": "130",
        "price_unit": "ML"
      },
      {
        "state": "NT",
        "price": "650",
        "price_per_unit": "130",
        "price_unit": "ML"
      }
    ]
  },
  {
    "source_url": "https://www.woolworths.com.au/shop/productdetails/909081/good-change-bathroom-cleaner-refill-tablet-eucalyptus-mint",
    "name": "Good Change Bathroom Cleaner Refill Tablet Eucalyptus & Mint each",
    "image_url": "https://cdn1.woolworths.media/content/wowproductimages/large/909081.jpg",
    "source_id": "Woolworths - 909081",
    "barcode": "9421905637275",
    "shop": "Woolworths",
    "weight": "1EA",
    "prices": [
      {
        "state": "VIC",
        "price": "495",
        "price_per_unit": "495",
        "price_unit": "EA"
      },
      {
        "state": "QLD",
        "price": "495",
        "price_per_unit": "495",
        "price_unit": "EA"
      },
      {
        "state": "SA",
        "price": "495",
        "price_per_unit": "495",
        "price_unit": "EA"
      },
      {
        "state": "ACT",
        "price": "495",
        "price_per_unit": "495",
        "price_unit": "EA"
      },
      {
        "state": "NT",
        "price": "520",
        "price_per_unit": "520",
        "price_unit": "EA"
      }
    ]
  },
  {
    "source_url": "https://www.woolworths.com.au/shop/productdetails/165878/resolv-bathroom-cleaner-pod-pomegranate-cherry",
    "name": "Resolv Bathroom Cleaner Pod Pomegranate & Cherry 10ml",
    "image_url": "https://cdn1.woolworths.media/content/wowproductimages/large/165878.jpg",
    "source_id": "Woolworths - 165878",
    "barcode": "9420035619670",
    "shop": "Woolworths",
    "weight": "100ML",
    "prices": [
      {
        "state": "QLD",
        "price": "400",
        "price_per_unit": "53",
        "price_unit": "ML"
      },
      {
        "state": "SA",
        "price": "400",
        "price_per_unit": "53",
        "price_unit": "ML"
      },
      {
        "state": "ACT",
        "price": "400",
        "price_per_unit": "53",
        "price_unit": "ML"
      },
      {
        "state": "NT",
        "price": "400",
        "price_per_unit": "53",
        "price_unit": "ML"
      }
    ]
  },
  {
    "source_url": "https://www.woolworths.com.au/shop/productdetails/173877/restor-concentrated-cleaning-tablet-refill-bottle-bathroom",
    "name": "Restor Concentrated Cleaning Tablet & Refill Bottle Bathroom Each",
    "image_url": "https://cdn1.woolworths.media/content/wowproductimages/large/173877.jpg",
    "source_id": "Woolworths - 173877",
    "barcode": "9421035731454",
    "shop": "Woolworths",
    "weight": "100ML",
    "prices": [
      {
        "state": "QLD",
        "price": "500",
        "price_per_unit": "100",
        "price_unit": "ML"
      },
      {
        "state": "SA",
        "price": "500",
        "price_per_unit": "100",
        "price_unit": "ML"
      },
      {
        "state": "ACT",
        "price": "500",
        "price_per_unit": "100",
        "price_unit": "ML"
      },
      {
        "state": "NT",
        "price": "500",
        "price_per_unit": "100",
        "price_unit": "ML"
      }
    ]
  },
  {
    "source_url": "https://www.woolworths.com.au/shop/productdetails/174161/restor-concentrated-cleaning-tablet-bathroom-grapefruit",
    "name": "Restor Concentrated Cleaning Tablet Bathroom Grapefruit 2 Pack",
    "image_url": "https://cdn1.woolworths.media/content/wowproductimages/large/174161.jpg",
    "source_id": "Woolworths - 174161",
    "barcode": "9421035731508",
    "shop": "Woolworths",
    "weight": "100ML",
    "prices": [
      {
        "state": "QLD",
        "price": "630",
        "price_per_unit": "63",
        "price_unit": "ML"
      },
      {
        "state": "SA",
        "price": "630",
        "price_per_unit": "63",
        "price_unit": "ML"
      },
      {
        "state": "ACT",
        "price": "630",
        "price_per_unit": "63",
        "price_unit": "ML"
      },
      {
        "state": "NT",
        "price": "630",
        "price_per_unit": "63",
        "price_unit": "ML"
      }
    ]
  },
  {
    "source_url": "https://www.woolworths.com.au/shop/productdetails/296815/saba-organics-bathroom-cleaning-spray-alpine-forest",
    "name": "Saba Organics Bathroom Cleaning Spray Alpine Forest 500ml",
    "image_url": "https://cdn1.woolworths.media/content/wowproductimages/large/296815.jpg",
    "source_id": "Woolworths - 296815",
    "barcode": "9353548001222",
    "shop": "Woolworths",
    "weight": "100ML",
    "prices": [
      {
        "state": "QLD",
        "price": "475",
        "price_per_unit": "95",
        "price_unit": "ML"
      },
      {
        "state": "WA",
        "price": "475",
        "price_per_unit": "95",
        "price_unit": "ML"
      },
      {
        "state": "SA",
        "price": "475",
        "price_per_unit": "95",
        "price_unit": "ML"
      },
      {
        "state": "TAS",
        "price": "475",
        "price_per_unit": "95",
        "price_unit": "ML"
      },
      {
        "state": "ACT",
        "price": "475",
        "price_per_unit": "95",
        "price_unit": "ML"
      },
      {
        "state": "NT",
        "price": "475",
        "price_per_unit": "95",
        "price_unit": "ML"
      }
    ]
  },
  {
    "source_url": "https://www.woolworths.com.au/shop/productdetails/158988/selley-s-bathroom-cleaner-rapid-mould-killer-trigger",
    "name": "Selley's Bathroom Cleaner Rapid Mould Killer Trigger 500mL",
    "image_url": "https://cdn1.woolworths.media/content/wowproductimages/large/158988.jpg",
    "source_id": "Woolworths - 158988",
    "barcode": "9300697113252",
    "shop": "Woolworths",
    "weight": "100ML",
    "prices": [
      {
        "state": "QLD",
        "price": "645",
        "price_per_unit": "129",
        "price_unit": "ML"
      },
      {
        "state": "WA",
        "price": "645",
        "price_per_unit": "129",
        "price_unit": "ML"
      },
      {
        "state": "SA",
        "price": "645",
        "price_per_unit": "129",
        "price_unit": "ML"
      },
      {
        "state": "TAS",
        "price": "645",
        "price_per_unit": "129",
        "price_unit": "ML"
      },
      {
        "state": "ACT",
        "price": "645",
        "price_per_unit": "129",
        "price_unit": "ML"
      },
      {
        "state": "NT",
        "price": "675",
        "price_per_unit": "135",
        "price_unit": "ML"
      }
    ]
  },
  {
    "source_url": "https://www.woolworths.com.au/shop/productdetails/790987/sparkle-daily-shower-cleaner-spring-fresh",
    "name": "Sparkle Daily Shower Cleaner Spring Fresh 750ml",
    "image_url": "https://cdn1.woolworths.media/content/wowproductimages/large/790987.jpg",
    "source_id": "Woolworths - 790987",
    "barcode": "9300764049057",
    "shop": "Woolworths",
    "weight": "100ML",
    "prices": [
      {
        "state": "QLD",
        "price": "530",
        "price_per_unit": "71",
        "price_unit": "ML"
      },
      {
        "state": "WA",
        "price": "530",
        "price_per_unit": "71",
        "price_unit": "ML"
      },
      {
        "state": "SA",
        "price": "530",
        "price_per_unit": "71",
        "price_unit": "ML"
      },
      {
        "state": "TAS",
        "price": "530",
        "price_per_unit": "71",
        "price_unit": "ML"
      },
      {
        "state": "ACT",
        "price": "530",
        "price_per_unit": "71",
        "price_unit": "ML"
      },
      {
        "state": "NT",
        "price": "530",
        "price_per_unit": "71",
        "price_unit": "ML"
      }
    ]
  },
  {
    "source_url": "https://www.woolworths.com.au/shop/productdetails/241954/strike-bath-shower-cleaner-refill-spring-breeze",
    "name": "Strike Bath & Shower Cleaner Refill Spring Breeze 20ml",
    "image_url": "https://cdn1.woolworths.media/content/wowproductimages/large/241954.jpg",
    "source_id": "Woolworths - 241954",
    "barcode": "9339687314737",
    "shop": "Woolworths",
    "weight": "100ML",
    "prices": [
      {
        "state": "QLD",
        "price": "170",
        "price_per_unit": "850",
        "price_unit": "ML"
      },
      {
        "state": "WA",
        "price": "170",
        "price_per_unit": "850",
        "price_unit": "ML"
      },
      {
        "state": "SA",
        "price": "170",
        "price_per_unit": "850",
        "price_unit": "ML"
      },
      {
        "state": "TAS",
        "price": "170",
        "price_per_unit": "850",
        "price_unit": "ML"
      },
      {
        "state": "ACT",
        "price": "170",
        "price_per_unit": "850",
        "price_unit": "ML"
      },
      {
        "state": "NT",
        "price": "170",
        "price_per_unit": "850",
        "price_unit": "ML"
      }
    ]
  },
  {
    "source_url": "https://www.woolworths.com.au/shop/productdetails/183852/strike-pro-bath-shower-spray-cleaner-spring-breeze",
    "name": "Strike Pro Bath & Shower Spray Cleaner Spring Breeze 750ml",
    "image_url": "https://cdn1.woolworths.media/content/wowproductimages/large/183852.jpg",
    "source_id": "Woolworths - 183852",
    "barcode": "9339687276684",
    "shop": "Woolworths",
    "weight": "100ML",
    "prices": [
      {
        "state": "QLD",
        "price": "275",
        "price_per_unit": "37",
        "price_unit": "ML"
      },
      {
        "state": "WA",
        "price": "275",
        "price_per_unit": "37",
        "price_unit": "ML"
      },
      {
        "state": "SA",
        "price": "275",
        "price_per_unit": "37",
        "price_unit": "ML"
      },
      {
        "state": "TAS",
        "price": "275",
        "price_per_unit": "37",
        "price_unit": "ML"
      },
      {
        "state": "ACT",
        "price": "275",
        "price_per_unit": "37",
        "price_unit": "ML"
      },
      {
        "state": "NT",
        "price": "275",
        "price_per_unit": "37",
        "price_unit": "ML"
      }
    ]
  },
  {
    "source_url": "https://www.woolworths.com.au/shop/productdetails/183955/strike-pro-mould-killer-spray",
    "name": "Strike Pro Mould Killer Spray 500ml",
    "image_url": "https://cdn1.woolworths.media/content/wowproductimages/large/183955.jpg",
    "source_id": "Woolworths - 183955",
    "barcode": "9339687276547",
    "shop": "Woolworths",
    "weight": "100ML",
    "prices": [
      {
        "state": "QLD",
        "price": "295",
        "price_per_unit": "59",
        "price_unit": "ML"
      },
      {
        "state": "WA",
        "price": "295",
        "price_per_unit": "59",
        "price_unit": "ML"
      },
      {
        "state": "SA",
        "price": "295",
        "price_per_unit": "59",
        "price_unit": "ML"
      },
      {
        "state": "TAS",
        "price": "295",
        "price_per_unit": "59",
        "price_unit": "ML"
      },
      {
        "state": "NT",
        "price": "295",
        "price_per_unit": "59",
        "price_unit": "ML"
      }
    ]
  },
  {
    "source_url": "https://www.woolworths.com.au/shop/productdetails/90685/supreme-cloudy-ammonia",
    "name": "Supreme Cloudy Ammonia 1l",
    "image_url": "https://cdn1.woolworths.media/content/wowproductimages/large/090685.jpg",
    "source_id": "Woolworths - 90685",
    "barcode": "9331833001935",
    "shop": "Woolworths",
    "weight": "100ML",
    "prices": [
      {
        "state": "QLD",
        "price": "195",
        "price_per_unit": "20",
        "price_unit": "ML"
      },
      {
        "state": "WA",
        "price": "195",
        "price_per_unit": "20",
        "price_unit": "ML"
      },
      {
        "state": "SA",
        "price": "195",
        "price_per_unit": "20",
        "price_unit": "ML"
      },
      {
        "state": "TAS",
        "price": "195",
        "price_per_unit": "20",
        "price_unit": "ML"
      },
      {
        "state": "ACT",
        "price": "195",
        "price_per_unit": "20",
        "price_unit": "ML"
      },
      {
        "state": "NT",
        "price": "195",
        "price_per_unit": "20",
        "price_unit": "ML"
      }
    ]
  },
  {
    "source_url": "https://www.woolworths.com.au/shop/productdetails/224613/white-king-bathroom-power-gel-lemon",
    "name": "White King Bathroom Power Gel Lemon 750ml",
    "image_url": "https://cdn1.woolworths.media/content/wowproductimages/large/224613.jpg",
    "source_id": "Woolworths - 224613",
    "barcode": "9333441000867",
    "shop": "Woolworths",
    "weight": "100ML",
    "prices": [
      {
        "state": "QLD",
        "price": "380",
        "price_per_unit": "51",
        "price_unit": "ML"
      },
      {
        "state": "WA",
        "price": "380",
        "price_per_unit": "51",
        "price_unit": "ML"
      },
      {
        "state": "SA",
        "price": "380",
        "price_per_unit": "51",
        "price_unit": "ML"
      },
      {
        "state": "TAS",
        "price": "380",
        "price_per_unit": "51",
        "price_unit": "ML"
      },
      {
        "state": "ACT",
        "price": "380",
        "price_per_unit": "51",
        "price_unit": "ML"
      },
      {
        "state": "NT",
        "price": "380",
        "price_per_unit": "51",
        "price_unit": "ML"
      }
    ]
  },
  {
    "source_url": "https://www.woolworths.com.au/shop/productdetails/258166/white-king-mould-scum-remover-lemon",
    "name": "White King Mould & Scum Remover Lemon 500ml",
    "image_url": "https://cdn1.woolworths.media/content/wowproductimages/large/258166.jpg",
    "source_id": "Woolworths - 258166",
    "barcode": "9333441000737",
    "shop": "Woolworths",
    "weight": "100ML",
    "prices": [
      {
        "state": "QLD",
        "price": "495",
        "price_per_unit": "99",
        "price_unit": "ML"
      },
      {
        "state": "WA",
        "price": "495",
        "price_per_unit": "99",
        "price_unit": "ML"
      },
      {
        "state": "SA",
        "price": "495",
        "price_per_unit": "99",
        "price_unit": "ML"
      },
      {
        "state": "TAS",
        "price": "495",
        "price_per_unit": "99",
        "price_unit": "ML"
      },
      {
        "state": "ACT",
        "price": "495",
        "price_per_unit": "99",
        "price_unit": "ML"
      },
      {
        "state": "NT",
        "price": "495",
        "price_per_unit": "99",
        "price_unit": "ML"
      }
    ]
  },
  {
    "source_url": "https://www.woolworths.com.au/shop/productdetails/86753/windex-shower-cleaner-spray-trigger",
    "name": "Windex Shower Cleaner Spray Trigger 750ml",
    "image_url": "https://cdn1.woolworths.media/content/wowproductimages/large/086753.jpg",
    "source_id": "Woolworths - 86753",
    "barcode": "9300622052182",
    "shop": "Woolworths",
    "weight": "100ML",
    "prices": [
      {
        "state": "QLD",
        "price": "590",
        "price_per_unit": "79",
        "price_unit": "ML"
      },
      {
        "state": "WA",
        "price": "590",
        "price_per_unit": "79",
        "price_unit": "ML"
      },
      {
        "state": "SA",
        "price": "590",
        "price_per_unit": "79",
        "price_unit": "ML"
      },
      {
        "state": "TAS",
        "price": "590",
        "price_per_unit": "79",
        "price_unit": "ML"
      },
      {
        "state": "ACT",
        "price": "590",
        "price_per_unit": "79",
        "price_unit": "ML"
      }
    ]
  },
  {
    "source_url": "https://www.woolworths.com.au/shop/productdetails/179140/britex-grout-tile-spray",
    "name": "Britex Grout & Tile Spray 500ml",
    "image_url": "https://cdn1.woolworths.media/content/wowproductimages/large/179140.jpg",
    "source_id": "Woolworths - 179140",
    "barcode": "9331562001640",
    "shop": "Woolworths",
    "weight": "0",
    "prices": []
  }
]