[
  {
    "source_url": "https://www.woolworths.com.au/shop/productdetails/206839/bosisto-s-antibacterial-solution-eucalyptus-lemon-myrtle",
    "name": "Bosisto's Antibacterial Solution Eucalyptus & Lemon Myrtle 500ml",
    "image_url": "https://cdn1.woolworths.media/content/wowproductimages/large/206839.jpg",
    "source_id": "Woolworths - 206839",
    "barcode": "9300710000712",
    "shop": "Woolworths",
    "weight": "100ML",
    "prices": [
      {
        "state": "NSW",
        "price": "1050",
        "price_per_unit": "210",
        "price_unit": "ML"
      },
      {
        "state": "VIC",
        "price": "1050",
        "price_per_unit": "210",
        "price_unit": "ML"
      },
      {
        "state": "SA",
        "price": "1050",
        "price_per_unit": "210",
        "price_unit": "ML"
      },
      {
        "state": "ACT",
        "price": "1050",
        "price_per_unit": "210",
        "price_unit": "ML"
      },
      {
        "state": "NT",
        "price": "1100",
        "price_per_unit": "220",
        "price_unit": "ML"
      },
      {
        "state": "QLD",
        "price": "1400",
        "price_per_unit": "280",
        "price_unit": "ML"
      },
      {
        "state": "WA",
        "price": "1400",
        "price_per_unit": "280",
        "price_unit": "ML"
      },
      {
        "state": "SA",
        "price": "1400",
        "price_per_unit": "280",
        "price_unit": "ML"
      },
      {
        "state": "TAS",
        "price": "1400",
        "price_per_unit": "280",
        "price_unit": "ML"
      },
      {
        "state": "ACT",
        "price": "1400",
        "price_per_unit": "280",
        "price_unit": "ML"
      },
      {
        "state": "NT",
        "price": "1470",
        "price_per_unit": "294",
        "price_unit": "ML"
      }
    ]
  },
  {
    "source_url": "https://www.woolworths.com.au/shop/productdetails/1075705728/ashley-co-benchpress-surface-cleaning-spray-lotus-leaf-lustre-2pk-500ml",
    "name": "Ashley & Co Benchpress Surface Cleaning Spray - Lotus Leaf & Lustre 2PK 500ml",
    "image_url": "https://cdn1.woolworths.media/content/wowproductimages/large/1075705728.jpg",
    "source_id": "Woolworths - 1075705728",
    "barcode": null,
    "shop": "Woolworths",
    "weight": "100ML",
    "prices": [
      {
        "state": "NSW",
        "price": "4950",
        "price_per_unit": "495",
        "price_unit": "ML"
      },
      {
        "state": "VIC",
        "price": "4950",
        "price_per_unit": "495",
        "price_unit": "ML"
      }
    ]
  },
  {
    "source_url": "https://www.woolworths.com.au/shop/productdetails/1075705729/ashley-co-insink-dishwashing-liquid-lotus-leaf-lustre-2pk-500ml",
    "name": "Ashley & Co InSink Dishwashing Liquid - Lotus Leaf & Lustre 2PK 500ml",
    "image_url": "https://cdn1.woolworths.media/content/wowproductimages/large/1075705729.jpg",
    "source_id": "Woolworths - 1075705729",
    "barcode": null,
    "shop": "Woolworths",
    "weight": "100ML",
    "prices": [
      {
        "state": "NSW",
        "price": "4230",
        "price_per_unit": "423",
        "price_unit": "ML"
      },
      {
        "state": "VIC",
        "price": "4230",
        "price_per_unit": "423",
        "price_unit": "ML"
      }
    ]
  },
  {
    "source_url": "https://www.woolworths.com.au/shop/productdetails/1075481792/bosistos-eucalyptus-spray-200g",
    "name": "Bosistos Eucalyptus Spray 200g",
    "image_url": "https://cdn1.woolworths.media/content/wowproductimages/large/1075481792.jpg",
    "source_id": "Woolworths - 1075481792",
    "barcode": null,
    "shop": "Woolworths",
    "weight": "100G",
    "prices": [
      {
        "state": "NSW",
        "price": "1045",
        "price_per_unit": "523",
        "price_unit": "G"
      },
      {
        "state": "VIC",
        "price": "1045",
        "price_per_unit": "523",
        "price_unit": "G"
      }
    ]
  },
  {
    "source_url": "https://www.woolworths.com.au/shop/productdetails/78677/clean-air-manual-spray-air-freshener-alpine-refill",
    "name": "Clean Air Manual Spray Air Freshener Alpine Refill 125g",
    "image_url": "https://cdn1.woolworths.media/content/wowproductimages/large/078677.jpg",
    "source_id": "Woolworths - 78677",
    "barcode": "9314145002005",
    "shop": "Woolworths",
    "weight": "10G",
    "prices": [
      {
        "state": "NSW",
        "price": "400",
        "price_per_unit": "32",
        "price_unit": "G"
      },
      {
        "state": "WA",
        "price": "400",
        "price_per_unit": "32",
        "price_unit": "G"
      },
      {
        "state": "SA",
        "price": "400",
        "price_per_unit": "32",
        "price_unit": "G"
      },
      {
        "state": "TAS",
        "price": "400",
        "price_per_unit": "32",
        "price_unit": "G"
      },
      {
        "state": "ACT",
        "price": "400",
        "price_per_unit": "32",
        "price_unit": "G"
      },
      {
        "state": "NT",
        "price": "420",
        "price_per_unit": "34",
        "price_unit": "G"
      }
    ]
  },
  {
    "source_url": "https://www.woolworths.com.au/shop/productdetails/151299/dettol-antibacterial-disinfectant-liquid-solution",
    "name": "Dettol Antibacterial Disinfectant Liquid Solution 2l",
    "image_url": "https://cdn1.woolworths.media/content/wowproductimages/large/151299.jpg",
    "source_id": "Woolworths - 151299",
    "barcode": "9300631651475",
    "shop": "Woolworths",
    "weight": "100ML",
    "prices": [
      {
        "state": "VIC",
        "price": "2200",
        "price_per_unit": "110",
        "price_unit": "ML"
      },
      {
        "state": "QLD",
        "price": "2200",
        "price_per_unit": "110",
        "price_unit": "ML"
      },
      {
        "state": "WA",
        "price": "2200",
        "price_per_unit": "110",
        "price_unit": "ML"
      },
      {
        "state": "SA",
        "price": "2200",
        "price_per_unit": "110",
        "price_unit": "ML"
      },
      {
        "state": "TAS",
        "price": "2200",
        "price_per_unit": "110",
        "price_unit": "ML"
      },
      {
        "state": "NT",
        "price": "2200",
        "price_per_unit": "110",
        "price_unit": "ML"
      }
    ]
  },
  {
    "source_url": "https://www.woolworths.com.au/shop/productdetails/69455/dettol-antibacterial-disinfectant-liquid-solution",
    "name": "Dettol Antibacterial Disinfectant Liquid Solution 750ml",
    "image_url": "https://cdn1.woolworths.media/content/wowproductimages/large/069455.jpg",
    "source_id": "Woolworths - 69455",
    "barcode": "9400528032179",
    "shop": "Woolworths",
    "weight": "100ML",
    "prices": [
      {
        "state": "NSW",
        "price": "1170",
        "price_per_unit": "156",
        "price_unit": "ML"
      },
      {
        "state": "VIC",
        "price": "1170",
        "price_per_unit": "156",
        "price_unit": "ML"
      },
      {
        "state": "QLD",
        "price": "1170",
        "price_per_unit": "156",
        "price_unit": "ML"
      },
      {
        "state": "WA",
        "price": "1170",
        "price_per_unit": "156",
        "price_unit": "ML"
      },
      {
        "state": "SA",
        "price": "1170",
        "price_per_unit": "156",
        "price_unit": "ML"
      },
      {
        "state": "TAS",
        "price": "1170",
        "price_per_unit": "156",
        "price_unit": "ML"
      },
      {
        "state": "ACT",
        "price": "1170",
        "price_per_unit": "156",
        "price_unit": "ML"
      },
      {
        "state": "NT",
        "price": "1225",
        "price_per_unit": "163",
        "price_unit": "ML"
      }
    ]
  },
  {
    "source_url": "https://www.woolworths.com.au/shop/productdetails/1075479441/dettol-antibacterial-household-grade-disinfectant-750ml",
    "name": "Dettol Antibacterial Household Grade Disinfectant 750ml",
    "image_url": "https://cdn1.woolworths.media/content/wowproductimages/large/1075479441.jpg",
    "source_id": "Woolworths - 1075479441",
    "barcode": null,
    "shop": "Woolworths",
    "weight": "100ML",
    "prices": [
      {
        "state": "NSW",
        "price": "1195",
        "price_per_unit": "159",
        "price_unit": "ML"
      },
      {
        "state": "VIC",
        "price": "1195",
        "price_per_unit": "159",
        "price_unit": "ML"
      }
    ]
  },
  {
    "source_url": "https://www.woolworths.com.au/shop/productdetails/1074325716/dettol-antiseptic-disinfectant-household-grade-6pk-250ml",
    "name": "Dettol Antiseptic Disinfectant Household Grade 6PK 250ml",
    "image_url": "https://cdn1.woolworths.media/content/wowproductimages/large/1074325716.jpg",
    "source_id": "Woolworths - 1074325716",
    "barcode": null,
    "shop": "Woolworths",
    "weight": "1EA",
    "prices": [
      {
        "state": "NSW",
        "price": "4590",
        "price_per_unit": "765",
        "price_unit": "EA"
      },
      {
        "state": "VIC",
        "price": "4590",
        "price_per_unit": "765",
        "price_unit": "EA"
      }
    ]
  },
  {
    "source_url": "https://www.woolworths.com.au/shop/productdetails/94094/domestos-disinfectant-bleach-mountain-fresh",
    "name": "Domestos Disinfectant Bleach Mountain Fresh 1.25l",
    "image_url": "https://cdn1.woolworths.media/content/wowproductimages/large/094094.jpg",
    "source_id": "Woolworths - 94094",
    "barcode": "8934868145301",
    "shop": "Woolworths",
    "weight": "100ML",
    "prices": [
      {
        "state": "NSW",
        "price": "660",
        "price_per_unit": "53",
        "price_unit": "ML"
      },
      {
        "state": "VIC",
        "price": "660",
        "price_per_unit": "53",
        "price_unit": "ML"
      },
      {
        "state": "QLD",
        "price": "660",
        "price_per_unit": "53",
        "price_unit": "ML"
      },
      {
        "state": "WA",
        "price": "660",
        "price_per_unit": "53",
        "price_unit": "ML"
      },
      {
        "state": "TAS",
        "price": "660",
        "price_per_unit": "53",
        "price_unit": "ML"
      },
      {
        "state": "ACT",
        "price": "660",
        "price_per_unit": "53",
        "price_unit": "ML"
      },
      {
        "state": "NT",
        "price": "660",
        "price_per_unit": "53",
        "price_unit": "ML"
      }
    ]
  },
  {
    "source_url": "https://www.woolworths.com.au/shop/productdetails/94095/domestos-disinfectant-bleach-regular",
    "name": "Domestos Disinfectant Bleach Regular 1.25l",
    "image_url": "https://cdn1.woolworths.media/content/wowproductimages/large/094095.jpg",
    "source_id": "Woolworths - 94095",
    "barcode": "8934868145318",
    "shop": "Woolworths",
    "weight": "100ML",
    "prices": [
      {
        "state": "NSW",
        "price": "660",
        "price_per_unit": "53",
        "price_unit": "ML"
      },
      {
        "state": "VIC",
        "price": "660",
        "price_per_unit": "53",
        "price_unit": "ML"
      },
      {
        "state": "QLD",
        "price": "660",
        "price_per_unit": "53",
        "price_unit": "ML"
      },
      {
        "state": "WA",
        "price": "660",
        "price_per_unit": "53",
        "price_unit": "ML"
      },
      {
        "state": "SA",
        "price": "660",
        "price_per_unit": "53",
        "price_unit": "ML"
      },
      {
        "state": "TAS",
        "price": "660",
        "price_per_unit": "53",
        "price_unit": "ML"
      },
      {
        "state": "ACT",
        "price": "660",
        "price_per_unit": "53",
        "price_unit": "ML"
      },
      {
        "state": "NT",
        "price": "660",
        "price_per_unit": "53",
        "price_unit": "ML"
      }
    ]
  },
  {
    "source_url": "https://www.woolworths.com.au/shop/productdetails/1074129184/envirocare-earth-disinfectant-concentrate-1l-2-pack",
    "name": "envirocare earth Disinfectant  - Concentrate 1L 2 pack",
    "image_url": "https://cdn1.woolworths.media/content/wowproductimages/large/1074129184.jpg",
    "source_id": "Woolworths - 1074129184",
    "barcode": null,
    "shop": "Woolworths",
    "weight": "100ML",
    "prices": [
      {
        "state": "NSW",
        "price": "3390",
        "price_per_unit": "170",
        "price_unit": "ML"
      },
      {
        "state": "VIC",
        "price": "3390",
        "price_per_unit": "170",
        "price_unit": "ML"
      }
    ]
  },
  {
    "source_url": "https://www.woolworths.com.au/shop/productdetails/1074129185/envirocare-earth-disinfectant-concentrate-5l",
    "name": "envirocare earth Disinfectant  - Concentrate 5L",
    "image_url": "https://cdn1.woolworths.media/content/wowproductimages/large/1074129185.jpg",
    "source_id": "Woolworths - 1074129185",
    "barcode": null,
    "shop": "Woolworths",
    "weight": "100ML",
    "prices": [
      {
        "state": "NSW",
        "price": "5755",
        "price_per_unit": "115",
        "price_unit": "ML"
      },
      {
        "state": "VIC",
        "price": "5755",
        "price_per_unit": "115",
        "price_unit": "ML"
      }
    ]
  },
  {
    "source_url": "https://www.woolworths.com.au/shop/productdetails/1074129186/envirocare-earth-disinfectant-concentrate-with-tap-15l",
    "name": "envirocare earth Disinfectant  - Concentrate with TAP 15L",
    "image_url": "https://cdn1.woolworths.media/content/wowproductimages/large/1074129186.jpg",
    "source_id": "Woolworths - 1074129186",
    "barcode": null,
    "shop": "Woolworths",
    "weight": "100ML",
    "prices": [
      {
        "state": "NSW",
        "price": "14390",
        "price_per_unit": "96",
        "price_unit": "ML"
      },
      {
        "state": "VIC",
        "price": "14390",
        "price_per_unit": "96",
        "price_unit": "ML"
      }
    ]
  },
  {
    "source_url": "https://www.woolworths.com.au/shop/productdetails/1074129214/envirocare-earth-vigor-all-purpose-cleaner-concentrate-1l-2-pack",
    "name": "envirocare earth Vigor - All Purpose Cleaner Concentrate 1L 2 pack",
    "image_url": "https://cdn1.woolworths.media/content/wowproductimages/large/1074129214.jpg",
    "source_id": "Woolworths - 1074129214",
    "barcode": null,
    "shop": "Woolworths",
    "weight": "100ML",
    "prices": [
      {
        "state": "NSW",
        "price": "3330",
        "price_per_unit": "167",
        "price_unit": "ML"
      },
      {
        "state": "VIC",
        "price": "3330",
        "price_per_unit": "167",
        "price_unit": "ML"
      }
    ]
  },
  {
    "source_url": "https://www.woolworths.com.au/shop/productdetails/1074129215/envirocare-earth-vigor-all-purpose-cleaner-concentrate-5l",
    "name": "envirocare earth Vigor - All Purpose Cleaner Concentrate 5L",
    "image_url": "https://cdn1.woolworths.media/content/wowproductimages/large/1074129215.jpg",
    "source_id": "Woolworths - 1074129215",
    "barcode": null,
    "shop": "Woolworths",
    "weight": "100ML",
    "prices": [
      {
        "state": "NSW",
        "price": "5530",
        "price_per_unit": "111",
        "price_unit": "ML"
      },
      {
        "state": "VIC",
        "price": "5530",
        "price_per_unit": "111",
        "price_unit": "ML"
      }
    ]
  },
  {
    "source_url": "https://www.woolworths.com.au/shop/productdetails/1074129216/envirocare-earth-vigor-all-purpose-cleaner-concentrate-with-tap-15l",
    "name": "envirocare earth Vigor - All Purpose Cleaner Concentrate with TAP 15L",
    "image_url": "https://cdn1.woolworths.media/content/wowproductimages/large/1074129216.jpg",
    "source_id": "Woolworths - 1074129216",
    "barcode": null,
    "shop": "Woolworths",
    "weight": "100ML",
    "prices": [
      {
        "state": "NSW",
        "price": "14990",
        "price_per_unit": "100",
        "price_unit": "ML"
      },
      {
        "state": "VIC",
        "price": "14990",
        "price_per_unit": "100",
        "price_unit": "ML"
      }
    ]
  },
  {
    "source_url": "https://www.woolworths.com.au/shop/productdetails/926827/floella-concentrated-disinfectant-linen-fresh",
    "name": "Floella Concentrated Disinfectant Linen Fresh 250ml",
    "image_url": "https://cdn1.woolworths.media/content/wowproductimages/large/926827.jpg",
    "source_id": "Woolworths - 926827",
    "barcode": "5053249277097",
    "shop": "Woolworths",
    "weight": "100ML",
    "prices": [
      {
        "state": "NSW",
        "price": "550",
        "price_per_unit": "220",
        "price_unit": "ML"
      },
      {
        "state": "VIC",
        "price": "550",
        "price_per_unit": "220",
        "price_unit": "ML"
      },
      {
        "state": "QLD",
        "price": "550",
        "price_per_unit": "220",
        "price_unit": "ML"
      },
      {
        "state": "WA",
        "price": "550",
        "price_per_unit": "220",
        "price_unit": "ML"
      },
      {
        "state": "SA",
        "price": "550",
        "price_per_unit": "220",
        "price_unit": "ML"
      },
      {
        "state": "TAS",
        "price": "550",
        "price_per_unit": "220",
        "price_unit": "ML"
      },
      {
        "state": "ACT",
        "price": "550",
        "price_per_unit": "220",
        "price_unit": "ML"
      },
      {
        "state": "NT",
        "price": "550",
        "price_per_unit": "220",
        "price_unit": "ML"
      }
    ]
  },
  {
    "source_url": "https://www.woolworths.com.au/shop/productdetails/928775/floella-multipurpose-disinfectant-lavender-hills",
    "name": "Floella Multipurpose Disinfectant Lavender Hills 250mL",
    "image_url": "https://cdn1.woolworths.media/content/wowproductimages/large/928775.jpg",
    "source_id": "Woolworths - 928775",
    "barcode": "5053249277127",
    "shop": "Woolworths",
    "weight": "100ML",
    "prices": [
      {
        "state": "NSW",
        "price": "550",
        "price_per_unit": "220",
        "price_unit": "ML"
      },
      {
        "state": "VIC",
        "price": "550",
        "price_per_unit": "220",
        "price_unit": "ML"
      },
      {
        "state": "QLD",
        "price": "550",
        "price_per_unit": "220",
        "price_unit": "ML"
      },
      {
        "state": "WA",
        "price": "550",
        "price_per_unit": "220",
        "price_unit": "ML"
      },
      {
        "state": "SA",
        "price": "550",
        "price_per_unit": "220",
        "price_unit": "ML"
      },
      {
        "state": "TAS",
        "price": "550",
        "price_per_unit": "220",
        "price_unit": "ML"
      },
      {
        "state": "ACT",
        "price": "550",
        "price_per_unit": "220",
        "price_unit": "ML"
      },
      {
        "state": "NT",
        "price": "550",
        "price_per_unit": "220",
        "price_unit": "ML"
      }
    ]
  },
  {
    "source_url": "https://www.woolworths.com.au/shop/productdetails/235525/glen-20-24h-protection-citrus-disinfectant-spray",
    "name": "Glen 20 24h Protection Citrus Disinfectant Spray 300g",
    "image_url": "https://cdn1.woolworths.media/content/wowproductimages/large/235525.jpg",
    "source_id": "Woolworths - 235525",
    "barcode": "9300701079901",
    "shop": "Woolworths",
    "weight": "100G",
    "prices": [
      {
        "state": "NSW",
        "price": "1150",
        "price_per_unit": "383",
        "price_unit": "G"
      },
      {
        "state": "VIC",
        "price": "1150",
        "price_per_unit": "383",
        "price_unit": "G"
      },
      {
        "state": "QLD",
        "price": "1150",
        "price_per_unit": "383",
        "price_unit": "G"
      },
      {
        "state": "WA",
        "price": "1150",
        "price_per_unit": "383",
        "price_unit": "G"
      },
      {
        "state": "SA",
        "price": "1150",
        "price_per_unit": "383",
        "price_unit": "G"
      },
      {
        "state": "TAS",
        "price": "1150",
        "price_per_unit": "383",
        "price_unit": "G"
      },
      {
        "state": "ACT",
        "price": "1150",
        "price_per_unit": "383",
        "price_unit": "G"
      },
      {
        "state": "NT",
        "price": "1205",
        "price_per_unit": "402",
        "price_unit": "G"
      }
    ]
  },
  {
    "source_url": "https://www.woolworths.com.au/shop/productdetails/236072/glen-20-24h-protection-original-disinfectant-spray",
    "name": "Glen 20 24h Protection Original Disinfectant Spray 300g",
    "image_url": "https://cdn1.woolworths.media/content/wowproductimages/large/236072.jpg",
    "source_id": "Woolworths - 236072",
    "barcode": "9300701079888",
    "shop": "Woolworths",
    "weight": "100G",
    "prices": [
      {
        "state": "NSW",
        "price": "1150",
        "price_per_unit": "383",
        "price_unit": "G"
      },
      {
        "state": "VIC",
        "price": "1150",
        "price_per_unit": "383",
        "price_unit": "G"
      },
      {
        "state": "QLD",
        "price": "1150",
        "price_per_unit": "383",
        "price_unit": "G"
      },
      {
        "state": "WA",
        "price": "1150",
        "price_per_unit": "383",
        "price_unit": "G"
      },
      {
        "state": "SA",
        "price": "1150",
        "price_per_unit": "383",
        "price_unit": "G"
      },
      {
        "state": "TAS",
        "price": "1150",
        "price_per_unit": "383",
        "price_unit": "G"
      },
      {
        "state": "ACT",
        "price": "1150",
        "price_per_unit": "383",
        "price_unit": "G"
      },
      {
        "state": "NT",
        "price": "1205",
        "price_per_unit": "402",
        "price_unit": "G"
      }
    ]
  },
  {
    "source_url": "https://www.woolworths.com.au/shop/productdetails/331029/glen-20-all-in-one-citrus-breeze-disinfectant-spray",
    "name": "Glen 20 All-In-One Citrus Breeze Disinfectant Spray 300g",
    "image_url": "https://cdn1.woolworths.media/content/wowproductimages/large/331029.jpg",
    "source_id": "Woolworths - 331029",
    "barcode": "9300701209032",
    "shop": "Woolworths",
    "weight": "100G",
    "prices": [
      {
        "state": "NSW",
        "price": "615",
        "price_per_unit": "205",
        "price_unit": "G"
      },
      {
        "state": "VIC",
        "price": "615",
        "price_per_unit": "205",
        "price_unit": "G"
      },
      {
        "state": "QLD",
        "price": "615",
        "price_per_unit": "205",
        "price_unit": "G"
      },
      {
        "state": "WA",
        "price": "615",
        "price_per_unit": "205",
        "price_unit": "G"
      },
      {
        "state": "SA",
        "price": "615",
        "price_per_unit": "205",
        "price_unit": "G"
      },
      {
        "state": "TAS",
        "price": "615",
        "price_per_unit": "205",
        "price_unit": "G"
      },
      {
        "state": "ACT",
        "price": "615",
        "price_per_unit": "205",
        "price_unit": "G"
      },
      {
        "state": "NT",
        "price": "615",
        "price_per_unit": "205",
        "price_unit": "G"
      }
    ]
  },
  {
    "source_url": "https://www.woolworths.com.au/shop/productdetails/307802/glen-20-all-in-one-citrus-breeze-disinfectant-spray",
    "name": "Glen 20 All-In-One Citrus Breeze Disinfectant Spray 490g",
    "image_url": "https://cdn1.woolworths.media/content/wowproductimages/large/307802.jpg",
    "source_id": "Woolworths - 307802",
    "barcode": "9300701519674",
    "shop": "Woolworths",
    "weight": "100G",
    "prices": [
      {
        "state": "NSW",
        "price": "1015",
        "price_per_unit": "207",
        "price_unit": "G"
      },
      {
        "state": "VIC",
        "price": "1015",
        "price_per_unit": "207",
        "price_unit": "G"
      },
      {
        "state": "QLD",
        "price": "1015",
        "price_per_unit": "207",
        "price_unit": "G"
      },
      {
        "state": "WA",
        "price": "1015",
        "price_per_unit": "207",
        "price_unit": "G"
      },
      {
        "state": "SA",
        "price": "1015",
        "price_per_unit": "207",
        "price_unit": "G"
      },
      {
        "state": "TAS",
        "price": "1015",
        "price_per_unit": "207",
        "price_unit": "G"
      },
      {
        "state": "ACT",
        "price": "1015",
        "price_per_unit": "207",
        "price_unit": "G"
      }
    ]
  },
  {
    "source_url": "https://www.woolworths.com.au/shop/productdetails/82503/glen-20-all-in-one-country-scent-disinfectant-spray",
    "name": "Glen 20 All-In-One Country Scent Disinfectant Spray 300g",
    "image_url": "https://cdn1.woolworths.media/content/wowproductimages/large/082503.jpg",
    "source_id": "Woolworths - 82503",
    "barcode": "9300701985455",
    "shop": "Woolworths",
    "weight": "100G",
    "prices": [
      {
        "state": "NSW",
        "price": "615",
        "price_per_unit": "205",
        "price_unit": "G"
      },
      {
        "state": "VIC",
        "price": "615",
        "price_per_unit": "205",
        "price_unit": "G"
      },
      {
        "state": "QLD",
        "price": "615",
        "price_per_unit": "205",
        "price_unit": "G"
      },
      {
        "state": "WA",
        "price": "615",
        "price_per_unit": "205",
        "price_unit": "G"
      },
      {
        "state": "SA",
        "price": "615",
        "price_per_unit": "205",
        "price_unit": "G"
      },
      {
        "state": "TAS",
        "price": "615",
        "price_per_unit": "205",
        "price_unit": "G"
      },
      {
        "state": "ACT",
        "price": "615",
        "price_per_unit": "205",
        "price_unit": "G"
      },
      {
        "state": "NT",
        "price": "615",
        "price_per_unit": "205",
        "price_unit": "G"
      }
    ]
  },
  {
    "source_url": "https://www.woolworths.com.au/shop/productdetails/319745/glen-20-all-in-one-country-scent-disinfectant-spray",
    "name": "Glen 20 All-In-One Country Scent Disinfectant Spray 375g",
    "image_url": "https://cdn1.woolworths.media/content/wowproductimages/large/319745.jpg",
    "source_id": "Woolworths - 319745",
    "barcode": "9300701901264",
    "shop": "Woolworths",
    "weight": "100G",
    "prices": [
      {
        "state": "NSW",
        "price": "1150",
        "price_per_unit": "307",
        "price_unit": "G"
      },
      {
        "state": "VIC",
        "price": "1150",
        "price_per_unit": "307",
        "price_unit": "G"
      },
      {
        "state": "QLD",
        "price": "1150",
        "price_per_unit": "307",
        "price_unit": "G"
      },
      {
        "state": "WA",
        "price": "1150",
        "price_per_unit": "307",
        "price_unit": "G"
      },
      {
        "state": "SA",
        "price": "1150",
        "price_per_unit": "307",
        "price_unit": "G"
      },
      {
        "state": "TAS",
        "price": "1150",
        "price_per_unit": "307",
        "price_unit": "G"
      },
      {
        "state": "ACT",
        "price": "1150",
        "price_per_unit": "307",
        "price_unit": "G"
      },
      {
        "state": "NT",
        "price": "1200",
        "price_per_unit": "320",
        "price_unit": "G"
      }
    ]
  },
  {
    "source_url": "https://www.woolworths.com.au/shop/productdetails/44727/glen-20-all-in-one-crisp-linen-disinfectant-spray",
    "name": "Glen 20 All-In-One Crisp Linen Disinfectant Spray 175g",
    "image_url": "https://cdn1.woolworths.media/content/wowproductimages/large/044727.jpg",
    "source_id": "Woolworths - 44727",
    "barcode": "9300701985448",
    "shop": "Woolworths",
    "weight": "100G",
    "prices": [
      {
        "state": "NSW",
        "price": "600",
        "price_per_unit": "343",
        "price_unit": "G"
      },
      {
        "state": "VIC",
        "price": "600",
        "price_per_unit": "343",
        "price_unit": "G"
      },
      {
        "state": "QLD",
        "price": "600",
        "price_per_unit": "343",
        "price_unit": "G"
      },
      {
        "state": "WA",
        "price": "600",
        "price_per_unit": "343",
        "price_unit": "G"
      },
      {
        "state": "SA",
        "price": "600",
        "price_per_unit": "343",
        "price_unit": "G"
      },
      {
        "state": "TAS",
        "price": "600",
        "price_per_unit": "343",
        "price_unit": "G"
      },
      {
        "state": "ACT",
        "price": "600",
        "price_per_unit": "343",
        "price_unit": "G"
      },
      {
        "state": "NT",
        "price": "630",
        "price_per_unit": "360",
        "price_unit": "G"
      }
    ]
  },
  {
    "source_url": "https://www.woolworths.com.au/shop/productdetails/376857/glen-20-all-in-one-lavender-disinfectant-spray",
    "name": "Glen 20 All-In-One Lavender Disinfectant Spray 300g",
    "image_url": "https://cdn1.woolworths.media/content/wowproductimages/large/376857.jpg",
    "source_id": "Woolworths - 376857",
    "barcode": "9300701158392",
    "shop": "Woolworths",
    "weight": "100G",
    "prices": [
      {
        "state": "NSW",
        "price": "615",
        "price_per_unit": "205",
        "price_unit": "G"
      },
      {
        "state": "VIC",
        "price": "615",
        "price_per_unit": "205",
        "price_unit": "G"
      },
      {
        "state": "QLD",
        "price": "615",
        "price_per_unit": "205",
        "price_unit": "G"
      },
      {
        "state": "WA",
        "price": "615",
        "price_per_unit": "205",
        "price_unit": "G"
      },
      {
        "state": "SA",
        "price": "615",
        "price_per_unit": "205",
        "price_unit": "G"
      },
      {
        "state": "TAS",
        "price": "615",
        "price_per_unit": "205",
        "price_unit": "G"
      },
      {
        "state": "ACT",
        "price": "615",
        "price_per_unit": "205",
        "price_unit": "G"
      },
      {
        "state": "NT",
        "price": "615",
        "price_per_unit": "205",
        "price_unit": "G"
      }
    ]
  },
  {
    "source_url": "https://www.woolworths.com.au/shop/productdetails/15587/glen-20-all-in-one-original-disinfectant-spray",
    "name": "Glen 20 All-In-One Original Disinfectant Spray 300g",
    "image_url": "https://cdn1.woolworths.media/content/wowproductimages/large/015587.jpg",
    "source_id": "Woolworths - 15587",
    "barcode": "9310045950255",
    "shop": "Woolworths",
    "weight": "100G",
    "prices": [
      {
        "state": "NSW",
        "price": "615",
        "price_per_unit": "205",
        "price_unit": "G"
      },
      {
        "state": "VIC",
        "price": "615",
        "price_per_unit": "205",
        "price_unit": "G"
      },
      {
        "state": "QLD",
        "price": "615",
        "price_per_unit": "205",
        "price_unit": "G"
      },
      {
        "state": "WA",
        "price": "615",
        "price_per_unit": "205",
        "price_unit": "G"
      },
      {
        "state": "SA",
        "price": "615",
        "price_per_unit": "205",
        "price_unit": "G"
      },
      {
        "state": "TAS",
        "price": "615",
        "price_per_unit": "205",
        "price_unit": "G"
      },
      {
        "state": "ACT",
        "price": "615",
        "price_per_unit": "205",
        "price_unit": "G"
      },
      {
        "state": "NT",
        "price": "615",
        "price_per_unit": "205",
        "price_unit": "G"
      }
    ]
  },
  {
    "source_url": "https://www.woolworths.com.au/shop/productdetails/156543/glen-20-all-in-one-original-disinfectant-spray",
    "name": "Glen 20 All-In-One Original Disinfectant Spray 375g",
    "image_url": "https://cdn1.woolworths.media/content/wowproductimages/large/156543.jpg",
    "source_id": "Woolworths - 156543",
    "barcode": "9300701837297",
    "shop": "Woolworths",
    "weight": "100G",
    "prices": [
      {
        "state": "NSW",
        "price": "1150",
        "price_per_unit": "307",
        "price_unit": "G"
      },
      {
        "state": "VIC",
        "price": "1150",
        "price_per_unit": "307",
        "price_unit": "G"
      },
      {
        "state": "QLD",
        "price": "1150",
        "price_per_unit": "307",
        "price_unit": "G"
      },
      {
        "state": "WA",
        "price": "1150",
        "price_per_unit": "307",
        "price_unit": "G"
      },
      {
        "state": "SA",
        "price": "1150",
        "price_per_unit": "307",
        "price_unit": "G"
      },
      {
        "state": "TAS",
        "price": "1150",
        "price_per_unit": "307",
        "price_unit": "G"
      },
      {
        "state": "ACT",
        "price": "1150",
        "price_per_unit": "307",
        "price_unit": "G"
      },
      {
        "state": "NT",
        "price": "1200",
        "price_per_unit": "320",
        "price_unit": "G"
      }
    ]
  },
  {
    "source_url": "https://www.woolworths.com.au/shop/productdetails/307868/glen-20-all-in-one-original-disinfectant-spray",
    "name": "Glen 20 All-In-One Original Disinfectant Spray 490g",
    "image_url": "https://cdn1.woolworths.media/content/wowproductimages/large/307868.jpg",
    "source_id": "Woolworths - 307868",
    "barcode": "9300701503383",
    "shop": "Woolworths",
    "weight": "100G",
    "prices": [
      {
        "state": "NSW",
        "price": "1015",
        "price_per_unit": "207",
        "price_unit": "G"
      },
      {
        "state": "VIC",
        "price": "1015",
        "price_per_unit": "207",
        "price_unit": "G"
      },
      {
        "state": "QLD",
        "price": "1015",
        "price_per_unit": "207",
        "price_unit": "G"
      },
      {
        "state": "WA",
        "price": "1015",
        "price_per_unit": "207",
        "price_unit": "G"
      },
      {
        "state": "SA",
        "price": "1015",
        "price_per_unit": "207",
        "price_unit": "G"
      },
      {
        "state": "TAS",
        "price": "1015",
        "price_per_unit": "207",
        "price_unit": "G"
      },
      {
        "state": "ACT",
        "price": "1015",
        "price_per_unit": "207",
        "price_unit": "G"
      }
    ]
  },
  {
    "source_url": "https://www.woolworths.com.au/shop/productdetails/785902/glen-20-light-fresh-berry-breeze-disinfectant-spray",
    "name": "Glen 20 Light & Fresh Berry Breeze Disinfectant Spray 300g",
    "image_url": "https://cdn1.woolworths.media/content/wowproductimages/large/785902.jpg",
    "source_id": "Woolworths - 785902",
    "barcode": "9300701701499",
    "shop": "Woolworths",
    "weight": "100G",
    "prices": [
      {
        "state": "NSW",
        "price": "615",
        "price_per_unit": "205",
        "price_unit": "G"
      },
      {
        "state": "VIC",
        "price": "615",
        "price_per_unit": "205",
        "price_unit": "G"
      },
      {
        "state": "QLD",
        "price": "615",
        "price_per_unit": "205",
        "price_unit": "G"
      },
      {
        "state": "WA",
        "price": "615",
        "price_per_unit": "205",
        "price_unit": "G"
      },
      {
        "state": "SA",
        "price": "615",
        "price_per_unit": "205",
        "price_unit": "G"
      },
      {
        "state": "TAS",
        "price": "615",
        "price_per_unit": "205",
        "price_unit": "G"
      },
      {
        "state": "ACT",
        "price": "615",
        "price_per_unit": "205",
        "price_unit": "G"
      },
      {
        "state": "NT",
        "price": "615",
        "price_per_unit": "205",
        "price_unit": "G"
      }
    ]
  },
  {
    "source_url": "https://www.woolworths.com.au/shop/productdetails/107085/glen-20-pure-fresh-water-disinfectant-spray",
    "name": "Glen 20 Pure Fresh Water Disinfectant Spray 283g",
    "image_url": "https://cdn1.woolworths.media/content/wowproductimages/large/107085.jpg",
    "source_id": "Woolworths - 107085",
    "barcode": "9300701127770",
    "shop": "Woolworths",
    "weight": "100G",
    "prices": [
      {
        "state": "NSW",
        "price": "1150",
        "price_per_unit": "406",
        "price_unit": "G"
      },
      {
        "state": "VIC",
        "price": "1150",
        "price_per_unit": "406",
        "price_unit": "G"
      },
      {
        "state": "QLD",
        "price": "1150",
        "price_per_unit": "406",
        "price_unit": "G"
      },
      {
        "state": "WA",
        "price": "1150",
        "price_per_unit": "406",
        "price_unit": "G"
      },
      {
        "state": "SA",
        "price": "1150",
        "price_per_unit": "406",
        "price_unit": "G"
      },
      {
        "state": "TAS",
        "price": "1150",
        "price_per_unit": "406",
        "price_unit": "G"
      },
      {
        "state": "ACT",
        "price": "1150",
        "price_per_unit": "406",
        "price_unit": "G"
      },
      {
        "state": "NT",
        "price": "1150",
        "price_per_unit": "406",
        "price_unit": "G"
      }
    ]
  },
  {
    "source_url": "https://www.woolworths.com.au/shop/productdetails/108567/glen-20-pure-morning-breeze-disinfectant-spray",
    "name": "Glen 20 Pure Morning Breeze Disinfectant Spray 283g",
    "image_url": "https://cdn1.woolworths.media/content/wowproductimages/large/108567.jpg",
    "source_id": "Woolworths - 108567",
    "barcode": "9300701127787",
    "shop": "Woolworths",
    "weight": "100G",
    "prices": [
      {
        "state": "NSW",
        "price": "1150",
        "price_per_unit": "406",
        "price_unit": "G"
      },
      {
        "state": "VIC",
        "price": "1150",
        "price_per_unit": "406",
        "price_unit": "G"
      },
      {
        "state": "QLD",
        "price": "1150",
        "price_per_unit": "406",
        "price_unit": "G"
      },
      {
        "state": "WA",
        "price": "1150",
        "price_per_unit": "406",
        "price_unit": "G"
      },
      {
        "state": "SA",
        "price": "1150",
        "price_per_unit": "406",
        "price_unit": "G"
      },
      {
        "state": "ACT",
        "price": "1150",
        "price_per_unit": "406",
        "price_unit": "G"
      },
      {
        "state": "NT",
        "price": "1150",
        "price_per_unit": "406",
        "price_unit": "G"
      }
    ]
  },
  {
    "source_url": "https://www.woolworths.com.au/shop/productdetails/903739/glen-20-spray-disinfectant-brand-new-day-coconut-sea-salt",
    "name": "Glen 20 Spray Disinfectant Brand New Day Coconut & Sea Salt 375g",
    "image_url": "https://cdn1.woolworths.media/content/wowproductimages/large/903739.jpg",
    "source_id": "Woolworths - 903739",
    "barcode": "9300701768393",
    "shop": "Woolworths",
    "weight": "100G",
    "prices": [
      {
        "state": "NSW",
        "price": "1150",
        "price_per_unit": "307",
        "price_unit": "G"
      },
      {
        "state": "VIC",
        "price": "1150",
        "price_per_unit": "307",
        "price_unit": "G"
      },
      {
        "state": "QLD",
        "price": "1150",
        "price_per_unit": "307",
        "price_unit": "G"
      },
      {
        "state": "WA",
        "price": "1150",
        "price_per_unit": "307",
        "price_unit": "G"
      },
      {
        "state": "SA",
        "price": "1150",
        "price_per_unit": "307",
        "price_unit": "G"
      },
      {
        "state": "TAS",
        "price": "1150",
        "price_per_unit": "307",
        "price_unit": "G"
      },
      {
        "state": "ACT",
        "price": "1150",
        "price_per_unit": "307",
        "price_unit": "G"
      },
      {
        "state": "NT",
        "price": "1150",
        "price_per_unit": "307",
        "price_unit": "G"
      }
    ]
  },
  {
    "source_url": "https://www.woolworths.com.au/shop/productdetails/905156/glen-20-spray-disinfectant-brand-new-day-mandarin-ginger-lily",
    "name": "Glen 20 Spray Disinfectant Brand New Day Mandarin & Ginger Lily 375g",
    "image_url": "https://cdn1.woolworths.media/content/wowproductimages/large/905156.jpg",
    "source_id": "Woolworths - 905156",
    "barcode": "9300701768409",
    "shop": "Woolworths",
    "weight": "100G",
    "prices": [
      {
        "state": "NSW",
        "price": "1150",
        "price_per_unit": "307",
        "price_unit": "G"
      },
      {
        "state": "VIC",
        "price": "1150",
        "price_per_unit": "307",
        "price_unit": "G"
      },
      {
        "state": "QLD",
        "price": "1150",
        "price_per_unit": "307",
        "price_unit": "G"
      },
      {
        "state": "WA",
        "price": "1150",
        "price_per_unit": "307",
        "price_unit": "G"
      },
      {
        "state": "SA",
        "price": "1150",
        "price_per_unit": "307",
        "price_unit": "G"
      },
      {
        "state": "ACT",
        "price": "1150",
        "price_per_unit": "307",
        "price_unit": "G"
      },
      {
        "state": "NT",
        "price": "1150",
        "price_per_unit": "307",
        "price_unit": "G"
      }
    ]
  },
  {
    "source_url": "https://www.woolworths.com.au/shop/productdetails/1074886390/isopropyl-alcohol-2-litres-99-9-purity-level",
    "name": "Isopropyl Alcohol 2 Litres 99.9% purity level",
    "image_url": "https://cdn1.woolworths.media/content/wowproductimages/large/1074886390.jpg",
    "source_id": "Woolworths - 1074886390",
    "barcode": null,
    "shop": "Woolworths",
    "weight": "100ML",
    "prices": [
      {
        "state": "NSW",
        "price": "7995",
        "price_per_unit": "400",
        "price_unit": "ML"
      },
      {
        "state": "VIC",
        "price": "7995",
        "price_per_unit": "400",
        "price_unit": "ML"
      }
    ]
  },
  {
    "source_url": "https://www.woolworths.com.au/shop/productdetails/1074886164/isopropyl-alcohol-99-8-spray-250ml",
    "name": "Isopropyl Alcohol 99.8% Spray 250ml",
    "image_url": "https://cdn1.woolworths.media/content/wowproductimages/large/1074886164.jpg",
    "source_id": "Woolworths - 1074886164",
    "barcode": null,
    "shop": "Woolworths",
    "weight": "100ML",
    "prices": [
      {
        "state": "NSW",
        "price": "2995",
        "price_per_unit": "1198",
        "price_unit": "ML"
      },
      {
        "state": "VIC",
        "price": "2995",
        "price_per_unit": "1198",
        "price_unit": "ML"
      }
    ]
  },
  {
    "source_url": "https://www.woolworths.com.au/shop/productdetails/1074165460/kovit-hospital-grade-disinfectant-cleanser-500ml-spray-x9",
    "name": "KOVIT Hospital Grade Disinfectant Cleanser 500mL Spray x9",
    "image_url": "https://cdn1.woolworths.media/content/wowproductimages/large/1074165460.jpg",
    "source_id": "Woolworths - 1074165460",
    "barcode": null,
    "shop": "Woolworths",
    "weight": "1EA",
    "prices": [
      {
        "state": "NSW",
        "price": "9148",
        "price_per_unit": "1016",
        "price_unit": "EA"
      },
      {
        "state": "VIC",
        "price": "9148",
        "price_per_unit": "1016",
        "price_unit": "EA"
      }
    ]
  },
  {
    "source_url": "https://www.woolworths.com.au/shop/productdetails/1075407328/kovit-hospital-grade-disinfectant-cleanser-neutral-ph-500ml-spray-lemon-scent-pink-x2",
    "name": "KOVIT Hospital Grade Disinfectant Cleanser Neutral pH 500mL Spray Lemon Scent Pink x2",
    "image_url": "https://cdn1.woolworths.media/content/wowproductimages/large/1075407328.jpg",
    "source_id": "Woolworths - 1075407328",
    "barcode": null,
    "shop": "Woolworths",
    "weight": "100ML",
    "prices": [
      {
        "state": "NSW",
        "price": "4900",
        "price_per_unit": "980",
        "price_unit": "ML"
      },
      {
        "state": "VIC",
        "price": "4900",
        "price_per_unit": "980",
        "price_unit": "ML"
      }
    ]
  },
  {
    "source_url": "https://www.woolworths.com.au/shop/productdetails/1075478014/la-corvette-black-soap-paste-olive-oil-250ml",
    "name": "La Corvette Black soap paste Olive Oil 250ml",
    "image_url": "https://cdn1.woolworths.media/content/wowproductimages/large/1075478014.jpg",
    "source_id": "Woolworths - 1075478014",
    "barcode": null,
    "shop": "Woolworths",
    "weight": "100ML",
    "prices": [
      {
        "state": "NSW",
        "price": "1275",
        "price_per_unit": "510",
        "price_unit": "ML"
      },
      {
        "state": "VIC",
        "price": "1275",
        "price_per_unit": "510",
        "price_unit": "ML"
      }
    ]
  },
  {
    "source_url": "https://www.woolworths.com.au/shop/productdetails/1075410214/liv-eco-biodegradable-sanitiser-disinfectant-wipes-110-pack-x-4",
    "name": "Liv Eco Biodegradable Sanitiser & Disinfectant Wipes 110 Pack x 4",
    "image_url": "https://cdn1.woolworths.media/content/wowproductimages/large/1075410214.jpg",
    "source_id": "Woolworths - 1075410214",
    "barcode": null,
    "shop": "Woolworths",
    "weight": "1EA",
    "prices": [
      {
        "state": "NSW",
        "price": "5995",
        "price_per_unit": "14",
        "price_unit": "EA"
      },
      {
        "state": "VIC",
        "price": "5995",
        "price_per_unit": "14",
        "price_unit": "EA"
      }
    ]
  },
  {
    "source_url": "https://www.woolworths.com.au/shop/productdetails/1075410211/liv-wipe-hospital-grade-sanitiser-disinfectant-wipe-22-x-28cm-150-pack-x4",
    "name": "Liv-Wipe Hospital Grade Sanitiser Disinfectant Wipe 22 x 28cm 150 Pack x4",
    "image_url": "https://cdn1.woolworths.media/content/wowproductimages/large/1075410211.jpg",
    "source_id": "Woolworths - 1075410211",
    "barcode": null,
    "shop": "Woolworths",
    "weight": "1EA",
    "prices": [
      {
        "state": "NSW",
        "price": "6495",
        "price_per_unit": "11",
        "price_unit": "EA"
      },
      {
        "state": "VIC",
        "price": "6495",
        "price_per_unit": "11",
        "price_unit": "EA"
      }
    ]
  },
  {
    "source_url": "https://www.woolworths.com.au/shop/productdetails/1074335437/livingstone-detergent-sanitiser-5l-neutral-ph-each",
    "name": "Livingstone Detergent Sanitiser 5L Neutral pH Each",
    "image_url": "https://cdn1.woolworths.media/content/wowproductimages/large/1074335437.jpg",
    "source_id": "Woolworths - 1074335437",
    "barcode": null,
    "shop": "Woolworths",
    "weight": "1EA",
    "prices": [
      {
        "state": "NSW",
        "price": "5995",
        "price_per_unit": "5995",
        "price_unit": "EA"
      },
      {
        "state": "VIC",
        "price": "5995",
        "price_per_unit": "5995",
        "price_unit": "EA"
      }
    ]
  },
  {
    "source_url": "https://www.woolworths.com.au/shop/productdetails/1074165402/livingstone-disinfectant-sanitiser-commercial-lemon-5l-x2",
    "name": "Livingstone Disinfectant Sanitiser Commercial Lemon 5L x2",
    "image_url": "https://cdn1.woolworths.media/content/wowproductimages/large/1074165402.jpg",
    "source_id": "Woolworths - 1074165402",
    "barcode": null,
    "shop": "Woolworths",
    "weight": "1EA",
    "prices": [
      {
        "state": "NSW",
        "price": "15477",
        "price_per_unit": "7739",
        "price_unit": "EA"
      },
      {
        "state": "VIC",
        "price": "15477",
        "price_per_unit": "7739",
        "price_unit": "EA"
      }
    ]
  },
  {
    "source_url": "https://www.woolworths.com.au/shop/productdetails/1075410201/livingstone-hand-sanitising-antibacterial-towelette-wipe-16-x-20cm-1-sachet-pack-100-sachets-bag",
    "name": "Livingstone Hand Sanitising Antibacterial Towelette Wipe, 16 x 20cm, 1 Sachet/Pack, 100 Sachets/Bag",
    "image_url": "https://cdn1.woolworths.media/content/wowproductimages/large/1075410201.jpg",
    "source_id": "Woolworths - 1075410201",
    "barcode": null,
    "shop": "Woolworths",
    "weight": "1EA",
    "prices": [
      {
        "state": "NSW",
        "price": "3995",
        "price_per_unit": "40",
        "price_unit": "EA"
      },
      {
        "state": "VIC",
        "price": "3995",
        "price_per_unit": "40",
        "price_unit": "EA"
      }
    ]
  },
  {
    "source_url": "https://www.woolworths.com.au/shop/productdetails/1074335412/livingstone-hypochlorite-bleach-5l-each",
    "name": "Livingstone Hypochlorite Bleach 5L Each",
    "image_url": "https://cdn1.woolworths.media/content/wowproductimages/large/1074335412.jpg",
    "source_id": "Woolworths - 1074335412",
    "barcode": null,
    "shop": "Woolworths",
    "weight": "100ML",
    "prices": [
      {
        "state": "NSW",
        "price": "4900",
        "price_per_unit": "98",
        "price_unit": "ML"
      },
      {
        "state": "VIC",
        "price": "4900",
        "price_per_unit": "98",
        "price_unit": "ML"
      }
    ]
  },
  {
    "source_url": "https://www.woolworths.com.au/shop/productdetails/1074174140/livingstone-scouring-disinfectant-powder-household-grade-5kg",
    "name": "Livingstone Scouring Disinfectant Powder Household Grade 5kg",
    "image_url": "https://cdn1.woolworths.media/content/wowproductimages/large/1074174140.jpg",
    "source_id": "Woolworths - 1074174140",
    "barcode": null,
    "shop": "Woolworths",
    "weight": "1EA",
    "prices": [
      {
        "state": "NSW",
        "price": "10378",
        "price_per_unit": "10378",
        "price_unit": "EA"
      },
      {
        "state": "VIC",
        "price": "10378",
        "price_per_unit": "10378",
        "price_unit": "EA"
      }
    ]
  },
  {
    "source_url": "https://www.woolworths.com.au/shop/productdetails/1074165482/livingstone-telephone-cleaner-500ml-spray",
    "name": "Livingstone Telephone Cleaner 500mL Spray",
    "image_url": "https://cdn1.woolworths.media/content/wowproductimages/large/1074165482.jpg",
    "source_id": "Woolworths - 1074165482",
    "barcode": null,
    "shop": "Woolworths",
    "weight": "1EA",
    "prices": [
      {
        "state": "NSW",
        "price": "6913",
        "price_per_unit": "6913",
        "price_unit": "EA"
      },
      {
        "state": "VIC",
        "price": "6913",
        "price_per_unit": "6913",
        "price_unit": "EA"
      }
    ]
  },
  {
    "source_url": "https://www.woolworths.com.au/shop/productdetails/1074759418/northfork-3-pack-pine-disinfectant-1-litre",
    "name": "Northfork 3 Pack Pine Disinfectant 1 Litre",
    "image_url": "https://cdn1.woolworths.media/content/wowproductimages/large/1074759418.jpg",
    "source_id": "Woolworths - 1074759418",
    "barcode": null,
    "shop": "Woolworths",
    "weight": "1EA",
    "prices": [
      {
        "state": "NSW",
        "price": "2495",
        "price_per_unit": "832",
        "price_unit": "EA"
      },
      {
        "state": "VIC",
        "price": "2495",
        "price_per_unit": "832",
        "price_unit": "EA"
      }
    ]
  },
  {
    "source_url": "https://www.woolworths.com.au/shop/productdetails/1074759419/northfork-3-pack-pine-disinfectant-2-litre-bottles",
    "name": "Northfork 3 Pack Pine Disinfectant 2 Litre Bottles",
    "image_url": "https://cdn1.woolworths.media/content/wowproductimages/large/1074759419.jpg",
    "source_id": "Woolworths - 1074759419",
    "barcode": null,
    "shop": "Woolworths",
    "weight": "1EA",
    "prices": [
      {
        "state": "NSW",
        "price": "5995",
        "price_per_unit": "1998",
        "price_unit": "EA"
      },
      {
        "state": "VIC",
        "price": "5995",
        "price_per_unit": "1998",
        "price_unit": "EA"
      }
    ]
  },
  {
    "source_url": "https://www.woolworths.com.au/shop/productdetails/1076072817/northfork-air-and-surface-spray-fruity-disinfectant-250ml",
    "name": "Northfork Air and Surface Spray Fruity Disinfectant 250mL",
    "image_url": "https://cdn1.woolworths.media/content/wowproductimages/large/1076072817.jpg",
    "source_id": "Woolworths - 1076072817",
    "barcode": null,
    "shop": "Woolworths",
    "weight": "1EA",
    "prices": [
      {
        "state": "NSW",
        "price": "2495",
        "price_per_unit": "2495",
        "price_unit": "EA"
      },
      {
        "state": "VIC",
        "price": "2495",
        "price_per_unit": "2495",
        "price_unit": "EA"
      }
    ]
  },
  {
    "source_url": "https://www.woolworths.com.au/shop/productdetails/1076052420/northfork-bleach-5l-",
    "name": "Northfork Bleach (5L)",
    "image_url": "https://cdn1.woolworths.media/content/wowproductimages/large/1076052420.jpg",
    "source_id": "Woolworths - 1076052420",
    "barcode": null,
    "shop": "Woolworths",
    "weight": "1EA",
    "prices": [
      {
        "state": "NSW",
        "price": "3495",
        "price_per_unit": "3495",
        "price_unit": "EA"
      },
      {
        "state": "VIC",
        "price": "3495",
        "price_per_unit": "3495",
        "price_unit": "EA"
      }
    ]
  },
  {
    "source_url": "https://www.woolworths.com.au/shop/productdetails/1076052421/northfork-citric-lime-and-scale-remover-5l-",
    "name": "Northfork Citric Lime and Scale Remover (5L)",
    "image_url": "https://cdn1.woolworths.media/content/wowproductimages/large/1076052421.jpg",
    "source_id": "Woolworths - 1076052421",
    "barcode": null,
    "shop": "Woolworths",
    "weight": "1EA",
    "prices": [
      {
        "state": "NSW",
        "price": "4895",
        "price_per_unit": "4895",
        "price_unit": "EA"
      },
      {
        "state": "VIC",
        "price": "4895",
        "price_per_unit": "4895",
        "price_unit": "EA"
      }
    ]
  },
  {
    "source_url": "https://www.woolworths.com.au/shop/productdetails/1076109256/northfork-disinfectant-decanting-bottle-750ml",
    "name": "Northfork Disinfectant Decanting Bottle 750mL",
    "image_url": "https://cdn1.woolworths.media/content/wowproductimages/large/1076109256.jpg",
    "source_id": "Woolworths - 1076109256",
    "barcode": null,
    "shop": "Woolworths",
    "weight": "1EA",
    "prices": [
      {
        "state": "NSW",
        "price": "2195",
        "price_per_unit": "2195",
        "price_unit": "EA"
      },
      {
        "state": "VIC",
        "price": "2195",
        "price_per_unit": "2195",
        "price_unit": "EA"
      }
    ]
  },
  {
    "source_url": "https://www.woolworths.com.au/shop/productdetails/1076189357/northfork-disinfectant-fresh-linen-air-freshener-250ml",
    "name": "Northfork Disinfectant Fresh Linen Air Freshener 250mL",
    "image_url": "https://cdn1.woolworths.media/content/wowproductimages/large/1076189357.jpg",
    "source_id": "Woolworths - 1076189357",
    "barcode": null,
    "shop": "Woolworths",
    "weight": "1EA",
    "prices": [
      {
        "state": "NSW",
        "price": "2595",
        "price_per_unit": "2595",
        "price_unit": "EA"
      },
      {
        "state": "VIC",
        "price": "2595",
        "price_per_unit": "2595",
        "price_unit": "EA"
      }
    ]
  },
  {
    "source_url": "https://www.woolworths.com.au/shop/productdetails/1074325545/northfork-disinfectant-lemon-fragrance-5l",
    "name": "Northfork Disinfectant Lemon Fragrance 5L",
    "image_url": "https://cdn1.woolworths.media/content/wowproductimages/large/1074325545.jpg",
    "source_id": "Woolworths - 1074325545",
    "barcode": null,
    "shop": "Woolworths",
    "weight": "100ML",
    "prices": [
      {
        "state": "NSW",
        "price": "7920",
        "price_per_unit": "158",
        "price_unit": "ML"
      },
      {
        "state": "VIC",
        "price": "7920",
        "price_per_unit": "158",
        "price_unit": "ML"
      }
    ]
  },
  {
    "source_url": "https://www.woolworths.com.au/shop/productdetails/1076189452/northfork-fat-and-grease-remover-15l",
    "name": "Northfork Fat and Grease Remover 15L",
    "image_url": "https://cdn1.woolworths.media/content/wowproductimages/large/1076189452.jpg",
    "source_id": "Woolworths - 1076189452",
    "barcode": null,
    "shop": "Woolworths",
    "weight": "1EA",
    "prices": [
      {
        "state": "NSW",
        "price": "12495",
        "price_per_unit": "12495",
        "price_unit": "EA"
      },
      {
        "state": "VIC",
        "price": "12495",
        "price_per_unit": "12495",
        "price_unit": "EA"
      }
    ]
  },
  {
    "source_url": "https://www.woolworths.com.au/shop/productdetails/1076189358/northfork-fruity-fragrance-concentrate-deodoriser-5l",
    "name": "Northfork Fruity Fragrance Concentrate Deodoriser 5L",
    "image_url": "https://cdn1.woolworths.media/content/wowproductimages/large/1076189358.jpg",
    "source_id": "Woolworths - 1076189358",
    "barcode": null,
    "shop": "Woolworths",
    "weight": "1EA",
    "prices": [
      {
        "state": "NSW",
        "price": "5595",
        "price_per_unit": "5595",
        "price_unit": "EA"
      },
      {
        "state": "VIC",
        "price": "5595",
        "price_per_unit": "5595",
        "price_unit": "EA"
      }
    ]
  },
  {
    "source_url": "https://www.woolworths.com.au/shop/productdetails/1076127139/northfork-geca-lemon-disinfectant-5l",
    "name": "Northfork Geca Lemon Disinfectant 5L",
    "image_url": "https://cdn1.woolworths.media/content/wowproductimages/large/1076127139.jpg",
    "source_id": "Woolworths - 1076127139",
    "barcode": null,
    "shop": "Woolworths",
    "weight": "1EA",
    "prices": [
      {
        "state": "NSW",
        "price": "3895",
        "price_per_unit": "3895",
        "price_unit": "EA"
      },
      {
        "state": "VIC",
        "price": "3895",
        "price_per_unit": "3895",
        "price_unit": "EA"
      }
    ]
  },
  {
    "source_url": "https://www.woolworths.com.au/shop/productdetails/1076189362/northfork-handwash-liquid-with-tree-oil-500ml",
    "name": "Northfork Handwash Liquid with Tree Oil 500mL",
    "image_url": "https://cdn1.woolworths.media/content/wowproductimages/large/1076189362.jpg",
    "source_id": "Woolworths - 1076189362",
    "barcode": null,
    "shop": "Woolworths",
    "weight": "1EA",
    "prices": [
      {
        "state": "NSW",
        "price": "2295",
        "price_per_unit": "2295",
        "price_unit": "EA"
      },
      {
        "state": "VIC",
        "price": "2295",
        "price_per_unit": "2295",
        "price_unit": "EA"
      }
    ]
  },
  {
    "source_url": "https://www.woolworths.com.au/shop/productdetails/1076189158/northfork-hospital-grade-bathroom-gel-bleach-5l-",
    "name": "Northfork Hospital Grade Bathroom Gel Bleach (5L)",
    "image_url": "https://cdn1.woolworths.media/content/wowproductimages/large/1076189158.jpg",
    "source_id": "Woolworths - 1076189158",
    "barcode": null,
    "shop": "Woolworths",
    "weight": "1EA",
    "prices": [
      {
        "state": "NSW",
        "price": "4295",
        "price_per_unit": "4295",
        "price_unit": "EA"
      },
      {
        "state": "VIC",
        "price": "4295",
        "price_per_unit": "4295",
        "price_unit": "EA"
      }
    ]
  },
  {
    "source_url": "https://www.woolworths.com.au/shop/productdetails/1076109280/northfork-lemon-disinfectant-15l",
    "name": "Northfork Lemon Disinfectant 15L",
    "image_url": "https://cdn1.woolworths.media/content/wowproductimages/large/1076109280.jpg",
    "source_id": "Woolworths - 1076109280",
    "barcode": null,
    "shop": "Woolworths",
    "weight": "1EA",
    "prices": [
      {
        "state": "NSW",
        "price": "7295",
        "price_per_unit": "7295",
        "price_unit": "EA"
      },
      {
        "state": "VIC",
        "price": "7295",
        "price_per_unit": "7295",
        "price_unit": "EA"
      }
    ]
  },
  {
    "source_url": "https://www.woolworths.com.au/shop/productdetails/1076109281/northfork-lemon-disinfectant-5l",
    "name": "Northfork Lemon Disinfectant 5L",
    "image_url": "https://cdn1.woolworths.media/content/wowproductimages/large/1076109281.jpg",
    "source_id": "Woolworths - 1076109281",
    "barcode": null,
    "shop": "Woolworths",
    "weight": "1EA",
    "prices": [
      {
        "state": "NSW",
        "price": "3495",
        "price_per_unit": "3495",
        "price_unit": "EA"
      },
      {
        "state": "VIC",
        "price": "3495",
        "price_per_unit": "3495",
        "price_unit": "EA"
      }
    ]
  },
  {
    "source_url": "https://www.woolworths.com.au/shop/productdetails/1076109282/northfork-lemon-disinfectant-hospital-grade-5l",
    "name": "Northfork Lemon Disinfectant Hospital Grade 5L",
    "image_url": "https://cdn1.woolworths.media/content/wowproductimages/large/1076109282.jpg",
    "source_id": "Woolworths - 1076109282",
    "barcode": null,
    "shop": "Woolworths",
    "weight": "1EA",
    "prices": [
      {
        "state": "NSW",
        "price": "4395",
        "price_per_unit": "4395",
        "price_unit": "EA"
      },
      {
        "state": "VIC",
        "price": "4395",
        "price_per_unit": "4395",
        "price_unit": "EA"
      }
    ]
  },
  {
    "source_url": "https://www.woolworths.com.au/shop/productdetails/1076109289/northfork-pine-disinfectant-2l",
    "name": "Northfork Pine Disinfectant 2L",
    "image_url": "https://cdn1.woolworths.media/content/wowproductimages/large/1076109289.jpg",
    "source_id": "Woolworths - 1076109289",
    "barcode": null,
    "shop": "Woolworths",
    "weight": "1EA",
    "prices": [
      {
        "state": "NSW",
        "price": "2395",
        "price_per_unit": "2395",
        "price_unit": "EA"
      },
      {
        "state": "VIC",
        "price": "2395",
        "price_per_unit": "2395",
        "price_unit": "EA"
      }
    ]
  },
  {
    "source_url": "https://www.woolworths.com.au/shop/productdetails/1076189368/northfork-pine-disinfectant-5l",
    "name": "Northfork Pine Disinfectant 5L",
    "image_url": "https://cdn1.woolworths.media/content/wowproductimages/large/1076189368.jpg",
    "source_id": "Woolworths - 1076189368",
    "barcode": null,
    "shop": "Woolworths",
    "weight": "1EA",
    "prices": [
      {
        "state": "NSW",
        "price": "3395",
        "price_per_unit": "3395",
        "price_unit": "EA"
      },
      {
        "state": "VIC",
        "price": "3395",
        "price_per_unit": "3395",
        "price_unit": "EA"
      }
    ]
  },
  {
    "source_url": "https://www.woolworths.com.au/shop/productdetails/1074325614/northfork-pine-disinfectant-liquid-cleaner-12pk-1l",
    "name": "Northfork Pine Disinfectant Liquid Cleaner 12PK 1L",
    "image_url": "https://cdn1.woolworths.media/content/wowproductimages/large/1074325614.jpg",
    "source_id": "Woolworths - 1074325614",
    "barcode": null,
    "shop": "Woolworths",
    "weight": "100ML",
    "prices": [
      {
        "state": "NSW",
        "price": "9355",
        "price_per_unit": "936",
        "price_unit": "ML"
      },
      {
        "state": "VIC",
        "price": "9355",
        "price_per_unit": "936",
        "price_unit": "ML"
      }
    ]
  },
  {
    "source_url": "https://www.woolworths.com.au/shop/productdetails/1074325626/northfork-pine-disinfectant-liquid-cleaner-soap-3pk-2l",
    "name": "Northfork Pine Disinfectant Liquid Cleaner Soap 3PK 2L",
    "image_url": "https://cdn1.woolworths.media/content/wowproductimages/large/1074325626.jpg",
    "source_id": "Woolworths - 1074325626",
    "barcode": null,
    "shop": "Woolworths",
    "weight": "100ML",
    "prices": [
      {
        "state": "NSW",
        "price": "5310",
        "price_per_unit": "265500",
        "price_unit": "ML"
      },
      {
        "state": "VIC",
        "price": "5310",
        "price_per_unit": "265500",
        "price_unit": "ML"
      }
    ]
  },
  {
    "source_url": "https://www.woolworths.com.au/shop/productdetails/1076188814/northfork-super-concentrate-dishwashing-liquid-1l",
    "name": "Northfork Super Concentrate Dishwashing Liquid 1L",
    "image_url": "https://cdn1.woolworths.media/content/wowproductimages/large/1076188814.jpg",
    "source_id": "Woolworths - 1076188814",
    "barcode": null,
    "shop": "Woolworths",
    "weight": "1EA",
    "prices": [
      {
        "state": "NSW",
        "price": "2595",
        "price_per_unit": "2595",
        "price_unit": "EA"
      },
      {
        "state": "VIC",
        "price": "2595",
        "price_per_unit": "2595",
        "price_unit": "EA"
      }
    ]
  },
  {
    "source_url": "https://www.woolworths.com.au/shop/productdetails/1074325635/northfork-toilet-bowl-urinal-cleaner-disinfectant-12pk-1l",
    "name": "Northfork Toilet Bowl & Urinal Cleaner Disinfectant 12PK 1L",
    "image_url": "https://cdn1.woolworths.media/content/wowproductimages/large/1074325635.jpg",
    "source_id": "Woolworths - 1074325635",
    "barcode": null,
    "shop": "Woolworths",
    "weight": "100ML",
    "prices": [
      {
        "state": "NSW",
        "price": "11425",
        "price_per_unit": "1143",
        "price_unit": "ML"
      },
      {
        "state": "VIC",
        "price": "11425",
        "price_per_unit": "1143",
        "price_unit": "ML"
      }
    ]
  },
  {
    "source_url": "https://www.woolworths.com.au/shop/productdetails/1074759429/northfork-universal-dispenser-for-1l-0-4ml-cartridges-smoke",
    "name": "Northfork Universal Dispenser For 1L 0.4mL Cartridges Smoke",
    "image_url": "https://cdn1.woolworths.media/content/wowproductimages/large/1074759429.jpg",
    "source_id": "Woolworths - 1074759429",
    "barcode": null,
    "shop": "Woolworths",
    "weight": "1EA",
    "prices": [
      {
        "state": "NSW",
        "price": "3995",
        "price_per_unit": "3995",
        "price_unit": "EA"
      },
      {
        "state": "VIC",
        "price": "3995",
        "price_per_unit": "3995",
        "price_unit": "EA"
      }
    ]
  },
  {
    "source_url": "https://www.woolworths.com.au/shop/productdetails/1076189369/northfork-window-and-glass-cleaner-decanting-bottle-750ml",
    "name": "Northfork Window and Glass Cleaner Decanting Bottle 750mL",
    "image_url": "https://cdn1.woolworths.media/content/wowproductimages/large/1076189369.jpg",
    "source_id": "Woolworths - 1076189369",
    "barcode": null,
    "shop": "Woolworths",
    "weight": "1EA",
    "prices": [
      {
        "state": "NSW",
        "price": "2195",
        "price_per_unit": "2195",
        "price_unit": "EA"
      },
      {
        "state": "VIC",
        "price": "2195",
        "price_per_unit": "2195",
        "price_unit": "EA"
      }
    ]
  },
  {
    "source_url": "https://www.woolworths.com.au/shop/productdetails/312003/banyar-jagun-hospital-grade-disinfectant-unscented-spray",
    "name": "Banyar Jagun Hospital Grade Disinfectant Unscented Spray 500ml",
    "image_url": "https://cdn1.woolworths.media/content/wowproductimages/large/312003.jpg",
    "source_id": "Woolworths - 312003",
    "barcode": "9309000930012",
    "shop": "Woolworths",
    "weight": "100ML",
    "prices": [
      {
        "state": "VIC",
        "price": "535",
        "price_per_unit": "107",
        "price_unit": "ML"
      },
      {
        "state": "QLD",
        "price": "535",
        "price_per_unit": "107",
        "price_unit": "ML"
      },
      {
        "state": "SA",
        "price": "535",
        "price_per_unit": "107",
        "price_unit": "ML"
      },
      {
        "state": "ACT",
        "price": "535",
        "price_per_unit": "107",
        "price_unit": "ML"
      },
      {
        "state": "NT",
        "price": "535",
        "price_per_unit": "107",
        "price_unit": "ML"
      }
    ]
  },
  {
    "source_url": "https://www.woolworths.com.au/shop/productdetails/785900/glen-20-light-fresh-summer-garden-disinfectant-spray",
    "name": "Glen 20 Light & Fresh Summer Garden Disinfectant Spray 300g",
    "image_url": "https://cdn1.woolworths.media/content/wowproductimages/large/785900.jpg",
    "source_id": "Woolworths - 785900",
    "barcode": "9300701701482",
    "shop": "Woolworths",
    "weight": "100G",
    "prices": [
      {
        "state": "VIC",
        "price": "615",
        "price_per_unit": "205",
        "price_unit": "G"
      },
      {
        "state": "QLD",
        "price": "615",
        "price_per_unit": "205",
        "price_unit": "G"
      },
      {
        "state": "SA",
        "price": "615",
        "price_per_unit": "205",
        "price_unit": "G"
      },
      {
        "state": "NT",
        "price": "615",
        "price_per_unit": "205",
        "price_unit": "G"
      }
    ]
  },
  {
    "source_url": "https://www.woolworths.com.au/shop/productdetails/1074050843/nanoman-antibacterial-365-fabric-surfaces-250ml",
    "name": "Nanoman Antibacterial 365 Fabric Surfaces 250ml",
    "image_url": "https://cdn1.woolworths.media/content/wowproductimages/large/1074050843.jpg",
    "source_id": "Woolworths - 1074050843",
    "barcode": null,
    "shop": "Woolworths",
    "weight": "100ML",
    "prices": [
      {
        "state": "VIC",
        "price": "3995",
        "price_per_unit": "1598",
        "price_unit": "ML"
      }
    ]
  },
  {
    "source_url": "https://www.woolworths.com.au/shop/productdetails/1075478818/natural-protect-mould-removal-concentrate-100ml",
    "name": "Natural Protect Mould Removal Concentrate 100ml",
    "image_url": "https://cdn1.woolworths.media/content/wowproductimages/large/1075478818.jpg",
    "source_id": "Woolworths - 1075478818",
    "barcode": null,
    "shop": "Woolworths",
    "weight": "100ML",
    "prices": [
      {
        "state": "VIC",
        "price": "2995",
        "price_per_unit": "2995",
        "price_unit": "ML"
      }
    ]
  },
  {
    "source_url": "https://www.woolworths.com.au/shop/productdetails/8304/pine-o-cleen-all-in-1-lemon-antibacterial-disinfectant-gel",
    "name": "Pine O Cleen All In 1 Lemon Antibacterial Disinfectant Gel 400ml",
    "image_url": "https://cdn1.woolworths.media/content/wowproductimages/large/008304.jpg",
    "source_id": "Woolworths - 8304",
    "barcode": "9300701825324",
    "shop": "Woolworths",
    "weight": "100ML",
    "prices": [
      {
        "state": "QLD",
        "price": "600",
        "price_per_unit": "150",
        "price_unit": "ML"
      },
      {
        "state": "WA",
        "price": "600",
        "price_per_unit": "150",
        "price_unit": "ML"
      },
      {
        "state": "SA",
        "price": "600",
        "price_per_unit": "150",
        "price_unit": "ML"
      },
      {
        "state": "TAS",
        "price": "600",
        "price_per_unit": "150",
        "price_unit": "ML"
      },
      {
        "state": "ACT",
        "price": "600",
        "price_per_unit": "150",
        "price_unit": "ML"
      },
      {
        "state": "NT",
        "price": "630",
        "price_per_unit": "158",
        "price_unit": "ML"
      }
    ]
  },
  {
    "source_url": "https://www.woolworths.com.au/shop/productdetails/222532/pine-o-cleen-brand-new-day-coconut-disinfectant-liquid",
    "name": "Pine O Cleen Brand New Day Coconut Disinfectant Liquid 1.25l",
    "image_url": "https://cdn1.woolworths.media/content/wowproductimages/large/222532.jpg",
    "source_id": "Woolworths - 222532",
    "barcode": "9300701188351",
    "shop": "Woolworths",
    "weight": "100ML",
    "prices": [
      {
        "state": "QLD",
        "price": "800",
        "price_per_unit": "64",
        "price_unit": "ML"
      },
      {
        "state": "WA",
        "price": "800",
        "price_per_unit": "64",
        "price_unit": "ML"
      },
      {
        "state": "SA",
        "price": "800",
        "price_per_unit": "64",
        "price_unit": "ML"
      },
      {
        "state": "TAS",
        "price": "800",
        "price_per_unit": "64",
        "price_unit": "ML"
      },
      {
        "state": "ACT",
        "price": "800",
        "price_per_unit": "64",
        "price_unit": "ML"
      },
      {
        "state": "NT",
        "price": "840",
        "price_per_unit": "67",
        "price_unit": "ML"
      }
    ]
  },
  {
    "source_url": "https://www.woolworths.com.au/shop/productdetails/222411/pine-o-cleen-brand-new-day-mandarin-disinfectant-liquid",
    "name": "Pine O Cleen Brand New Day Mandarin Disinfectant Liquid 1.25l",
    "image_url": "https://cdn1.woolworths.media/content/wowproductimages/large/222411.jpg",
    "source_id": "Woolworths - 222411",
    "barcode": "9300701188344",
    "shop": "Woolworths",
    "weight": "100ML",
    "prices": [
      {
        "state": "QLD",
        "price": "800",
        "price_per_unit": "64",
        "price_unit": "ML"
      },
      {
        "state": "WA",
        "price": "800",
        "price_per_unit": "64",
        "price_unit": "ML"
      },
      {
        "state": "SA",
        "price": "800",
        "price_per_unit": "64",
        "price_unit": "ML"
      },
      {
        "state": "TAS",
        "price": "800",
        "price_per_unit": "64",
        "price_unit": "ML"
      },
      {
        "state": "NT",
        "price": "840",
        "price_per_unit": "67",
        "price_unit": "ML"
      }
    ]
  },
  {
    "source_url": "https://www.woolworths.com.au/shop/productdetails/70022/pine-o-cleen-eucalyptus-disinfectant-liquid",
    "name": "Pine O Cleen Eucalyptus Disinfectant Liquid 1.25l",
    "image_url": "https://cdn1.woolworths.media/content/wowproductimages/large/070022.jpg",
    "source_id": "Woolworths - 70022",
    "barcode": "9300701400767",
    "shop": "Woolworths",
    "weight": "100ML",
    "prices": [
      {
        "state": "QLD",
        "price": "800",
        "price_per_unit": "64",
        "price_unit": "ML"
      },
      {
        "state": "WA",
        "price": "800",
        "price_per_unit": "64",
        "price_unit": "ML"
      },
      {
        "state": "SA",
        "price": "800",
        "price_per_unit": "64",
        "price_unit": "ML"
      },
      {
        "state": "TAS",
        "price": "800",
        "price_per_unit": "64",
        "price_unit": "ML"
      },
      {
        "state": "ACT",
        "price": "800",
        "price_per_unit": "64",
        "price_unit": "ML"
      },
      {
        "state": "NT",
        "price": "840",
        "price_per_unit": "67",
        "price_unit": "ML"
      }
    ]
  },
  {
    "source_url": "https://www.woolworths.com.au/shop/productdetails/139515/pine-o-cleen-lavender-disinfectant-liquid",
    "name": "Pine O Cleen Lavender Disinfectant Liquid 1.25l",
    "image_url": "https://cdn1.woolworths.media/content/wowproductimages/large/139515.jpg",
    "source_id": "Woolworths - 139515",
    "barcode": "9300701001377",
    "shop": "Woolworths",
    "weight": "100ML",
    "prices": [
      {
        "state": "QLD",
        "price": "800",
        "price_per_unit": "64",
        "price_unit": "ML"
      },
      {
        "state": "WA",
        "price": "800",
        "price_per_unit": "64",
        "price_unit": "ML"
      },
      {
        "state": "SA",
        "price": "800",
        "price_per_unit": "64",
        "price_unit": "ML"
      },
      {
        "state": "TAS",
        "price": "800",
        "price_per_unit": "64",
        "price_unit": "ML"
      },
      {
        "state": "ACT",
        "price": "800",
        "price_per_unit": "64",
        "price_unit": "ML"
      },
      {
        "state": "NT",
        "price": "840",
        "price_per_unit": "67",
        "price_unit": "ML"
      }
    ]
  },
  {
    "source_url": "https://www.woolworths.com.au/shop/productdetails/1846/pine-o-cleen-pine-disinfectant-liquid",
    "name": "Pine O Cleen Pine Disinfectant Liquid 1.25l",
    "image_url": "https://cdn1.woolworths.media/content/wowproductimages/large/001846.jpg",
    "source_id": "Woolworths - 1846",
    "barcode": "9300701404437",
    "shop": "Woolworths",
    "weight": "100ML",
    "prices": [
      {
        "state": "QLD",
        "price": "800",
        "price_per_unit": "64",
        "price_unit": "ML"
      },
      {
        "state": "WA",
        "price": "800",
        "price_per_unit": "64",
        "price_unit": "ML"
      },
      {
        "state": "SA",
        "price": "800",
        "price_per_unit": "64",
        "price_unit": "ML"
      },
      {
        "state": "TAS",
        "price": "800",
        "price_per_unit": "64",
        "price_unit": "ML"
      },
      {
        "state": "ACT",
        "price": "800",
        "price_per_unit": "64",
        "price_unit": "ML"
      },
      {
        "state": "NT",
        "price": "840",
        "price_per_unit": "67",
        "price_unit": "ML"
      }
    ]
  },
  {
    "source_url": "https://www.woolworths.com.au/shop/productdetails/279742/strike-aerosol-disinfectant-hospital-grade-marine-fresh",
    "name": "Strike Aerosol Disinfectant Hospital Grade Marine Fresh 300g",
    "image_url": "https://cdn1.woolworths.media/content/wowproductimages/large/279742.jpg",
    "source_id": "Woolworths - 279742",
    "barcode": "9300633973872",
    "shop": "Woolworths",
    "weight": "100G",
    "prices": [
      {
        "state": "QLD",
        "price": "350",
        "price_per_unit": "117",
        "price_unit": "G"
      },
      {
        "state": "WA",
        "price": "350",
        "price_per_unit": "117",
        "price_unit": "G"
      },
      {
        "state": "SA",
        "price": "350",
        "price_per_unit": "117",
        "price_unit": "G"
      },
      {
        "state": "TAS",
        "price": "350",
        "price_per_unit": "117",
        "price_unit": "G"
      },
      {
        "state": "ACT",
        "price": "350",
        "price_per_unit": "117",
        "price_unit": "G"
      },
      {
        "state": "NT",
        "price": "350",
        "price_per_unit": "117",
        "price_unit": "G"
      }
    ]
  },
  {
    "source_url": "https://www.woolworths.com.au/shop/productdetails/665353/strike-disinfectant-spray-eucalyptus",
    "name": "Strike Disinfectant Spray Eucalyptus 300g",
    "image_url": "https://cdn1.woolworths.media/content/wowproductimages/large/665353.jpg",
    "source_id": "Woolworths - 665353",
    "barcode": "9339687013487",
    "shop": "Woolworths",
    "weight": "100G",
    "prices": [
      {
        "state": "QLD",
        "price": "350",
        "price_per_unit": "117",
        "price_unit": "G"
      },
      {
        "state": "WA",
        "price": "350",
        "price_per_unit": "117",
        "price_unit": "G"
      },
      {
        "state": "SA",
        "price": "350",
        "price_per_unit": "117",
        "price_unit": "G"
      },
      {
        "state": "TAS",
        "price": "350",
        "price_per_unit": "117",
        "price_unit": "G"
      },
      {
        "state": "ACT",
        "price": "350",
        "price_per_unit": "117",
        "price_unit": "G"
      },
      {
        "state": "NT",
        "price": "350",
        "price_per_unit": "117",
        "price_unit": "G"
      }
    ]
  },
  {
    "source_url": "https://www.woolworths.com.au/shop/productdetails/178478/strike-pro-disinfectant-eucalyptus-hospital-grade",
    "name": "Strike Pro Disinfectant Eucalyptus Hospital Grade 1.25l",
    "image_url": "https://cdn1.woolworths.media/content/wowproductimages/large/178478.jpg",
    "source_id": "Woolworths - 178478",
    "barcode": "9339687272228",
    "shop": "Woolworths",
    "weight": "100ML",
    "prices": [
      {
        "state": "QLD",
        "price": "250",
        "price_per_unit": "20",
        "price_unit": "ML"
      },
      {
        "state": "ACT",
        "price": "250",
        "price_per_unit": "20",
        "price_unit": "ML"
      },
      {
        "state": "NT",
        "price": "250",
        "price_per_unit": "20",
        "price_unit": "ML"
      }
    ]
  },
  {
    "source_url": "https://www.woolworths.com.au/shop/productdetails/178479/strike-pro-disinfectant-lavender-hospital-grade",
    "name": "Strike Pro Disinfectant Lavender Hospital Grade 1.25l",
    "image_url": "https://cdn1.woolworths.media/content/wowproductimages/large/178479.jpg",
    "source_id": "Woolworths - 178479",
    "barcode": "9339687272235",
    "shop": "Woolworths",
    "weight": "100ML",
    "prices": [
      {
        "state": "QLD",
        "price": "250",
        "price_per_unit": "20",
        "price_unit": "ML"
      },
      {
        "state": "WA",
        "price": "250",
        "price_per_unit": "20",
        "price_unit": "ML"
      },
      {
        "state": "SA",
        "price": "250",
        "price_per_unit": "20",
        "price_unit": "ML"
      },
      {
        "state": "TAS",
        "price": "250",
        "price_per_unit": "20",
        "price_unit": "ML"
      },
      {
        "state": "ACT",
        "price": "250",
        "price_per_unit": "20",
        "price_unit": "ML"
      },
      {
        "state": "NT",
        "price": "250",
        "price_per_unit": "20",
        "price_unit": "ML"
      }
    ]
  },
  {
    "source_url": "https://www.woolworths.com.au/shop/productdetails/183854/strike-pro-domestic-cleaner-antibacterial-thick-bleach",
    "name": "Strike Pro Domestic Cleaner Antibacterial Thick Bleach 1.25l",
    "image_url": "https://cdn1.woolworths.media/content/wowproductimages/large/183854.jpg",
    "source_id": "Woolworths - 183854",
    "barcode": "9339687276707",
    "shop": "Woolworths",
    "weight": "100ML",
    "prices": [
      {
        "state": "QLD",
        "price": "250",
        "price_per_unit": "20",
        "price_unit": "ML"
      },
      {
        "state": "WA",
        "price": "250",
        "price_per_unit": "20",
        "price_unit": "ML"
      },
      {
        "state": "SA",
        "price": "250",
        "price_per_unit": "20",
        "price_unit": "ML"
      },
      {
        "state": "TAS",
        "price": "250",
        "price_per_unit": "20",
        "price_unit": "ML"
      },
      {
        "state": "ACT",
        "price": "250",
        "price_per_unit": "20",
        "price_unit": "ML"
      },
      {
        "state": "NT",
        "price": "250",
        "price_per_unit": "20",
        "price_unit": "ML"
      }
    ]
  },
  {
    "source_url": "https://www.woolworths.com.au/shop/productdetails/32024/white-king-bleach-lemon",
    "name": "White King Bleach Lemon 1.25l",
    "image_url": "https://cdn1.woolworths.media/content/wowproductimages/large/032024.jpg",
    "source_id": "Woolworths - 32024",
    "barcode": "9333441000935",
    "shop": "Woolworths",
    "weight": "1L",
    "prices": [
      {
        "state": "QLD",
        "price": "375",
        "price_per_unit": "300",
        "price_unit": "L"
      },
      {
        "state": "WA",
        "price": "375",
        "price_per_unit": "300",
        "price_unit": "L"
      },
      {
        "state": "SA",
        "price": "375",
        "price_per_unit": "300",
        "price_unit": "L"
      },
      {
        "state": "TAS",
        "price": "375",
        "price_per_unit": "300",
        "price_unit": "L"
      },
      {
        "state": "ACT",
        "price": "375",
        "price_per_unit": "300",
        "price_unit": "L"
      },
      {
        "state": "NT",
        "price": "390",
        "price_per_unit": "312",
        "price_unit": "L"
      }
    ]
  },
  {
    "source_url": "https://www.woolworths.com.au/shop/productdetails/235619/white-king-multipurpose-power-cleaner-lemon",
    "name": "White King Multipurpose Power Cleaner Lemon 1l",
    "image_url": "https://cdn1.woolworths.media/content/wowproductimages/large/235619.jpg",
    "source_id": "Woolworths - 235619",
    "barcode": "9300636017733",
    "shop": "Woolworths",
    "weight": "100ML",
    "prices": [
      {
        "state": "QLD",
        "price": "395",
        "price_per_unit": "40",
        "price_unit": "ML"
      },
      {
        "state": "WA",
        "price": "395",
        "price_per_unit": "40",
        "price_unit": "ML"
      },
      {
        "state": "SA",
        "price": "395",
        "price_per_unit": "40",
        "price_unit": "ML"
      },
      {
        "state": "TAS",
        "price": "395",
        "price_per_unit": "40",
        "price_unit": "ML"
      },
      {
        "state": "ACT",
        "price": "395",
        "price_per_unit": "40",
        "price_unit": "ML"
      },
      {
        "state": "NT",
        "price": "395",
        "price_per_unit": "40",
        "price_unit": "ML"
      }
    ]
  },
  {
    "source_url": "https://www.woolworths.com.au/shop/productdetails/37801/white-king-premium-bleach-lemon",
    "name": "White King Premium Bleach Lemon 2.5L",
    "image_url": "https://cdn1.woolworths.media/content/wowproductimages/large/037801.jpg",
    "source_id": "Woolworths - 37801",
    "barcode": "9333441000973",
    "shop": "Woolworths",
    "weight": "1L",
    "prices": [
      {
        "state": "QLD",
        "price": "480",
        "price_per_unit": "192",
        "price_unit": "L"
      },
      {
        "state": "WA",
        "price": "480",
        "price_per_unit": "192",
        "price_unit": "L"
      },
      {
        "state": "SA",
        "price": "480",
        "price_per_unit": "192",
        "price_unit": "L"
      },
      {
        "state": "TAS",
        "price": "480",
        "price_per_unit": "192",
        "price_unit": "L"
      },
      {
        "state": "ACT",
        "price": "480",
        "price_per_unit": "192",
        "price_unit": "L"
      },
      {
        "state": "NT",
        "price": "500",
        "price_per_unit": "200",
        "price_unit": "L"
      }
    ]
  },
  {
    "source_url": "https://www.woolworths.com.au/shop/productdetails/44100/white-king-premium-bleach-regular",
    "name": "White King Premium Bleach Regular 2.5L",
    "image_url": "https://cdn1.woolworths.media/content/wowproductimages/large/044100.jpg",
    "source_id": "Woolworths - 44100",
    "barcode": "9333441000959",
    "shop": "Woolworths",
    "weight": "1L",
    "prices": [
      {
        "state": "QLD",
        "price": "480",
        "price_per_unit": "192",
        "price_unit": "L"
      },
      {
        "state": "WA",
        "price": "480",
        "price_per_unit": "192",
        "price_unit": "L"
      },
      {
        "state": "SA",
        "price": "480",
        "price_per_unit": "192",
        "price_unit": "L"
      },
      {
        "state": "TAS",
        "price": "480",
        "price_per_unit": "192",
        "price_unit": "L"
      },
      {
        "state": "ACT",
        "price": "480",
        "price_per_unit": "192",
        "price_unit": "L"
      },
      {
        "state": "NT",
        "price": "500",
        "price_per_unit": "200",
        "price_unit": "L"
      }
    ]
  }
]