[
  {
    "source_url": "https://www.woolworths.com.au/shop/productdetails/426888/macro-avocado-mini-organic",
    "name": "Macro Avocado Mini Organic 550g",
    "image_url": "https://cdn1.woolworths.media/content/wowproductimages/large/426888.jpg",
    "source_id": "Woolworths - 426888",
    "barcode": "9300633579340",
    "category_id": "22351",
    "shop": "Woolworths",
    "weight": "1KG",
    "prices": [
      {
        "state": "NSW",
        "price": "790",
        "price_per_unit": "1436",
        "price_unit": "KG"
      },
      {
        "state": "VIC",
        "price": "790",
        "price_per_unit": "1436",
        "price_unit": "KG"
      },
      {
        "state": "QLD",
        "price": "790",
        "price_per_unit": "1436",
        "price_unit": "KG"
      },
      {
        "state": "ACT",
        "price": "790",
        "price_per_unit": "1436",
        "price_unit": "KG"
      }
    ]
  },
  {
    "source_url": "https://www.woolworths.com.au/shop/productdetails/145947/macro-brown-onions-organic",
    "name": "Macro Brown Onions Organic 1kg Bag",
    "image_url": "https://cdn1.woolworths.media/content/wowproductimages/large/145947.jpg",
    "source_id": "Woolworths - 145947",
    "barcode": "9300633007690",
    "category_id": "22351",
    "shop": "Woolworths",
    "weight": "1KG",
    "prices": [
      {
        "state": "NSW",
        "price": "790",
        "price_per_unit": "790",
        "price_unit": "KG"
      },
      {
        "state": "VIC",
        "price": "790",
        "price_per_unit": "790",
        "price_unit": "KG"
      },
      {
        "state": "WA",
        "price": "1050",
        "price_per_unit": "1050",
        "price_unit": "KG"
      },
      {
        "state": "SA",
        "price": "790",
        "price_per_unit": "790",
        "price_unit": "KG"
      },
      {
        "state": "TAS",
        "price": "900",
        "price_per_unit": "900",
        "price_unit": "KG"
      },
      {
        "state": "ACT",
        "price": "790",
        "price_per_unit": "790",
        "price_unit": "KG"
      },
      {
        "state": "NT",
        "price": "790",
        "price_per_unit": "790",
        "price_unit": "KG"
      }
    ]
  },
  {
    "source_url": "https://www.woolworths.com.au/shop/productdetails/717237/macro-certified-organic-baby-spinach",
    "name": "Macro Certified Organic Baby Spinach 100g",
    "image_url": "https://cdn1.woolworths.media/content/wowproductimages/large/717237.jpg",
    "source_id": "Woolworths - 717237",
    "barcode": "9300633285418",
    "category_id": "22351",
    "shop": "Woolworths",
    "weight": "1KG",
    "prices": [
      {
        "state": "NSW",
        "price": "450",
        "price_per_unit": "4500",
        "price_unit": "KG"
      },
      {
        "state": "VIC",
        "price": "450",
        "price_per_unit": "4500",
        "price_unit": "KG"
      },
      {
        "state": "SA",
        "price": "450",
        "price_per_unit": "4500",
        "price_unit": "KG"
      },
      {
        "state": "ACT",
        "price": "450",
        "price_per_unit": "4500",
        "price_unit": "KG"
      },
      {
        "state": "NT",
        "price": "450",
        "price_per_unit": "4500",
        "price_unit": "KG"
      }
    ]
  },
  {
    "source_url": "https://www.woolworths.com.au/shop/productdetails/717238/macro-certified-organic-salad-mix",
    "name": "Macro Certified Organic Salad Mix 100g",
    "image_url": "https://cdn1.woolworths.media/content/wowproductimages/large/717238.jpg",
    "source_id": "Woolworths - 717238",
    "barcode": "9300633285425",
    "category_id": "22351",
    "shop": "Woolworths",
    "weight": "1KG",
    "prices": [
      {
        "state": "NSW",
        "price": "380",
        "price_per_unit": "3800",
        "price_unit": "KG"
      },
      {
        "state": "SA",
        "price": "380",
        "price_per_unit": "3800",
        "price_unit": "KG"
      },
      {
        "state": "ACT",
        "price": "380",
        "price_per_unit": "3800",
        "price_unit": "KG"
      },
      {
        "state": "NT",
        "price": "380",
        "price_per_unit": "3800",
        "price_unit": "KG"
      }
    ]
  },
  {
    "source_url": "https://www.woolworths.com.au/shop/productdetails/157367/macro-cos-lettuce-organic",
    "name": "Macro Cos Lettuce Organic Each",
    "image_url": "https://cdn1.woolworths.media/content/wowproductimages/large/157367.jpg",
    "source_id": "Woolworths - 157367",
    "barcode": "0261436000006",
    "category_id": "22351",
    "shop": "Woolworths",
    "weight": "1EA",
    "prices": [
      {
        "state": "NSW",
        "price": "590",
        "price_per_unit": "590",
        "price_unit": "EA"
      }
    ]
  },
  {
    "source_url": "https://www.woolworths.com.au/shop/productdetails/769063/macro-dutch-cream-organic-potato",
    "name": "Macro Dutch Cream Organic Potato 1kg Punnet",
    "image_url": "https://cdn1.woolworths.media/content/wowproductimages/large/769063.jpg",
    "source_id": "Woolworths - 769063",
    "barcode": "9300633451042",
    "category_id": "22351",
    "shop": "Woolworths",
    "weight": "1KG",
    "prices": [
      {
        "state": "NSW",
        "price": "500",
        "price_per_unit": "500",
        "price_unit": "KG"
      },
      {
        "state": "VIC",
        "price": "500",
        "price_per_unit": "500",
        "price_unit": "KG"
      },
      {
        "state": "QLD",
        "price": "500",
        "price_per_unit": "500",
        "price_unit": "KG"
      },
      {
        "state": "ACT",
        "price": "500",
        "price_per_unit": "500",
        "price_unit": "KG"
      }
    ]
  },
  {
    "source_url": "https://www.woolworths.com.au/shop/productdetails/149792/macro-fresh-cabbage-organic-green-half",
    "name": "Macro Fresh Cabbage Organic Green Half Each",
    "image_url": "https://cdn1.woolworths.media/content/wowproductimages/large/149792.jpg",
    "source_id": "Woolworths - 149792",
    "barcode": "0264835000004",
    "category_id": "22351",
    "shop": "Woolworths",
    "weight": "1EA",
    "prices": [
      {
        "state": "NSW",
        "price": "650",
        "price_per_unit": "650",
        "price_unit": "EA"
      },
      {
        "state": "VIC",
        "price": "650",
        "price_per_unit": "650",
        "price_unit": "EA"
      },
      {
        "state": "QLD",
        "price": "650",
        "price_per_unit": "650",
        "price_unit": "EA"
      },
      {
        "state": "SA",
        "price": "590",
        "price_per_unit": "590",
        "price_unit": "EA"
      },
      {
        "state": "ACT",
        "price": "650",
        "price_per_unit": "650",
        "price_unit": "EA"
      },
      {
        "state": "NT",
        "price": "590",
        "price_per_unit": "590",
        "price_unit": "EA"
      }
    ]
  },
  {
    "source_url": "https://www.woolworths.com.au/shop/productdetails/789892/macro-fresh-celery-heart-organic",
    "name": "Macro Fresh Celery Heart Organic Each",
    "image_url": "https://cdn1.woolworths.media/content/wowproductimages/large/789892.jpg",
    "source_id": "Woolworths - 789892",
    "barcode": "0260527000000",
    "category_id": "22351",
    "shop": "Woolworths",
    "weight": "1EA",
    "prices": [
      {
        "state": "NSW",
        "price": "650",
        "price_per_unit": "650",
        "price_unit": "EA"
      },
      {
        "state": "VIC",
        "price": "650",
        "price_per_unit": "650",
        "price_unit": "EA"
      },
      {
        "state": "QLD",
        "price": "650",
        "price_per_unit": "650",
        "price_unit": "EA"
      },
      {
        "state": "ACT",
        "price": "650",
        "price_per_unit": "650",
        "price_unit": "EA"
      }
    ]
  },
  {
    "source_url": "https://www.woolworths.com.au/shop/productdetails/786006/macro-fresh-lettuce-baby-cos-organic-pack",
    "name": "Macro Fresh Lettuce Baby Cos Organic Pack Each",
    "image_url": "https://cdn1.woolworths.media/content/wowproductimages/large/786006.jpg",
    "source_id": "Woolworths - 786006",
    "barcode": "0260476000007",
    "category_id": "22351",
    "shop": "Woolworths",
    "weight": "1EA",
    "prices": [
      {
        "state": "NSW",
        "price": "500",
        "price_per_unit": "500",
        "price_unit": "EA"
      },
      {
        "state": "VIC",
        "price": "500",
        "price_per_unit": "500",
        "price_unit": "EA"
      },
      {
        "state": "ACT",
        "price": "500",
        "price_per_unit": "500",
        "price_unit": "EA"
      }
    ]
  },
  {
    "source_url": "https://www.woolworths.com.au/shop/productdetails/122674/macro-onion-spring-organic",
    "name": "Macro Onion Spring Organic Each",
    "image_url": "https://cdn1.woolworths.media/content/wowproductimages/large/122674.jpg",
    "source_id": "Woolworths - 122674",
    "barcode": "0264512000006",
    "category_id": "22351",
    "shop": "Woolworths",
    "weight": "1EA",
    "prices": [
      {
        "state": "NSW",
        "price": "490",
        "price_per_unit": "490",
        "price_unit": "EA"
      },
      {
        "state": "VIC",
        "price": "490",
        "price_per_unit": "490",
        "price_unit": "EA"
      },
      {
        "state": "QLD",
        "price": "490",
        "price_per_unit": "490",
        "price_unit": "EA"
      },
      {
        "state": "SA",
        "price": "550",
        "price_per_unit": "550",
        "price_unit": "EA"
      },
      {
        "state": "NT",
        "price": "550",
        "price_per_unit": "550",
        "price_unit": "EA"
      }
    ]
  },
  {
    "source_url": "https://www.woolworths.com.au/shop/productdetails/792361/macro-organic-avocado",
    "name": "Macro Organic Avocado Each",
    "image_url": "https://cdn1.woolworths.media/content/wowproductimages/large/792361.jpg",
    "source_id": "Woolworths - 792361",
    "barcode": "0266181000004",
    "category_id": "22351",
    "shop": "Woolworths",
    "weight": "1EA",
    "prices": [
      {
        "state": "NSW",
        "price": "380",
        "price_per_unit": "380",
        "price_unit": "EA"
      },
      {
        "state": "QLD",
        "price": "380",
        "price_per_unit": "380",
        "price_unit": "EA"
      },
      {
        "state": "SA",
        "price": "390",
        "price_per_unit": "390",
        "price_unit": "EA"
      },
      {
        "state": "ACT",
        "price": "380",
        "price_per_unit": "380",
        "price_unit": "EA"
      },
      {
        "state": "NT",
        "price": "390",
        "price_per_unit": "390",
        "price_unit": "EA"
      }
    ]
  },
  {
    "source_url": "https://www.woolworths.com.au/shop/productdetails/806260/macro-organic-beetroot",
    "name": "Macro Organic Beetroot 250g",
    "image_url": "https://cdn1.woolworths.media/content/wowproductimages/large/806260.jpg",
    "source_id": "Woolworths - 806260",
    "barcode": "9339687066339",
    "category_id": "22351",
    "shop": "Woolworths",
    "weight": "1KG",
    "prices": [
      {
        "state": "NSW",
        "price": "490",
        "price_per_unit": "1960",
        "price_unit": "KG"
      },
      {
        "state": "VIC",
        "price": "490",
        "price_per_unit": "1960",
        "price_unit": "KG"
      },
      {
        "state": "QLD",
        "price": "490",
        "price_per_unit": "1960",
        "price_unit": "KG"
      },
      {
        "state": "WA",
        "price": "490",
        "price_per_unit": "1960",
        "price_unit": "KG"
      },
      {
        "state": "SA",
        "price": "490",
        "price_per_unit": "1960",
        "price_unit": "KG"
      },
      {
        "state": "TAS",
        "price": "490",
        "price_per_unit": "1960",
        "price_unit": "KG"
      },
      {
        "state": "ACT",
        "price": "490",
        "price_per_unit": "1960",
        "price_unit": "KG"
      },
      {
        "state": "NT",
        "price": "490",
        "price_per_unit": "1960",
        "price_unit": "KG"
      }
    ]
  },
  {
    "source_url": "https://www.woolworths.com.au/shop/productdetails/116277/macro-organic-beetroot-punnet",
    "name": "Macro Organic Beetroot Punnet 500g",
    "image_url": "https://cdn1.woolworths.media/content/wowproductimages/large/116277.jpg",
    "source_id": "Woolworths - 116277",
    "barcode": "9316131112484",
    "category_id": "22351",
    "shop": "Woolworths",
    "weight": "1KG",
    "prices": [
      {
        "state": "NSW",
        "price": "550",
        "price_per_unit": "1100",
        "price_unit": "KG"
      },
      {
        "state": "VIC",
        "price": "550",
        "price_per_unit": "1100",
        "price_unit": "KG"
      },
      {
        "state": "QLD",
        "price": "550",
        "price_per_unit": "1100",
        "price_unit": "KG"
      },
      {
        "state": "WA",
        "price": "680",
        "price_per_unit": "1360",
        "price_unit": "KG"
      },
      {
        "state": "SA",
        "price": "650",
        "price_per_unit": "1300",
        "price_unit": "KG"
      },
      {
        "state": "TAS",
        "price": "650",
        "price_per_unit": "1300",
        "price_unit": "KG"
      },
      {
        "state": "ACT",
        "price": "550",
        "price_per_unit": "1100",
        "price_unit": "KG"
      },
      {
        "state": "NT",
        "price": "650",
        "price_per_unit": "1300",
        "price_unit": "KG"
      }
    ]
  },
  {
    "source_url": "https://www.woolworths.com.au/shop/productdetails/810386/macro-organic-broccoli",
    "name": "Macro Organic Broccoli 500g",
    "image_url": "https://cdn1.woolworths.media/content/wowproductimages/large/810386.jpg",
    "source_id": "Woolworths - 810386",
    "barcode": "9339687069057",
    "category_id": "22351",
    "shop": "Woolworths",
    "weight": "1KG",
    "prices": [
      {
        "state": "NSW",
        "price": "700",
        "price_per_unit": "1400",
        "price_unit": "KG"
      },
      {
        "state": "ACT",
        "price": "700",
        "price_per_unit": "1400",
        "price_unit": "KG"
      },
      {
        "state": "NT",
        "price": "900",
        "price_per_unit": "1800",
        "price_unit": "KG"
      }
    ]
  },
  {
    "source_url": "https://www.woolworths.com.au/shop/productdetails/117381/macro-organic-carrots",
    "name": "Macro Organic Carrots 750g",
    "image_url": "https://cdn1.woolworths.media/content/wowproductimages/large/117381.jpg",
    "source_id": "Woolworths - 117381",
    "barcode": "9300633007218",
    "category_id": "22351",
    "shop": "Woolworths",
    "weight": "1KG",
    "prices": [
      {
        "state": "NSW",
        "price": "400",
        "price_per_unit": "533",
        "price_unit": "KG"
      },
      {
        "state": "QLD",
        "price": "400",
        "price_per_unit": "533",
        "price_unit": "KG"
      },
      {
        "state": "WA",
        "price": "490",
        "price_per_unit": "653",
        "price_unit": "KG"
      },
      {
        "state": "SA",
        "price": "440",
        "price_per_unit": "587",
        "price_unit": "KG"
      },
      {
        "state": "TAS",
        "price": "440",
        "price_per_unit": "587",
        "price_unit": "KG"
      },
      {
        "state": "ACT",
        "price": "290",
        "price_per_unit": "387",
        "price_unit": "KG"
      },
      {
        "state": "NT",
        "price": "440",
        "price_per_unit": "587",
        "price_unit": "KG"
      }
    ]
  },
  {
    "source_url": "https://www.woolworths.com.au/shop/productdetails/651491/macro-organic-coleslaw-kale-slaw-kit",
    "name": "Macro Organic Coleslaw & Kale Slaw Kit 250g",
    "image_url": "https://cdn1.woolworths.media/content/wowproductimages/large/651491.jpg",
    "source_id": "Woolworths - 651491",
    "barcode": "9300633685966",
    "category_id": "22351",
    "shop": "Woolworths",
    "weight": "1KG",
    "prices": [
      {
        "state": "NSW",
        "price": "490",
        "price_per_unit": "1960",
        "price_unit": "KG"
      },
      {
        "state": "VIC",
        "price": "490",
        "price_per_unit": "1960",
        "price_unit": "KG"
      },
      {
        "state": "SA",
        "price": "490",
        "price_per_unit": "1960",
        "price_unit": "KG"
      },
      {
        "state": "ACT",
        "price": "490",
        "price_per_unit": "1960",
        "price_unit": "KG"
      },
      {
        "state": "NT",
        "price": "490",
        "price_per_unit": "1960",
        "price_unit": "KG"
      }
    ]
  },
  {
    "source_url": "https://www.woolworths.com.au/shop/productdetails/157404/macro-organic-ginger-punnet",
    "name": "Macro Organic Ginger Punnet 150g",
    "image_url": "https://cdn1.woolworths.media/content/wowproductimages/large/157404.jpg",
    "source_id": "Woolworths - 157404",
    "barcode": "9300633007379",
    "category_id": "22351",
    "shop": "Woolworths",
    "weight": "1KG",
    "prices": [
      {
        "state": "NSW",
        "price": "650",
        "price_per_unit": "4333",
        "price_unit": "KG"
      },
      {
        "state": "VIC",
        "price": "650",
        "price_per_unit": "4333",
        "price_unit": "KG"
      },
      {
        "state": "WA",
        "price": "990",
        "price_per_unit": "6600",
        "price_unit": "KG"
      },
      {
        "state": "ACT",
        "price": "650",
        "price_per_unit": "4333",
        "price_unit": "KG"
      }
    ]
  },
  {
    "source_url": "https://www.woolworths.com.au/shop/productdetails/427867/macro-organic-herb-coriander-bunch",
    "name": "Macro Organic Herb Coriander Bunch Each",
    "image_url": "https://cdn1.woolworths.media/content/wowproductimages/large/427867.jpg",
    "source_id": "Woolworths - 427867",
    "barcode": "0262331000009",
    "category_id": "22351",
    "shop": "Woolworths",
    "weight": "1EA",
    "prices": [
      {
        "state": "NSW",
        "price": "400",
        "price_per_unit": "400",
        "price_unit": "EA"
      },
      {
        "state": "VIC",
        "price": "400",
        "price_per_unit": "400",
        "price_unit": "EA"
      },
      {
        "state": "QLD",
        "price": "400",
        "price_per_unit": "400",
        "price_unit": "EA"
      },
      {
        "state": "SA",
        "price": "400",
        "price_per_unit": "400",
        "price_unit": "EA"
      }
    ]
  },
  {
    "source_url": "https://www.woolworths.com.au/shop/productdetails/427873/macro-organic-herb-parsley-bunch",
    "name": "Macro Organic Herb Parsley Bunch Each",
    "image_url": "https://cdn1.woolworths.media/content/wowproductimages/large/427873.jpg",
    "source_id": "Woolworths - 427873",
    "barcode": "0262351000003",
    "category_id": "22351",
    "shop": "Woolworths",
    "weight": "1EA",
    "prices": [
      {
        "state": "NSW",
        "price": "400",
        "price_per_unit": "400",
        "price_unit": "EA"
      },
      {
        "state": "VIC",
        "price": "400",
        "price_per_unit": "400",
        "price_unit": "EA"
      },
      {
        "state": "NT",
        "price": "400",
        "price_per_unit": "400",
        "price_unit": "EA"
      }
    ]
  },
  {
    "source_url": "https://www.woolworths.com.au/shop/productdetails/772786/macro-organic-kale",
    "name": "Macro Organic Kale Each",
    "image_url": "https://cdn1.woolworths.media/content/wowproductimages/large/772786.jpg",
    "source_id": "Woolworths - 772786",
    "barcode": "0261670000008",
    "category_id": "22351",
    "shop": "Woolworths",
    "weight": "1EA",
    "prices": [
      {
        "state": "NSW",
        "price": "600",
        "price_per_unit": "600",
        "price_unit": "EA"
      },
      {
        "state": "VIC",
        "price": "500",
        "price_per_unit": "500",
        "price_unit": "EA"
      },
      {
        "state": "QLD",
        "price": "600",
        "price_per_unit": "600",
        "price_unit": "EA"
      },
      {
        "state": "SA",
        "price": "650",
        "price_per_unit": "650",
        "price_unit": "EA"
      }
    ]
  },
  {
    "source_url": "https://www.woolworths.com.au/shop/productdetails/120471/macro-organic-silverbeet-bunch",
    "name": "Macro Organic Silverbeet Bunch Each",
    "image_url": "https://cdn1.woolworths.media/content/wowproductimages/large/120471.jpg",
    "source_id": "Woolworths - 120471",
    "barcode": "0265638000000",
    "category_id": "22351",
    "shop": "Woolworths",
    "weight": "1EA",
    "prices": [
      {
        "state": "NSW",
        "price": "550",
        "price_per_unit": "550",
        "price_unit": "EA"
      },
      {
        "state": "SA",
        "price": "550",
        "price_per_unit": "550",
        "price_unit": "EA"
      }
    ]
  },
  {
    "source_url": "https://www.woolworths.com.au/shop/productdetails/688869/macro-organic-solanato-tomatoes",
    "name": "Macro Organic Solanato Tomatoes 200g",
    "image_url": "https://cdn1.woolworths.media/content/wowproductimages/large/688869.jpg",
    "source_id": "Woolworths - 688869",
    "barcode": "9339687045365",
    "category_id": "22351",
    "shop": "Woolworths",
    "weight": "1KG",
    "prices": [
      {
        "state": "NSW",
        "price": "550",
        "price_per_unit": "2750",
        "price_unit": "KG"
      },
      {
        "state": "VIC",
        "price": "550",
        "price_per_unit": "2750",
        "price_unit": "KG"
      },
      {
        "state": "ACT",
        "price": "550",
        "price_per_unit": "2750",
        "price_unit": "KG"
      }
    ]
  },
  {
    "source_url": "https://www.woolworths.com.au/shop/productdetails/271214/macro-organic-sweet-potato",
    "name": "Macro Organic Sweet Potato 500g",
    "image_url": "https://cdn1.woolworths.media/content/wowproductimages/large/271214.jpg",
    "source_id": "Woolworths - 271214",
    "barcode": "9339687329564",
    "category_id": "22351",
    "shop": "Woolworths",
    "weight": "1KG",
    "prices": [
      {
        "state": "NSW",
        "price": "890",
        "price_per_unit": "1780",
        "price_unit": "KG"
      }
    ]
  },
  {
    "source_url": "https://www.woolworths.com.au/shop/productdetails/413886/macro-organic-sweet-potato",
    "name": "Macro Organic Sweet Potato Each",
    "image_url": "https://cdn1.woolworths.media/content/wowproductimages/large/413886.jpg",
    "source_id": "Woolworths - 413886",
    "barcode": "0262904000009",
    "category_id": "22351",
    "shop": "Woolworths",
    "weight": "1EA",
    "prices": [
      {
        "state": "NSW",
        "price": "581",
        "price_per_unit": "581",
        "price_unit": "EA"
      },
      {
        "state": "NT",
        "price": "581",
        "price_per_unit": "581",
        "price_unit": "EA"
      }
    ]
  },
  {
    "source_url": "https://www.woolworths.com.au/shop/productdetails/1632/macro-pumpkin-kent-cut-organic",
    "name": "Macro Pumpkin Kent Cut Organic Each",
    "image_url": "https://cdn1.woolworths.media/content/wowproductimages/large/001632.jpg",
    "source_id": "Woolworths - 1632",
    "barcode": "9339687091911",
    "category_id": "22351",
    "shop": "Woolworths",
    "weight": "1EA",
    "prices": [
      {
        "state": "NSW",
        "price": "325",
        "price_per_unit": "325",
        "price_unit": "EA"
      },
      {
        "state": "VIC",
        "price": "325",
        "price_per_unit": "325",
        "price_unit": "EA"
      },
      {
        "state": "WA",
        "price": "395",
        "price_per_unit": "395",
        "price_unit": "EA"
      },
      {
        "state": "SA",
        "price": "375",
        "price_per_unit": "375",
        "price_unit": "EA"
      }
    ]
  },
  {
    "source_url": "https://www.woolworths.com.au/shop/productdetails/769064/macro-sebago-organic-potato",
    "name": "Macro Sebago Organic Potato 1kg Punnet",
    "image_url": "https://cdn1.woolworths.media/content/wowproductimages/large/769064.jpg",
    "source_id": "Woolworths - 769064",
    "barcode": "9300633451059",
    "category_id": "22351",
    "shop": "Woolworths",
    "weight": "1KG",
    "prices": [
      {
        "state": "NSW",
        "price": "500",
        "price_per_unit": "500",
        "price_unit": "KG"
      },
      {
        "state": "VIC",
        "price": "500",
        "price_per_unit": "500",
        "price_unit": "KG"
      },
      {
        "state": "ACT",
        "price": "500",
        "price_per_unit": "500",
        "price_unit": "KG"
      }
    ]
  },
  {
    "source_url": "https://www.woolworths.com.au/shop/productdetails/271213/macro-wholefoods-market-organic-australian-mini-cucumbers",
    "name": "Macro Wholefoods Market Organic Australian Mini Cucumbers 200g",
    "image_url": "https://cdn1.woolworths.media/content/wowproductimages/large/271213.jpg",
    "source_id": "Woolworths - 271213",
    "barcode": "9339687329557",
    "category_id": "22351",
    "shop": "Woolworths",
    "weight": "1KG",
    "prices": [
      {
        "state": "NSW",
        "price": "400",
        "price_per_unit": "2000",
        "price_unit": "KG"
      },
      {
        "state": "VIC",
        "price": "400",
        "price_per_unit": "2000",
        "price_unit": "KG"
      },
      {
        "state": "QLD",
        "price": "400",
        "price_per_unit": "2000",
        "price_unit": "KG"
      },
      {
        "state": "SA",
        "price": "400",
        "price_per_unit": "2000",
        "price_unit": "KG"
      },
      {
        "state": "ACT",
        "price": "400",
        "price_per_unit": "2000",
        "price_unit": "KG"
      },
      {
        "state": "NT",
        "price": "400",
        "price_per_unit": "2000",
        "price_unit": "KG"
      }
    ]
  },
  {
    "source_url": "https://www.woolworths.com.au/shop/productdetails/856965/organic-pak-choy-baby",
    "name": "Organic Pak Choy Baby Each",
    "image_url": "https://cdn1.woolworths.media/content/wowproductimages/large/856965.jpg",
    "source_id": "Woolworths - 856965",
    "barcode": "9339687087600",
    "category_id": "22351",
    "shop": "Woolworths",
    "weight": "1EA",
    "prices": [
      {
        "state": "NSW",
        "price": "490",
        "price_per_unit": "490",
        "price_unit": "EA"
      },
      {
        "state": "VIC",
        "price": "490",
        "price_per_unit": "490",
        "price_unit": "EA"
      },
      {
        "state": "SA",
        "price": "490",
        "price_per_unit": "490",
        "price_unit": "EA"
      },
      {
        "state": "ACT",
        "price": "490",
        "price_per_unit": "490",
        "price_unit": "EA"
      }
    ]
  },
  {
    "source_url": "https://www.woolworths.com.au/shop/productdetails/211784/spanish-onion-red-organic",
    "name": "Spanish Onion Red Organic 500g",
    "image_url": "https://cdn1.woolworths.media/content/wowproductimages/large/211784.jpg",
    "source_id": "Woolworths - 211784",
    "barcode": "9300633011444",
    "category_id": "22351",
    "shop": "Woolworths",
    "weight": "1KG",
    "prices": [
      {
        "state": "NSW",
        "price": "850",
        "price_per_unit": "1700",
        "price_unit": "KG"
      },
      {
        "state": "VIC",
        "price": "850",
        "price_per_unit": "1700",
        "price_unit": "KG"
      },
      {
        "state": "QLD",
        "price": "850",
        "price_per_unit": "1700",
        "price_unit": "KG"
      }
    ]
  },
  {
    "source_url": "https://www.woolworths.com.au/shop/productdetails/829707/woolworths-organic-mushroom-cup",
    "name": "Woolworths Organic Mushroom Cup 180g",
    "image_url": "https://cdn1.woolworths.media/content/wowproductimages/large/829707.jpg",
    "source_id": "Woolworths - 829707",
    "barcode": "9339687082216",
    "category_id": "22351",
    "shop": "Woolworths",
    "weight": "1KG",
    "prices": [
      {
        "state": "NSW",
        "price": "600",
        "price_per_unit": "3333",
        "price_unit": "KG"
      },
      {
        "state": "VIC",
        "price": "600",
        "price_per_unit": "3333",
        "price_unit": "KG"
      },
      {
        "state": "QLD",
        "price": "600",
        "price_per_unit": "3333",
        "price_unit": "KG"
      },
      {
        "state": "ACT",
        "price": "600",
        "price_per_unit": "3333",
        "price_unit": "KG"
      },
      {
        "state": "NT",
        "price": "650",
        "price_per_unit": "3611",
        "price_unit": "KG"
      }
    ]
  },
  {
    "source_url": "https://www.woolworths.com.au/shop/productdetails/806333/woolworths-organic-salad-coleslaw",
    "name": "Woolworths Organic Salad Coleslaw 200g",
    "image_url": "https://cdn1.woolworths.media/content/wowproductimages/large/806333.jpg",
    "source_id": "Woolworths - 806333",
    "barcode": "9339687066346",
    "category_id": "22351",
    "shop": "Woolworths",
    "weight": "1KG",
    "prices": [
      {
        "state": "NSW",
        "price": "300",
        "price_per_unit": "1500",
        "price_unit": "KG"
      },
      {
        "state": "VIC",
        "price": "300",
        "price_per_unit": "1500",
        "price_unit": "KG"
      },
      {
        "state": "SA",
        "price": "300",
        "price_per_unit": "1500",
        "price_unit": "KG"
      },
      {
        "state": "ACT",
        "price": "300",
        "price_per_unit": "1500",
        "price_unit": "KG"
      },
      {
        "state": "NT",
        "price": "300",
        "price_per_unit": "1500",
        "price_unit": "KG"
      }
    ]
  },
  {
    "source_url": "https://www.woolworths.com.au/shop/productdetails/808412/woolworths-organic-tomato-truss",
    "name": "Woolworths Organic Tomato Truss 500g",
    "image_url": "https://cdn1.woolworths.media/content/wowproductimages/large/808412.jpg",
    "source_id": "Woolworths - 808412",
    "barcode": "9339687067640",
    "category_id": "22351",
    "shop": "Woolworths",
    "weight": "1KG",
    "prices": [
      {
        "state": "NSW",
        "price": "490",
        "price_per_unit": "980",
        "price_unit": "KG"
      },
      {
        "state": "ACT",
        "price": "490",
        "price_per_unit": "980",
        "price_unit": "KG"
      }
    ]
  },
  {
    "source_url": "https://www.woolworths.com.au/shop/productdetails/426911/macro-organic-gourmet-salad-mix",
    "name": "Macro Organic Gourmet Salad Mix 100g",
    "image_url": "https://cdn1.woolworths.media/content/wowproductimages/large/426911.jpg",
    "source_id": "Woolworths - 426911",
    "barcode": "9300633584412",
    "category_id": "22351",
    "shop": "Woolworths",
    "weight": "1KG",
    "prices": [
      {
        "state": "VIC",
        "price": "400",
        "price_per_unit": "4000",
        "price_unit": "KG"
      },
      {
        "state": "SA",
        "price": "400",
        "price_per_unit": "4000",
        "price_unit": "KG"
      },
      {
        "state": "ACT",
        "price": "400",
        "price_per_unit": "4000",
        "price_unit": "KG"
      },
      {
        "state": "NT",
        "price": "400",
        "price_per_unit": "4000",
        "price_unit": "KG"
      }
    ]
  },
  {
    "source_url": "https://www.woolworths.com.au/shop/productdetails/117383/macro-organic-green-zucchini-punnet",
    "name": "Macro Organic Green Zucchini Punnet 500g",
    "image_url": "https://cdn1.woolworths.media/content/wowproductimages/large/117383.jpg",
    "source_id": "Woolworths - 117383",
    "barcode": "9300633007454",
    "category_id": "22351",
    "shop": "Woolworths",
    "weight": "1KG",
    "prices": [
      {
        "state": "VIC",
        "price": "550",
        "price_per_unit": "1100",
        "price_unit": "KG"
      },
      {
        "state": "SA",
        "price": "650",
        "price_per_unit": "1300",
        "price_unit": "KG"
      },
      {
        "state": "TAS",
        "price": "650",
        "price_per_unit": "1300",
        "price_unit": "KG"
      },
      {
        "state": "ACT",
        "price": "550",
        "price_per_unit": "1100",
        "price_unit": "KG"
      },
      {
        "state": "NT",
        "price": "650",
        "price_per_unit": "1300",
        "price_unit": "KG"
      }
    ]
  },
  {
    "source_url": "https://www.woolworths.com.au/shop/productdetails/625377/macro-organic-snacking-tomato",
    "name": "Macro Organic Snacking Tomato 200g Punnet",
    "image_url": "https://cdn1.woolworths.media/content/wowproductimages/large/625377.jpg",
    "source_id": "Woolworths - 625377",
    "barcode": "9300633675431",
    "category_id": "22351",
    "shop": "Woolworths",
    "weight": "1KG",
    "prices": [
      {
        "state": "VIC",
        "price": "450",
        "price_per_unit": "2250",
        "price_unit": "KG"
      },
      {
        "state": "QLD",
        "price": "450",
        "price_per_unit": "2250",
        "price_unit": "KG"
      },
      {
        "state": "WA",
        "price": "650",
        "price_per_unit": "3250",
        "price_unit": "KG"
      },
      {
        "state": "NT",
        "price": "450",
        "price_per_unit": "2250",
        "price_unit": "KG"
      }
    ]
  },
  {
    "source_url": "https://www.woolworths.com.au/shop/productdetails/102305/macro-organic-tumeric",
    "name": "Macro Organic Tumeric 75g",
    "image_url": "https://cdn1.woolworths.media/content/wowproductimages/large/102305.jpg",
    "source_id": "Woolworths - 102305",
    "barcode": "9339687185016",
    "category_id": "22351",
    "shop": "Woolworths",
    "weight": "1KG",
    "prices": [
      {
        "state": "VIC",
        "price": "590",
        "price_per_unit": "7867",
        "price_unit": "KG"
      }
    ]
  },
  {
    "source_url": "https://www.woolworths.com.au/shop/productdetails/1634/macro-pumpkin-butternut-cut-organic",
    "name": "Macro Pumpkin Butternut Cut Organic Each",
    "image_url": "https://cdn1.woolworths.media/content/wowproductimages/large/001634.jpg",
    "source_id": "Woolworths - 1634",
    "barcode": "9339687091928",
    "category_id": "22351",
    "shop": "Woolworths",
    "weight": "1EA",
    "prices": [
      {
        "state": "WA",
        "price": "350",
        "price_per_unit": "350",
        "price_unit": "EA"
      },
      {
        "state": "SA",
        "price": "320",
        "price_per_unit": "320",
        "price_unit": "EA"
      },
      {
        "state": "NT",
        "price": "345",
        "price_per_unit": "345",
        "price_unit": "EA"
      }
    ]
  },
  {
    "source_url": "https://www.woolworths.com.au/shop/productdetails/799099/organic-baby-broccoli-bunch",
    "name": "Organic Baby Broccoli Bunch Each",
    "image_url": "https://cdn1.woolworths.media/content/wowproductimages/large/799099.jpg",
    "source_id": "Woolworths - 799099",
    "barcode": "0260467000009",
    "category_id": "22351",
    "shop": "Woolworths",
    "weight": "1EA",
    "prices": [
      {
        "state": "ACT",
        "price": "790",
        "price_per_unit": "790",
        "price_unit": "EA"
      }
    ]
  },
  {
    "source_url": "https://www.woolworths.com.au/shop/productdetails/685740/organic-pumpkin-butternut",
    "name": "Organic Pumpkin Butternut Each",
    "image_url": "https://cdn1.woolworths.media/content/wowproductimages/large/685740.jpg",
    "source_id": "Woolworths - 685740",
    "barcode": "0269105000005",
    "category_id": "22351",
    "shop": "Woolworths",
    "weight": "1EA",
    "prices": [
      {
        "state": "VIC",
        "price": "650",
        "price_per_unit": "650",
        "price_unit": "EA"
      },
      {
        "state": "QLD",
        "price": "650",
        "price_per_unit": "650",
        "price_unit": "EA"
      },
      {
        "state": "ACT",
        "price": "650",
        "price_per_unit": "650",
        "price_unit": "EA"
      }
    ]
  },
  {
    "source_url": "https://www.woolworths.com.au/shop/productdetails/83986/macro-organic-red-capsicum",
    "name": "Organic Red Capsicum 400g",
    "image_url": "https://cdn1.woolworths.media/content/wowproductimages/large/083986.jpg",
    "source_id": "Woolworths - 83986",
    "barcode": "9339687157808",
    "category_id": "22351",
    "shop": "Woolworths",
    "weight": "1KG",
    "prices": [
      {
        "state": "VIC",
        "price": "790",
        "price_per_unit": "1975",
        "price_unit": "KG"
      }
    ]
  },
  {
    "source_url": "https://www.woolworths.com.au/shop/productdetails/515925/macro-organic-corn-cobettes-pre-pack",
    "name": "Macro Organic Corn Cobettes Pre-Pack 425g",
    "image_url": "https://cdn1.woolworths.media/content/wowproductimages/large/515925.jpg",
    "source_id": "Woolworths - 515925",
    "barcode": "9300633579838",
    "category_id": "22351",
    "shop": "Woolworths",
    "weight": "1KG",
    "prices": [
      {
        "state": "QLD",
        "price": "790",
        "price_per_unit": "1859",
        "price_unit": "KG"
      },
      {
        "state": "ACT",
        "price": "790",
        "price_per_unit": "1859",
        "price_unit": "KG"
      }
    ]
  },
  {
    "source_url": "https://www.woolworths.com.au/shop/productdetails/160903/macro-organic-green-asparagus-bunch",
    "name": "Macro Organic Green Asparagus Bunch each",
    "image_url": "https://cdn1.woolworths.media/content/wowproductimages/large/160903.jpg",
    "source_id": "Woolworths - 160903",
    "barcode": "0269798000009",
    "category_id": "22351",
    "shop": "Woolworths",
    "weight": "1EA",
    "prices": [
      {
        "state": "QLD",
        "price": "600",
        "price_per_unit": "600",
        "price_unit": "EA"
      }
    ]
  },
  {
    "source_url": "https://www.woolworths.com.au/shop/productdetails/169761/macro-organic-roma-tomato",
    "name": "Macro Organic Roma Tomato 500g",
    "image_url": "https://cdn1.woolworths.media/content/wowproductimages/large/169761.jpg",
    "source_id": "Woolworths - 169761",
    "barcode": "9300633007522",
    "category_id": "22351",
    "shop": "Woolworths",
    "weight": "1KG",
    "prices": [
      {
        "state": "QLD",
        "price": "850",
        "price_per_unit": "1700",
        "price_unit": "KG"
      }
    ]
  },
  {
    "source_url": "https://www.woolworths.com.au/shop/productdetails/306567/macro-organic-round-beans",
    "name": "Macro Organic Round Beans 200g",
    "image_url": "https://cdn1.woolworths.media/content/wowproductimages/large/306567.jpg",
    "source_id": "Woolworths - 306567",
    "barcode": "9300633077488",
    "category_id": "22351",
    "shop": "Woolworths",
    "weight": "1KG",
    "prices": [
      {
        "state": "QLD",
        "price": "550",
        "price_per_unit": "2750",
        "price_unit": "KG"
      }
    ]
  },
  {
    "source_url": "https://www.woolworths.com.au/shop/productdetails/349592/macro-organic-silverbeet-rainbow",
    "name": "Macro Organic Silverbeet Rainbow Each",
    "image_url": "https://cdn1.woolworths.media/content/wowproductimages/large/349592.jpg",
    "source_id": "Woolworths - 349592",
    "barcode": "9300633163259",
    "category_id": "22351",
    "shop": "Woolworths",
    "weight": "1EA",
    "prices": [
      {
        "state": "QLD",
        "price": "550",
        "price_per_unit": "550",
        "price_unit": "EA"
      },
      {
        "state": "SA",
        "price": "550",
        "price_per_unit": "550",
        "price_unit": "EA"
      },
      {
        "state": "ACT",
        "price": "550",
        "price_per_unit": "550",
        "price_unit": "EA"
      }
    ]
  },
  {
    "source_url": "https://www.woolworths.com.au/shop/productdetails/116276/macro-organic-spinach-english-bunch",
    "name": "Macro Organic Spinach English Bunch Each",
    "image_url": "https://cdn1.woolworths.media/content/wowproductimages/large/116276.jpg",
    "source_id": "Woolworths - 116276",
    "barcode": "0265812000000",
    "category_id": "22351",
    "shop": "Woolworths",
    "weight": "1EA",
    "prices": [
      {
        "state": "QLD",
        "price": "550",
        "price_per_unit": "550",
        "price_unit": "EA"
      }
    ]
  },
  {
    "source_url": "https://www.woolworths.com.au/shop/productdetails/372556/macro-organic-sweet-corn",
    "name": "Macro Organic Sweet Corn 400g",
    "image_url": "https://cdn1.woolworths.media/content/wowproductimages/large/372556.jpg",
    "source_id": "Woolworths - 372556",
    "barcode": "9300633007331",
    "category_id": "22351",
    "shop": "Woolworths",
    "weight": "1KG",
    "prices": [
      {
        "state": "QLD",
        "price": "750",
        "price_per_unit": "1875",
        "price_unit": "KG"
      },
      {
        "state": "WA",
        "price": "850",
        "price_per_unit": "2125",
        "price_unit": "KG"
      },
      {
        "state": "ACT",
        "price": "750",
        "price_per_unit": "1875",
        "price_unit": "KG"
      },
      {
        "state": "NT",
        "price": "790",
        "price_per_unit": "1975",
        "price_unit": "KG"
      }
    ]
  },
  {
    "source_url": "https://www.woolworths.com.au/shop/productdetails/255755/organic-red-cabbage-half",
    "name": "Organic Red Cabbage Half Each",
    "image_url": "https://cdn1.woolworths.media/content/wowproductimages/large/255755.jpg",
    "source_id": "Woolworths - 255755",
    "barcode": "0268798000002",
    "category_id": "22351",
    "shop": "Woolworths",
    "weight": "1EA",
    "prices": [
      {
        "state": "QLD",
        "price": "690",
        "price_per_unit": "690",
        "price_unit": "EA"
      }
    ]
  },
  {
    "source_url": "https://www.woolworths.com.au/shop/productdetails/154446/macro-organic-garlic-cloves",
    "name": "Macro Organic Garlic Cloves 150g Punnet",
    "image_url": "https://cdn1.woolworths.media/content/wowproductimages/large/154446.jpg",
    "source_id": "Woolworths - 154446",
    "barcode": "9300633007362",
    "category_id": "22351",
    "shop": "Woolworths",
    "weight": "1KG",
    "prices": [
      {
        "state": "SA",
        "price": "990",
        "price_per_unit": "6600",
        "price_unit": "KG"
      },
      {
        "state": "NT",
        "price": "990",
        "price_per_unit": "6600",
        "price_unit": "KG"
      }
    ]
  },
  {
    "source_url": "https://www.woolworths.com.au/shop/productdetails/79173/macro-organic-lebanese-cucumber",
    "name": "Macro Organic Lebanese Cucumber 350g",
    "image_url": "https://cdn1.woolworths.media/content/wowproductimages/large/079173.jpg",
    "source_id": "Woolworths - 79173",
    "barcode": "9339687153428",
    "category_id": "22351",
    "shop": "Woolworths",
    "weight": "1KG",
    "prices": [
      {
        "state": "WA",
        "price": "650",
        "price_per_unit": "1857",
        "price_unit": "KG"
      }
    ]
  },
  {
    "source_url": "https://www.woolworths.com.au/shop/productdetails/169763/macro-fresh-cauliflower-half-organic",
    "name": "Macro Fresh Cauliflower Half Organic Each",
    "image_url": "https://cdn1.woolworths.media/content/wowproductimages/large/169763.jpg",
    "source_id": "Woolworths - 169763",
    "barcode": "0265740000004",
    "category_id": "22351",
    "shop": "Woolworths",
    "weight": "1EA",
    "prices": [
      {
        "state": "SA",
        "price": "650",
        "price_per_unit": "650",
        "price_unit": "EA"
      }
    ]
  },
  {
    "source_url": "https://www.woolworths.com.au/shop/productdetails/168661/potato-organic",
    "name": "Potato Organic 1kg Punnet",
    "image_url": "https://cdn1.woolworths.media/content/wowproductimages/large/168661.jpg",
    "source_id": "Woolworths - 168661",
    "barcode": "9300633007270",
    "category_id": "22351",
    "shop": "Woolworths",
    "weight": "1KG",
    "prices": [
      {
        "state": "SA",
        "price": "650",
        "price_per_unit": "650",
        "price_unit": "KG"
      }
    ]
  },
  {
    "source_url": "https://www.woolworths.com.au/shop/productdetails/83985/macro-organic-green-capsicum",
    "name": "Macro Organic Green Capsicum 400g",
    "image_url": "https://cdn1.woolworths.media/content/wowproductimages/large/083985.jpg",
    "source_id": "Woolworths - 83985",
    "barcode": "9339687157792",
    "category_id": "22351",
    "shop": "Woolworths",
    "weight": "1KG",
    "prices": [
      {
        "state": "ACT",
        "price": "790",
        "price_per_unit": "1975",
        "price_unit": "KG"
      }
    ]
  },
  {
    "source_url": "https://www.woolworths.com.au/shop/productdetails/717236/organic-wild-rocket",
    "name": "Macro Organic Wild Rocket 100g",
    "image_url": "https://cdn1.woolworths.media/content/wowproductimages/large/717236.jpg",
    "source_id": "Woolworths - 717236",
    "barcode": "9339687304820",
    "category_id": "22351",
    "shop": "Woolworths",
    "weight": "1KG",
    "prices": [
      {
        "state": "ACT",
        "price": "450",
        "price_per_unit": "4500",
        "price_unit": "KG"
      },
      {
        "state": "NT",
        "price": "450",
        "price_per_unit": "4500",
        "price_unit": "KG"
      }
    ]
  }
]