[
  {
    "source_url": "https://www.woolworths.com.au/shop/productdetails/690125/abbott-s-bakery-country-grains-sandwich-slice-bread-loaf",
    "name": "Abbott's Bakery Country Grains Sandwich Slice Bread Loaf 800g",
    "image_url": "https://cdn1.woolworths.media/content/wowproductimages/large/690125.jpg",
    "source_id": "Woolworths - 690125",
    "barcode": "9339423007978",
    "shop": "Woolworths",
    "weight": "100G",
    "prices": [
      {
        "state": "NSW",
        "price": "500",
        "price_per_unit": "63",
        "price_unit": "G"
      },
      {
        "state": "VIC",
        "price": "500",
        "price_per_unit": "63",
        "price_unit": "G"
      },
      {
        "state": "QLD",
        "price": "500",
        "price_per_unit": "63",
        "price_unit": "G"
      },
      {
        "state": "WA",
        "price": "500",
        "price_per_unit": "63",
        "price_unit": "G"
      },
      {
        "state": "SA",
        "price": "500",
        "price_per_unit": "63",
        "price_unit": "G"
      },
      {
        "state": "ACT",
        "price": "500",
        "price_per_unit": "63",
        "price_unit": "G"
      }
    ]
  },
  {
    "source_url": "https://www.woolworths.com.au/shop/productdetails/51639/abbott-s-bakery-dark-rye-bread-sandwich-slice-loaf",
    "name": "Abbott's Bakery Dark Rye Bread Sandwich Slice Loaf 700g",
    "image_url": "https://cdn1.woolworths.media/content/wowproductimages/large/051639.jpg",
    "source_id": "Woolworths - 51639",
    "barcode": "9339423008579",
    "shop": "Woolworths",
    "weight": "100G",
    "prices": [
      {
        "state": "NSW",
        "price": "500",
        "price_per_unit": "71",
        "price_unit": "G"
      },
      {
        "state": "VIC",
        "price": "500",
        "price_per_unit": "71",
        "price_unit": "G"
      },
      {
        "state": "QLD",
        "price": "500",
        "price_per_unit": "71",
        "price_unit": "G"
      },
      {
        "state": "WA",
        "price": "500",
        "price_per_unit": "71",
        "price_unit": "G"
      },
      {
        "state": "SA",
        "price": "500",
        "price_per_unit": "71",
        "price_unit": "G"
      },
      {
        "state": "ACT",
        "price": "500",
        "price_per_unit": "71",
        "price_unit": "G"
      }
    ]
  },
  {
    "source_url": "https://www.woolworths.com.au/shop/productdetails/331591/abbott-s-bakery-farmhouse-wholemeal-bread-sandwich-slice-loaf",
    "name": "Abbott's Bakery Farmhouse Wholemeal Bread Sandwich Slice Loaf 750g",
    "image_url": "https://cdn1.woolworths.media/content/wowproductimages/large/331591.jpg",
    "source_id": "Woolworths - 331591",
    "barcode": "9339423003482",
    "shop": "Woolworths",
    "weight": "100G",
    "prices": [
      {
        "state": "NSW",
        "price": "500",
        "price_per_unit": "67",
        "price_unit": "G"
      },
      {
        "state": "VIC",
        "price": "500",
        "price_per_unit": "67",
        "price_unit": "G"
      },
      {
        "state": "QLD",
        "price": "500",
        "price_per_unit": "67",
        "price_unit": "G"
      },
      {
        "state": "WA",
        "price": "500",
        "price_per_unit": "67",
        "price_unit": "G"
      },
      {
        "state": "SA",
        "price": "500",
        "price_per_unit": "67",
        "price_unit": "G"
      },
      {
        "state": "ACT",
        "price": "500",
        "price_per_unit": "67",
        "price_unit": "G"
      }
    ]
  },
  {
    "source_url": "https://www.woolworths.com.au/shop/productdetails/103219/abbott-s-bakery-gluten-free-farmhouse-wholemeal-bread-slice-loaf",
    "name": "Abbott's Bakery Gluten Free Farmhouse Wholemeal Bread Slice Loaf 500g",
    "image_url": "https://cdn1.woolworths.media/content/wowproductimages/large/103219.jpg",
    "source_id": "Woolworths - 103219",
    "barcode": "9339423008807",
    "shop": "Woolworths",
    "weight": "100G",
    "prices": [
      {
        "state": "NSW",
        "price": "790",
        "price_per_unit": "158",
        "price_unit": "G"
      },
      {
        "state": "VIC",
        "price": "790",
        "price_per_unit": "158",
        "price_unit": "G"
      },
      {
        "state": "QLD",
        "price": "790",
        "price_per_unit": "158",
        "price_unit": "G"
      },
      {
        "state": "WA",
        "price": "790",
        "price_per_unit": "158",
        "price_unit": "G"
      },
      {
        "state": "SA",
        "price": "790",
        "price_per_unit": "158",
        "price_unit": "G"
      },
      {
        "state": "ACT",
        "price": "790",
        "price_per_unit": "158",
        "price_unit": "G"
      },
      {
        "state": "NT",
        "price": "790",
        "price_per_unit": "158",
        "price_unit": "G"
      }
    ]
  },
  {
    "source_url": "https://www.woolworths.com.au/shop/productdetails/706337/abbott-s-bakery-gluten-free-rustic-white-bread-slice-loaf",
    "name": "Abbott's Bakery Gluten Free Rustic White Bread Slice Loaf 500g",
    "image_url": "https://cdn1.woolworths.media/content/wowproductimages/large/706337.jpg",
    "source_id": "Woolworths - 706337",
    "barcode": "9339423007039",
    "shop": "Woolworths",
    "weight": "100G",
    "prices": [
      {
        "state": "NSW",
        "price": "790",
        "price_per_unit": "158",
        "price_unit": "G"
      },
      {
        "state": "VIC",
        "price": "790",
        "price_per_unit": "158",
        "price_unit": "G"
      },
      {
        "state": "QLD",
        "price": "790",
        "price_per_unit": "158",
        "price_unit": "G"
      },
      {
        "state": "WA",
        "price": "790",
        "price_per_unit": "158",
        "price_unit": "G"
      },
      {
        "state": "SA",
        "price": "790",
        "price_per_unit": "158",
        "price_unit": "G"
      },
      {
        "state": "TAS",
        "price": "790",
        "price_per_unit": "158",
        "price_unit": "G"
      },
      {
        "state": "ACT",
        "price": "790",
        "price_per_unit": "158",
        "price_unit": "G"
      },
      {
        "state": "NT",
        "price": "790",
        "price_per_unit": "158",
        "price_unit": "G"
      }
    ]
  },
  {
    "source_url": "https://www.woolworths.com.au/shop/productdetails/341277/abbott-s-bakery-harvest-seeds-grains-sandwich-slice-bread-loaf",
    "name": "Abbott's Bakery Harvest Seeds & Grains Sandwich Slice Bread Loaf 750g",
    "image_url": "https://cdn1.woolworths.media/content/wowproductimages/large/341277.jpg",
    "source_id": "Woolworths - 341277",
    "barcode": "9339423004229",
    "shop": "Woolworths",
    "weight": "100G",
    "prices": [
      {
        "state": "NSW",
        "price": "500",
        "price_per_unit": "67",
        "price_unit": "G"
      },
      {
        "state": "VIC",
        "price": "500",
        "price_per_unit": "67",
        "price_unit": "G"
      },
      {
        "state": "QLD",
        "price": "500",
        "price_per_unit": "67",
        "price_unit": "G"
      },
      {
        "state": "WA",
        "price": "500",
        "price_per_unit": "67",
        "price_unit": "G"
      },
      {
        "state": "SA",
        "price": "500",
        "price_per_unit": "67",
        "price_unit": "G"
      },
      {
        "state": "ACT",
        "price": "500",
        "price_per_unit": "67",
        "price_unit": "G"
      }
    ]
  },
  {
    "source_url": "https://www.woolworths.com.au/shop/productdetails/331602/abbott-s-bakery-light-rye-bread-sandwich-slice-loaf",
    "name": "Abbott's Bakery Light Rye Bread Sandwich Slice Loaf 680g",
    "image_url": "https://cdn1.woolworths.media/content/wowproductimages/large/331602.jpg",
    "source_id": "Woolworths - 331602",
    "barcode": "9339423003499",
    "shop": "Woolworths",
    "weight": "100G",
    "prices": [
      {
        "state": "NSW",
        "price": "500",
        "price_per_unit": "74",
        "price_unit": "G"
      },
      {
        "state": "VIC",
        "price": "500",
        "price_per_unit": "74",
        "price_unit": "G"
      },
      {
        "state": "QLD",
        "price": "500",
        "price_per_unit": "74",
        "price_unit": "G"
      },
      {
        "state": "WA",
        "price": "500",
        "price_per_unit": "74",
        "price_unit": "G"
      },
      {
        "state": "SA",
        "price": "500",
        "price_per_unit": "74",
        "price_unit": "G"
      },
      {
        "state": "ACT",
        "price": "500",
        "price_per_unit": "74",
        "price_unit": "G"
      },
      {
        "state": "NT",
        "price": "500",
        "price_per_unit": "74",
        "price_unit": "G"
      }
    ]
  },
  {
    "source_url": "https://www.woolworths.com.au/shop/productdetails/690672/abbott-s-bakery-rustic-white-bread-sandwich-slice-loaf",
    "name": "Abbott's Bakery Rustic White Bread Sandwich Slice Loaf 700g",
    "image_url": "https://cdn1.woolworths.media/content/wowproductimages/large/690672.jpg",
    "source_id": "Woolworths - 690672",
    "barcode": "9339423007961",
    "shop": "Woolworths",
    "weight": "100G",
    "prices": [
      {
        "state": "NSW",
        "price": "500",
        "price_per_unit": "71",
        "price_unit": "G"
      },
      {
        "state": "VIC",
        "price": "500",
        "price_per_unit": "71",
        "price_unit": "G"
      },
      {
        "state": "QLD",
        "price": "500",
        "price_per_unit": "71",
        "price_unit": "G"
      },
      {
        "state": "WA",
        "price": "500",
        "price_per_unit": "71",
        "price_unit": "G"
      },
      {
        "state": "SA",
        "price": "500",
        "price_per_unit": "71",
        "price_unit": "G"
      },
      {
        "state": "ACT",
        "price": "500",
        "price_per_unit": "71",
        "price_unit": "G"
      }
    ]
  },
  {
    "source_url": "https://www.woolworths.com.au/shop/productdetails/886897/abbott-s-bakery-smooth-oat-bread-sandwich-slice-loaf",
    "name": "Abbott's Bakery Smooth Oat Bread Sandwich Slice Loaf 700g",
    "image_url": "https://cdn1.woolworths.media/content/wowproductimages/large/886897.jpg",
    "source_id": "Woolworths - 886897",
    "barcode": "9339423009804",
    "shop": "Woolworths",
    "weight": "100G",
    "prices": [
      {
        "state": "NSW",
        "price": "500",
        "price_per_unit": "71",
        "price_unit": "G"
      },
      {
        "state": "VIC",
        "price": "500",
        "price_per_unit": "71",
        "price_unit": "G"
      },
      {
        "state": "QLD",
        "price": "500",
        "price_per_unit": "71",
        "price_unit": "G"
      },
      {
        "state": "SA",
        "price": "500",
        "price_per_unit": "71",
        "price_unit": "G"
      },
      {
        "state": "ACT",
        "price": "500",
        "price_per_unit": "71",
        "price_unit": "G"
      }
    ]
  },
  {
    "source_url": "https://www.woolworths.com.au/shop/productdetails/103774/abbott-s-bakery-sourdough-rye-bread-sandwich-slice-loaf",
    "name": "Abbott's Bakery Sourdough Rye Bread Sandwich Slice Loaf 760g",
    "image_url": "https://cdn1.woolworths.media/content/wowproductimages/large/103774.jpg",
    "source_id": "Woolworths - 103774",
    "barcode": "9339423008845",
    "shop": "Woolworths",
    "weight": "100G",
    "prices": [
      {
        "state": "NSW",
        "price": "530",
        "price_per_unit": "70",
        "price_unit": "G"
      },
      {
        "state": "VIC",
        "price": "530",
        "price_per_unit": "70",
        "price_unit": "G"
      },
      {
        "state": "QLD",
        "price": "530",
        "price_per_unit": "70",
        "price_unit": "G"
      },
      {
        "state": "SA",
        "price": "530",
        "price_per_unit": "70",
        "price_unit": "G"
      },
      {
        "state": "ACT",
        "price": "530",
        "price_per_unit": "70",
        "price_unit": "G"
      }
    ]
  },
  {
    "source_url": "https://www.woolworths.com.au/shop/productdetails/289456/abbott-s-bakery-sourdough-white-bread-sandwich-slice-loaf",
    "name": "Abbott's Bakery Sourdough White Bread Sandwich Slice Loaf 760g",
    "image_url": "https://cdn1.woolworths.media/content/wowproductimages/large/289456.jpg",
    "source_id": "Woolworths - 289456",
    "barcode": "9339423009668",
    "shop": "Woolworths",
    "weight": "100G",
    "prices": [
      {
        "state": "NSW",
        "price": "530",
        "price_per_unit": "70",
        "price_unit": "G"
      },
      {
        "state": "VIC",
        "price": "530",
        "price_per_unit": "70",
        "price_unit": "G"
      },
      {
        "state": "QLD",
        "price": "530",
        "price_per_unit": "70",
        "price_unit": "G"
      },
      {
        "state": "SA",
        "price": "530",
        "price_per_unit": "70",
        "price_unit": "G"
      },
      {
        "state": "ACT",
        "price": "530",
        "price_per_unit": "70",
        "price_unit": "G"
      }
    ]
  },
  {
    "source_url": "https://www.woolworths.com.au/shop/productdetails/645865/bakery-du-jour-brioche-burger-buns",
    "name": "Bakery Du Jour Brioche Burger Buns 4 Pack",
    "image_url": "https://cdn1.woolworths.media/content/wowproductimages/large/645865.jpg",
    "source_id": "Woolworths - 645865",
    "barcode": "9336047001702",
    "shop": "Woolworths",
    "weight": "1EA",
    "prices": [
      {
        "state": "NSW",
        "price": "330",
        "price_per_unit": "83",
        "price_unit": "EA"
      },
      {
        "state": "VIC",
        "price": "330",
        "price_per_unit": "83",
        "price_unit": "EA"
      },
      {
        "state": "QLD",
        "price": "330",
        "price_per_unit": "83",
        "price_unit": "EA"
      },
      {
        "state": "SA",
        "price": "330",
        "price_per_unit": "83",
        "price_unit": "EA"
      },
      {
        "state": "TAS",
        "price": "330",
        "price_per_unit": "83",
        "price_unit": "EA"
      },
      {
        "state": "ACT",
        "price": "330",
        "price_per_unit": "83",
        "price_unit": "EA"
      },
      {
        "state": "NT",
        "price": "330",
        "price_per_unit": "83",
        "price_unit": "EA"
      }
    ]
  },
  {
    "source_url": "https://www.woolworths.com.au/shop/productdetails/215127/bakery-du-jour-sliced-brioche-loaf",
    "name": "Bakery Du Jour Sliced Brioche Loaf 450g",
    "image_url": "https://cdn1.woolworths.media/content/wowproductimages/large/215127.jpg",
    "source_id": "Woolworths - 215127",
    "barcode": "9336047001481",
    "shop": "Woolworths",
    "weight": "100G",
    "prices": [
      {
        "state": "NSW",
        "price": "450",
        "price_per_unit": "100",
        "price_unit": "G"
      },
      {
        "state": "VIC",
        "price": "450",
        "price_per_unit": "100",
        "price_unit": "G"
      },
      {
        "state": "QLD",
        "price": "450",
        "price_per_unit": "100",
        "price_unit": "G"
      },
      {
        "state": "SA",
        "price": "450",
        "price_per_unit": "100",
        "price_unit": "G"
      },
      {
        "state": "TAS",
        "price": "450",
        "price_per_unit": "100",
        "price_unit": "G"
      },
      {
        "state": "ACT",
        "price": "450",
        "price_per_unit": "100",
        "price_unit": "G"
      },
      {
        "state": "NT",
        "price": "450",
        "price_per_unit": "100",
        "price_unit": "G"
      }
    ]
  },
  {
    "source_url": "https://www.woolworths.com.au/shop/productdetails/839611/bill-s-certified-organic-ancient-grains",
    "name": "Bill's Certified Organic Ancient Grains 620G",
    "image_url": "https://cdn1.woolworths.media/content/wowproductimages/large/839611.jpg",
    "source_id": "Woolworths - 839611",
    "barcode": "9327189000258",
    "shop": "Woolworths",
    "weight": "100G",
    "prices": [
      {
        "state": "NSW",
        "price": "860",
        "price_per_unit": "139",
        "price_unit": "G"
      },
      {
        "state": "ACT",
        "price": "860",
        "price_per_unit": "139",
        "price_unit": "G"
      }
    ]
  },
  {
    "source_url": "https://www.woolworths.com.au/shop/productdetails/300005/bill-s-healthy-bakery-100-spelt-sourdough",
    "name": "Bill's Healthy Bakery 100% Spelt Sourdough 620g",
    "image_url": "https://cdn1.woolworths.media/content/wowproductimages/large/300005.jpg",
    "source_id": "Woolworths - 300005",
    "barcode": "9327189001156",
    "shop": "Woolworths",
    "weight": "100G",
    "prices": [
      {
        "state": "NSW",
        "price": "860",
        "price_per_unit": "139",
        "price_unit": "G"
      },
      {
        "state": "ACT",
        "price": "860",
        "price_per_unit": "139",
        "price_unit": "G"
      }
    ]
  },
  {
    "source_url": "https://www.woolworths.com.au/shop/productdetails/298033/bill-s-healthy-bakery-7-seeds-multigrain-sourdough",
    "name": "Bill's Healthy Bakery 7 Seeds Multigrain Sourdough 620g",
    "image_url": "https://cdn1.woolworths.media/content/wowproductimages/large/298033.jpg",
    "source_id": "Woolworths - 298033",
    "barcode": "9327189000098",
    "shop": "Woolworths",
    "weight": "100G",
    "prices": [
      {
        "state": "NSW",
        "price": "780",
        "price_per_unit": "126",
        "price_unit": "G"
      },
      {
        "state": "ACT",
        "price": "780",
        "price_per_unit": "126",
        "price_unit": "G"
      }
    ]
  },
  {
    "source_url": "https://www.woolworths.com.au/shop/productdetails/125793/brioche-gourmet-brioche-burger-buns-with-sesame-seeds",
    "name": "Brioche Gourmet Brioche Burger Buns With Sesame Seeds 4 Pack",
    "image_url": "https://cdn1.woolworths.media/content/wowproductimages/large/125793.jpg",
    "source_id": "Woolworths - 125793",
    "barcode": "3587220003426",
    "shop": "Woolworths",
    "weight": "1EA",
    "prices": [
      {
        "state": "NSW",
        "price": "650",
        "price_per_unit": "163",
        "price_unit": "EA"
      },
      {
        "state": "SA",
        "price": "650",
        "price_per_unit": "163",
        "price_unit": "EA"
      },
      {
        "state": "TAS",
        "price": "650",
        "price_per_unit": "163",
        "price_unit": "EA"
      },
      {
        "state": "ACT",
        "price": "650",
        "price_per_unit": "163",
        "price_unit": "EA"
      },
      {
        "state": "NT",
        "price": "650",
        "price_per_unit": "163",
        "price_unit": "EA"
      }
    ]
  },
  {
    "source_url": "https://www.woolworths.com.au/shop/productdetails/61227/brioche-gourmet-brioche-sliders",
    "name": "Brioche Gourmet Brioche Sliders 10 Pack",
    "image_url": "https://cdn1.woolworths.media/content/wowproductimages/large/061227.jpg",
    "source_id": "Woolworths - 61227",
    "barcode": "3587220003617",
    "shop": "Woolworths",
    "weight": "1EA",
    "prices": [
      {
        "state": "NSW",
        "price": "650",
        "price_per_unit": "65",
        "price_unit": "EA"
      },
      {
        "state": "VIC",
        "price": "650",
        "price_per_unit": "65",
        "price_unit": "EA"
      },
      {
        "state": "SA",
        "price": "650",
        "price_per_unit": "65",
        "price_unit": "EA"
      },
      {
        "state": "TAS",
        "price": "650",
        "price_per_unit": "65",
        "price_unit": "EA"
      },
      {
        "state": "ACT",
        "price": "650",
        "price_per_unit": "65",
        "price_unit": "EA"
      },
      {
        "state": "NT",
        "price": "650",
        "price_per_unit": "65",
        "price_unit": "EA"
      }
    ]
  },
  {
    "source_url": "https://www.woolworths.com.au/shop/productdetails/803943/brioche-gourmet-burger-buns",
    "name": "Brioche Gourmet Burger Buns 4 Pack",
    "image_url": "https://cdn1.woolworths.media/content/wowproductimages/large/803943.jpg",
    "source_id": "Woolworths - 803943",
    "barcode": "3587220002948",
    "shop": "Woolworths",
    "weight": "1EA",
    "prices": [
      {
        "state": "NSW",
        "price": "650",
        "price_per_unit": "163",
        "price_unit": "EA"
      },
      {
        "state": "VIC",
        "price": "650",
        "price_per_unit": "163",
        "price_unit": "EA"
      },
      {
        "state": "QLD",
        "price": "650",
        "price_per_unit": "163",
        "price_unit": "EA"
      },
      {
        "state": "SA",
        "price": "650",
        "price_per_unit": "163",
        "price_unit": "EA"
      },
      {
        "state": "TAS",
        "price": "650",
        "price_per_unit": "163",
        "price_unit": "EA"
      },
      {
        "state": "ACT",
        "price": "650",
        "price_per_unit": "163",
        "price_unit": "EA"
      },
      {
        "state": "NT",
        "price": "650",
        "price_per_unit": "163",
        "price_unit": "EA"
      }
    ]
  },
  {
    "source_url": "https://www.woolworths.com.au/shop/productdetails/803928/brioche-gourmet-hot-dog-rolls",
    "name": "Brioche Gourmet Hot Dog Rolls 6 Pack",
    "image_url": "https://cdn1.woolworths.media/content/wowproductimages/large/803928.jpg",
    "source_id": "Woolworths - 803928",
    "barcode": "3587220002917",
    "shop": "Woolworths",
    "weight": "1EA",
    "prices": [
      {
        "state": "NSW",
        "price": "650",
        "price_per_unit": "108",
        "price_unit": "EA"
      },
      {
        "state": "SA",
        "price": "650",
        "price_per_unit": "108",
        "price_unit": "EA"
      },
      {
        "state": "TAS",
        "price": "650",
        "price_per_unit": "108",
        "price_unit": "EA"
      },
      {
        "state": "ACT",
        "price": "650",
        "price_per_unit": "108",
        "price_unit": "EA"
      },
      {
        "state": "NT",
        "price": "650",
        "price_per_unit": "108",
        "price_unit": "EA"
      }
    ]
  },
  {
    "source_url": "https://www.woolworths.com.au/shop/productdetails/388838/brioche-gourmet-plant-based-brioche",
    "name": "Brioche Gourmet Plant Based Brioche Burger Buns 4 Pack",
    "image_url": "https://cdn1.woolworths.media/content/wowproductimages/large/388838.jpg",
    "source_id": "Woolworths - 388838",
    "barcode": "3587220005031",
    "shop": "Woolworths",
    "weight": "1EA",
    "prices": [
      {
        "state": "NSW",
        "price": "650",
        "price_per_unit": "163",
        "price_unit": "EA"
      },
      {
        "state": "QLD",
        "price": "650",
        "price_per_unit": "163",
        "price_unit": "EA"
      },
      {
        "state": "WA",
        "price": "650",
        "price_per_unit": "163",
        "price_unit": "EA"
      },
      {
        "state": "SA",
        "price": "650",
        "price_per_unit": "163",
        "price_unit": "EA"
      },
      {
        "state": "TAS",
        "price": "650",
        "price_per_unit": "163",
        "price_unit": "EA"
      },
      {
        "state": "ACT",
        "price": "650",
        "price_per_unit": "163",
        "price_unit": "EA"
      },
      {
        "state": "NT",
        "price": "650",
        "price_per_unit": "163",
        "price_unit": "EA"
      }
    ]
  },
  {
    "source_url": "https://www.woolworths.com.au/shop/productdetails/803698/brioche-gourmet-sliced-loaf",
    "name": "Brioche Gourmet Sliced Loaf 500g",
    "image_url": "https://cdn1.woolworths.media/content/wowproductimages/large/803698.jpg",
    "source_id": "Woolworths - 803698",
    "barcode": "3587220002931",
    "shop": "Woolworths",
    "weight": "100G",
    "prices": [
      {
        "state": "NSW",
        "price": "880",
        "price_per_unit": "176",
        "price_unit": "G"
      },
      {
        "state": "VIC",
        "price": "880",
        "price_per_unit": "176",
        "price_unit": "G"
      },
      {
        "state": "SA",
        "price": "880",
        "price_per_unit": "176",
        "price_unit": "G"
      },
      {
        "state": "TAS",
        "price": "880",
        "price_per_unit": "176",
        "price_unit": "G"
      },
      {
        "state": "NT",
        "price": "880",
        "price_per_unit": "176",
        "price_unit": "G"
      }
    ]
  },
  {
    "source_url": "https://www.woolworths.com.au/shop/productdetails/294686/burgen-cholesterol-lowering-whole-grain-oats-bread-bakery",
    "name": "Burgen Cholesterol Lowering Whole Grain & Oats Bread Bakery 700g",
    "image_url": "https://cdn1.woolworths.media/content/wowproductimages/large/294686.jpg",
    "source_id": "Woolworths - 294686",
    "barcode": "9339423009699",
    "shop": "Woolworths",
    "weight": "100G",
    "prices": [
      {
        "state": "NSW",
        "price": "700",
        "price_per_unit": "100",
        "price_unit": "G"
      },
      {
        "state": "VIC",
        "price": "700",
        "price_per_unit": "100",
        "price_unit": "G"
      },
      {
        "state": "QLD",
        "price": "700",
        "price_per_unit": "100",
        "price_unit": "G"
      },
      {
        "state": "SA",
        "price": "700",
        "price_per_unit": "100",
        "price_unit": "G"
      },
      {
        "state": "ACT",
        "price": "700",
        "price_per_unit": "100",
        "price_unit": "G"
      }
    ]
  },
  {
    "source_url": "https://www.woolworths.com.au/shop/productdetails/164022/burgen-lower-carb-high-protein-sunflower-linseed-bread",
    "name": "Burgen Lower Carb High Protein Sunflower & Linseed Bread 660g",
    "image_url": "https://cdn1.woolworths.media/content/wowproductimages/large/164022.jpg",
    "source_id": "Woolworths - 164022",
    "barcode": "9339423009200",
    "shop": "Woolworths",
    "weight": "100G",
    "prices": [
      {
        "state": "NSW",
        "price": "700",
        "price_per_unit": "106",
        "price_unit": "G"
      },
      {
        "state": "VIC",
        "price": "700",
        "price_per_unit": "106",
        "price_unit": "G"
      },
      {
        "state": "QLD",
        "price": "700",
        "price_per_unit": "106",
        "price_unit": "G"
      },
      {
        "state": "SA",
        "price": "700",
        "price_per_unit": "106",
        "price_unit": "G"
      },
      {
        "state": "ACT",
        "price": "700",
        "price_per_unit": "106",
        "price_unit": "G"
      }
    ]
  },
  {
    "source_url": "https://www.woolworths.com.au/shop/productdetails/232832/burgen-rye-low-gi-sliced-bread-loaf-bakery",
    "name": "Burgen Rye Low GI Sliced Bread Loaf Bakery 700g",
    "image_url": "https://cdn1.woolworths.media/content/wowproductimages/large/232832.jpg",
    "source_id": "Woolworths - 232832",
    "barcode": "9310043008941",
    "shop": "Woolworths",
    "weight": "100G",
    "prices": [
      {
        "state": "NSW",
        "price": "600",
        "price_per_unit": "86",
        "price_unit": "G"
      },
      {
        "state": "VIC",
        "price": "600",
        "price_per_unit": "86",
        "price_unit": "G"
      },
      {
        "state": "QLD",
        "price": "600",
        "price_per_unit": "86",
        "price_unit": "G"
      },
      {
        "state": "WA",
        "price": "600",
        "price_per_unit": "86",
        "price_unit": "G"
      },
      {
        "state": "SA",
        "price": "600",
        "price_per_unit": "86",
        "price_unit": "G"
      },
      {
        "state": "TAS",
        "price": "600",
        "price_per_unit": "86",
        "price_unit": "G"
      },
      {
        "state": "ACT",
        "price": "600",
        "price_per_unit": "86",
        "price_unit": "G"
      }
    ]
  },
  {
    "source_url": "https://www.woolworths.com.au/shop/productdetails/232833/burgen-soy-linseed-low-gi-sliced-bread-loaf-bakery",
    "name": "Burgen Soy & Linseed Low GI Sliced Bread Loaf Bakery 700g",
    "image_url": "https://cdn1.woolworths.media/content/wowproductimages/large/232833.jpg",
    "source_id": "Woolworths - 232833",
    "barcode": "9310043008934",
    "shop": "Woolworths",
    "weight": "100G",
    "prices": [
      {
        "state": "NSW",
        "price": "600",
        "price_per_unit": "86",
        "price_unit": "G"
      },
      {
        "state": "VIC",
        "price": "600",
        "price_per_unit": "86",
        "price_unit": "G"
      },
      {
        "state": "QLD",
        "price": "600",
        "price_per_unit": "86",
        "price_unit": "G"
      },
      {
        "state": "WA",
        "price": "600",
        "price_per_unit": "86",
        "price_unit": "G"
      },
      {
        "state": "SA",
        "price": "600",
        "price_per_unit": "86",
        "price_unit": "G"
      },
      {
        "state": "TAS",
        "price": "600",
        "price_per_unit": "86",
        "price_unit": "G"
      },
      {
        "state": "ACT",
        "price": "600",
        "price_per_unit": "86",
        "price_unit": "G"
      }
    ]
  },
  {
    "source_url": "https://www.woolworths.com.au/shop/productdetails/253921/burgen-wholemeal-seeds-low-gi-sliced-bread-loaf-bakery",
    "name": "Burgen Wholemeal & Seeds Low GI Sliced Bread Loaf Bakery 700g",
    "image_url": "https://cdn1.woolworths.media/content/wowproductimages/large/253921.jpg",
    "source_id": "Woolworths - 253921",
    "barcode": "9310043008927",
    "shop": "Woolworths",
    "weight": "100G",
    "prices": [
      {
        "state": "NSW",
        "price": "600",
        "price_per_unit": "86",
        "price_unit": "G"
      },
      {
        "state": "VIC",
        "price": "600",
        "price_per_unit": "86",
        "price_unit": "G"
      },
      {
        "state": "QLD",
        "price": "600",
        "price_per_unit": "86",
        "price_unit": "G"
      },
      {
        "state": "WA",
        "price": "600",
        "price_per_unit": "86",
        "price_unit": "G"
      },
      {
        "state": "SA",
        "price": "600",
        "price_per_unit": "86",
        "price_unit": "G"
      },
      {
        "state": "TAS",
        "price": "600",
        "price_per_unit": "86",
        "price_unit": "G"
      },
      {
        "state": "ACT",
        "price": "600",
        "price_per_unit": "86",
        "price_unit": "G"
      }
    ]
  },
  {
    "source_url": "https://www.woolworths.com.au/shop/productdetails/28125/buttercup-country-split-white-bread",
    "name": "Buttercup Country Split White Bread 450g",
    "image_url": "https://cdn1.woolworths.media/content/wowproductimages/large/028125.jpg",
    "source_id": "Woolworths - 28125",
    "barcode": "9310283117915",
    "shop": "Woolworths",
    "weight": "100G",
    "prices": [
      {
        "state": "NSW",
        "price": "420",
        "price_per_unit": "93",
        "price_unit": "G"
      },
      {
        "state": "VIC",
        "price": "420",
        "price_per_unit": "93",
        "price_unit": "G"
      },
      {
        "state": "QLD",
        "price": "420",
        "price_per_unit": "93",
        "price_unit": "G"
      },
      {
        "state": "WA",
        "price": "420",
        "price_per_unit": "93",
        "price_unit": "G"
      },
      {
        "state": "SA",
        "price": "420",
        "price_per_unit": "93",
        "price_unit": "G"
      },
      {
        "state": "TAS",
        "price": "420",
        "price_per_unit": "93",
        "price_unit": "G"
      },
      {
        "state": "ACT",
        "price": "420",
        "price_per_unit": "93",
        "price_unit": "G"
      },
      {
        "state": "NT",
        "price": "420",
        "price_per_unit": "93",
        "price_unit": "G"
      }
    ]
  },
  {
    "source_url": "https://www.woolworths.com.au/shop/productdetails/77136/buttercup-country-split-wholemeal-bread",
    "name": "Buttercup Country Split Wholemeal Bread 450g",
    "image_url": "https://cdn1.woolworths.media/content/wowproductimages/large/077136.jpg",
    "source_id": "Woolworths - 77136",
    "barcode": "9310283117618",
    "shop": "Woolworths",
    "weight": "100G",
    "prices": [
      {
        "state": "NSW",
        "price": "420",
        "price_per_unit": "93",
        "price_unit": "G"
      },
      {
        "state": "VIC",
        "price": "420",
        "price_per_unit": "93",
        "price_unit": "G"
      },
      {
        "state": "QLD",
        "price": "420",
        "price_per_unit": "93",
        "price_unit": "G"
      },
      {
        "state": "SA",
        "price": "420",
        "price_per_unit": "93",
        "price_unit": "G"
      },
      {
        "state": "ACT",
        "price": "420",
        "price_per_unit": "93",
        "price_unit": "G"
      }
    ]
  },
  {
    "source_url": "https://www.woolworths.com.au/shop/productdetails/184268/helga-s-50-lower-carb-5-seeds-loaf",
    "name": "Helga's 50% Lower Carb 5 Seeds Loaf 700g",
    "image_url": "https://cdn1.woolworths.media/content/wowproductimages/large/184268.jpg",
    "source_id": "Woolworths - 184268",
    "barcode": "9310023145598",
    "shop": "Woolworths",
    "weight": "100G",
    "prices": [
      {
        "state": "NSW",
        "price": "560",
        "price_per_unit": "80",
        "price_unit": "G"
      },
      {
        "state": "VIC",
        "price": "560",
        "price_per_unit": "80",
        "price_unit": "G"
      },
      {
        "state": "QLD",
        "price": "560",
        "price_per_unit": "80",
        "price_unit": "G"
      },
      {
        "state": "WA",
        "price": "560",
        "price_per_unit": "80",
        "price_unit": "G"
      },
      {
        "state": "SA",
        "price": "560",
        "price_per_unit": "80",
        "price_unit": "G"
      },
      {
        "state": "TAS",
        "price": "560",
        "price_per_unit": "80",
        "price_unit": "G"
      },
      {
        "state": "ACT",
        "price": "560",
        "price_per_unit": "80",
        "price_unit": "G"
      }
    ]
  },
  {
    "source_url": "https://www.woolworths.com.au/shop/productdetails/75238/helga-s-bread-light-rye",
    "name": "Helga's Bread Light Rye 680g",
    "image_url": "https://cdn1.woolworths.media/content/wowproductimages/large/075238.jpg",
    "source_id": "Woolworths - 75238",
    "barcode": "9310128002314",
    "shop": "Woolworths",
    "weight": "100G",
    "prices": [
      {
        "state": "NSW",
        "price": "500",
        "price_per_unit": "74",
        "price_unit": "G"
      },
      {
        "state": "VIC",
        "price": "500",
        "price_per_unit": "74",
        "price_unit": "G"
      },
      {
        "state": "QLD",
        "price": "500",
        "price_per_unit": "74",
        "price_unit": "G"
      },
      {
        "state": "WA",
        "price": "500",
        "price_per_unit": "74",
        "price_unit": "G"
      },
      {
        "state": "SA",
        "price": "500",
        "price_per_unit": "74",
        "price_unit": "G"
      },
      {
        "state": "TAS",
        "price": "500",
        "price_per_unit": "74",
        "price_unit": "G"
      },
      {
        "state": "ACT",
        "price": "500",
        "price_per_unit": "74",
        "price_unit": "G"
      },
      {
        "state": "NT",
        "price": "500",
        "price_per_unit": "74",
        "price_unit": "G"
      }
    ]
  },
  {
    "source_url": "https://www.woolworths.com.au/shop/productdetails/84128/helga-s-bread-traditional-white",
    "name": "Helga's Bread Traditional White 750g",
    "image_url": "https://cdn1.woolworths.media/content/wowproductimages/large/084128.jpg",
    "source_id": "Woolworths - 84128",
    "barcode": "9310128002482",
    "shop": "Woolworths",
    "weight": "100G",
    "prices": [
      {
        "state": "NSW",
        "price": "500",
        "price_per_unit": "67",
        "price_unit": "G"
      },
      {
        "state": "VIC",
        "price": "500",
        "price_per_unit": "67",
        "price_unit": "G"
      },
      {
        "state": "QLD",
        "price": "500",
        "price_per_unit": "67",
        "price_unit": "G"
      },
      {
        "state": "WA",
        "price": "500",
        "price_per_unit": "67",
        "price_unit": "G"
      },
      {
        "state": "SA",
        "price": "500",
        "price_per_unit": "67",
        "price_unit": "G"
      },
      {
        "state": "TAS",
        "price": "500",
        "price_per_unit": "67",
        "price_unit": "G"
      },
      {
        "state": "ACT",
        "price": "500",
        "price_per_unit": "67",
        "price_unit": "G"
      },
      {
        "state": "NT",
        "price": "500",
        "price_per_unit": "67",
        "price_unit": "G"
      }
    ]
  },
  {
    "source_url": "https://www.woolworths.com.au/shop/productdetails/84129/helga-s-bread-traditional-wholemeal",
    "name": "Helga's Bread Traditional Wholemeal 750g",
    "image_url": "https://cdn1.woolworths.media/content/wowproductimages/large/084129.jpg",
    "source_id": "Woolworths - 84129",
    "barcode": "9310128002499",
    "shop": "Woolworths",
    "weight": "100G",
    "prices": [
      {
        "state": "NSW",
        "price": "500",
        "price_per_unit": "67",
        "price_unit": "G"
      },
      {
        "state": "VIC",
        "price": "500",
        "price_per_unit": "67",
        "price_unit": "G"
      },
      {
        "state": "QLD",
        "price": "500",
        "price_per_unit": "67",
        "price_unit": "G"
      },
      {
        "state": "WA",
        "price": "500",
        "price_per_unit": "67",
        "price_unit": "G"
      },
      {
        "state": "SA",
        "price": "500",
        "price_per_unit": "67",
        "price_unit": "G"
      },
      {
        "state": "TAS",
        "price": "500",
        "price_per_unit": "67",
        "price_unit": "G"
      },
      {
        "state": "ACT",
        "price": "500",
        "price_per_unit": "67",
        "price_unit": "G"
      },
      {
        "state": "NT",
        "price": "500",
        "price_per_unit": "67",
        "price_unit": "G"
      }
    ]
  },
  {
    "source_url": "https://www.woolworths.com.au/shop/productdetails/893472/helga-s-country-grain-bread-loaf",
    "name": "Helga's Country Grain Bread Loaf 750g",
    "image_url": "https://cdn1.woolworths.media/content/wowproductimages/large/893472.jpg",
    "source_id": "Woolworths - 893472",
    "barcode": "9310023146038",
    "shop": "Woolworths",
    "weight": "100G",
    "prices": [
      {
        "state": "NSW",
        "price": "650",
        "price_per_unit": "87",
        "price_unit": "G"
      },
      {
        "state": "VIC",
        "price": "650",
        "price_per_unit": "87",
        "price_unit": "G"
      },
      {
        "state": "QLD",
        "price": "650",
        "price_per_unit": "87",
        "price_unit": "G"
      },
      {
        "state": "WA",
        "price": "650",
        "price_per_unit": "87",
        "price_unit": "G"
      },
      {
        "state": "SA",
        "price": "650",
        "price_per_unit": "87",
        "price_unit": "G"
      },
      {
        "state": "TAS",
        "price": "650",
        "price_per_unit": "87",
        "price_unit": "G"
      },
      {
        "state": "ACT",
        "price": "650",
        "price_per_unit": "87",
        "price_unit": "G"
      }
    ]
  },
  {
    "source_url": "https://www.woolworths.com.au/shop/productdetails/893462/helga-s-crafted-white-sourdough-bread-loaf",
    "name": "Helga's Crafted White Sourdough Bread Loaf 700g",
    "image_url": "https://cdn1.woolworths.media/content/wowproductimages/large/893462.jpg",
    "source_id": "Woolworths - 893462",
    "barcode": "9310023146045",
    "shop": "Woolworths",
    "weight": "100G",
    "prices": [
      {
        "state": "NSW",
        "price": "650",
        "price_per_unit": "93",
        "price_unit": "G"
      },
      {
        "state": "VIC",
        "price": "650",
        "price_per_unit": "93",
        "price_unit": "G"
      },
      {
        "state": "QLD",
        "price": "650",
        "price_per_unit": "93",
        "price_unit": "G"
      },
      {
        "state": "WA",
        "price": "650",
        "price_per_unit": "93",
        "price_unit": "G"
      },
      {
        "state": "SA",
        "price": "650",
        "price_per_unit": "93",
        "price_unit": "G"
      },
      {
        "state": "TAS",
        "price": "650",
        "price_per_unit": "93",
        "price_unit": "G"
      },
      {
        "state": "ACT",
        "price": "650",
        "price_per_unit": "93",
        "price_unit": "G"
      }
    ]
  },
  {
    "source_url": "https://www.woolworths.com.au/shop/productdetails/815271/helga-s-gluten-free-mixed-grains",
    "name": "Helga's Gluten Free Mixed Grains 500g",
    "image_url": "https://cdn1.woolworths.media/content/wowproductimages/large/815271.jpg",
    "source_id": "Woolworths - 815271",
    "barcode": "9310023144003",
    "shop": "Woolworths",
    "weight": "100G",
    "prices": [
      {
        "state": "NSW",
        "price": "780",
        "price_per_unit": "156",
        "price_unit": "G"
      },
      {
        "state": "VIC",
        "price": "780",
        "price_per_unit": "156",
        "price_unit": "G"
      },
      {
        "state": "QLD",
        "price": "780",
        "price_per_unit": "156",
        "price_unit": "G"
      },
      {
        "state": "SA",
        "price": "780",
        "price_per_unit": "156",
        "price_unit": "G"
      },
      {
        "state": "ACT",
        "price": "780",
        "price_per_unit": "156",
        "price_unit": "G"
      }
    ]
  },
  {
    "source_url": "https://www.woolworths.com.au/shop/productdetails/688719/helga-s-gluten-free-wholemeal-loaf",
    "name": "Helga's Gluten Free Wholemeal Loaf 500g",
    "image_url": "https://cdn1.woolworths.media/content/wowproductimages/large/688719.jpg",
    "source_id": "Woolworths - 688719",
    "barcode": "9310023144034",
    "shop": "Woolworths",
    "weight": "100G",
    "prices": [
      {
        "state": "NSW",
        "price": "780",
        "price_per_unit": "156",
        "price_unit": "G"
      },
      {
        "state": "VIC",
        "price": "780",
        "price_per_unit": "156",
        "price_unit": "G"
      },
      {
        "state": "QLD",
        "price": "780",
        "price_per_unit": "156",
        "price_unit": "G"
      },
      {
        "state": "SA",
        "price": "780",
        "price_per_unit": "156",
        "price_unit": "G"
      },
      {
        "state": "ACT",
        "price": "780",
        "price_per_unit": "156",
        "price_unit": "G"
      }
    ]
  },
  {
    "source_url": "https://www.woolworths.com.au/shop/productdetails/95872/helga-s-grain-bread-mixed-grain",
    "name": "Helga's Grain Bread Mixed Grain 850g",
    "image_url": "https://cdn1.woolworths.media/content/wowproductimages/large/095872.jpg",
    "source_id": "Woolworths - 95872",
    "barcode": "9310128002543",
    "shop": "Woolworths",
    "weight": "100G",
    "prices": [
      {
        "state": "NSW",
        "price": "500",
        "price_per_unit": "59",
        "price_unit": "G"
      },
      {
        "state": "VIC",
        "price": "500",
        "price_per_unit": "59",
        "price_unit": "G"
      },
      {
        "state": "QLD",
        "price": "500",
        "price_per_unit": "59",
        "price_unit": "G"
      },
      {
        "state": "WA",
        "price": "500",
        "price_per_unit": "59",
        "price_unit": "G"
      },
      {
        "state": "SA",
        "price": "500",
        "price_per_unit": "59",
        "price_unit": "G"
      },
      {
        "state": "TAS",
        "price": "500",
        "price_per_unit": "59",
        "price_unit": "G"
      },
      {
        "state": "ACT",
        "price": "500",
        "price_per_unit": "59",
        "price_unit": "G"
      },
      {
        "state": "NT",
        "price": "500",
        "price_per_unit": "59",
        "price_unit": "G"
      }
    ]
  },
  {
    "source_url": "https://www.woolworths.com.au/shop/productdetails/94337/helga-s-grain-bread-soy-linseed",
    "name": "Helga's Grain Bread Soy & Linseed 750g",
    "image_url": "https://cdn1.woolworths.media/content/wowproductimages/large/094337.jpg",
    "source_id": "Woolworths - 94337",
    "barcode": "9310128002550",
    "shop": "Woolworths",
    "weight": "100G",
    "prices": [
      {
        "state": "NSW",
        "price": "500",
        "price_per_unit": "59",
        "price_unit": "G"
      },
      {
        "state": "VIC",
        "price": "500",
        "price_per_unit": "59",
        "price_unit": "G"
      },
      {
        "state": "QLD",
        "price": "500",
        "price_per_unit": "59",
        "price_unit": "G"
      },
      {
        "state": "WA",
        "price": "500",
        "price_per_unit": "59",
        "price_unit": "G"
      },
      {
        "state": "SA",
        "price": "500",
        "price_per_unit": "59",
        "price_unit": "G"
      },
      {
        "state": "TAS",
        "price": "500",
        "price_per_unit": "59",
        "price_unit": "G"
      },
      {
        "state": "ACT",
        "price": "500",
        "price_per_unit": "59",
        "price_unit": "G"
      },
      {
        "state": "NT",
        "price": "500",
        "price_per_unit": "59",
        "price_unit": "G"
      }
    ]
  },
  {
    "source_url": "https://www.woolworths.com.au/shop/productdetails/166423/helga-s-grains-seeds-sourdough-loaf",
    "name": "Helga's Grains & Seeds Sourdough Loaf 750g",
    "image_url": "https://cdn1.woolworths.media/content/wowproductimages/large/166423.jpg",
    "source_id": "Woolworths - 166423",
    "barcode": "9310023145239",
    "shop": "Woolworths",
    "weight": "100G",
    "prices": [
      {
        "state": "NSW",
        "price": "500",
        "price_per_unit": "67",
        "price_unit": "G"
      },
      {
        "state": "VIC",
        "price": "500",
        "price_per_unit": "67",
        "price_unit": "G"
      },
      {
        "state": "QLD",
        "price": "500",
        "price_per_unit": "67",
        "price_unit": "G"
      },
      {
        "state": "WA",
        "price": "500",
        "price_per_unit": "67",
        "price_unit": "G"
      },
      {
        "state": "SA",
        "price": "500",
        "price_per_unit": "67",
        "price_unit": "G"
      },
      {
        "state": "TAS",
        "price": "500",
        "price_per_unit": "67",
        "price_unit": "G"
      },
      {
        "state": "ACT",
        "price": "500",
        "price_per_unit": "67",
        "price_unit": "G"
      }
    ]
  },
  {
    "source_url": "https://www.woolworths.com.au/shop/productdetails/884611/helga-s-high-protein-white-bread-loaf",
    "name": "Helga's High Protein White Bread Loaf 750g",
    "image_url": "https://cdn1.woolworths.media/content/wowproductimages/large/884611.jpg",
    "source_id": "Woolworths - 884611",
    "barcode": "9310023146052",
    "shop": "Woolworths",
    "weight": "100G",
    "prices": [
      {
        "state": "NSW",
        "price": "560",
        "price_per_unit": "75",
        "price_unit": "G"
      },
      {
        "state": "VIC",
        "price": "560",
        "price_per_unit": "75",
        "price_unit": "G"
      },
      {
        "state": "QLD",
        "price": "560",
        "price_per_unit": "75",
        "price_unit": "G"
      },
      {
        "state": "SA",
        "price": "560",
        "price_per_unit": "75",
        "price_unit": "G"
      },
      {
        "state": "ACT",
        "price": "560",
        "price_per_unit": "75",
        "price_unit": "G"
      }
    ]
  },
  {
    "source_url": "https://www.woolworths.com.au/shop/productdetails/884621/helga-s-lower-calorie-white-bread-loaf",
    "name": "Helga's Lower Calorie White Bread Loaf 450g",
    "image_url": "https://cdn1.woolworths.media/content/wowproductimages/large/884621.jpg",
    "source_id": "Woolworths - 884621",
    "barcode": "9310023146076",
    "shop": "Woolworths",
    "weight": "100G",
    "prices": [
      {
        "state": "NSW",
        "price": "500",
        "price_per_unit": "111",
        "price_unit": "G"
      },
      {
        "state": "VIC",
        "price": "500",
        "price_per_unit": "111",
        "price_unit": "G"
      },
      {
        "state": "QLD",
        "price": "500",
        "price_per_unit": "111",
        "price_unit": "G"
      },
      {
        "state": "SA",
        "price": "500",
        "price_per_unit": "111",
        "price_unit": "G"
      },
      {
        "state": "ACT",
        "price": "500",
        "price_per_unit": "111",
        "price_unit": "G"
      }
    ]
  },
  {
    "source_url": "https://www.woolworths.com.au/shop/productdetails/105076/helga-s-mixed-grain-mini-loaf",
    "name": "Helga's Mixed Grain Mini Loaf 415g",
    "image_url": "https://cdn1.woolworths.media/content/wowproductimages/large/105076.jpg",
    "source_id": "Woolworths - 105076",
    "barcode": "9310023145031",
    "shop": "Woolworths",
    "weight": "100G",
    "prices": [
      {
        "state": "NSW",
        "price": "400",
        "price_per_unit": "96",
        "price_unit": "G"
      },
      {
        "state": "VIC",
        "price": "400",
        "price_per_unit": "96",
        "price_unit": "G"
      },
      {
        "state": "QLD",
        "price": "400",
        "price_per_unit": "96",
        "price_unit": "G"
      },
      {
        "state": "SA",
        "price": "400",
        "price_per_unit": "96",
        "price_unit": "G"
      },
      {
        "state": "ACT",
        "price": "400",
        "price_per_unit": "96",
        "price_unit": "G"
      }
    ]
  },
  {
    "source_url": "https://www.woolworths.com.au/shop/productdetails/221345/helga-s-prebiotic-ancient-grains-seeds",
    "name": "Helga's Prebiotic Ancient Grains & Seeds 700g",
    "image_url": "https://cdn1.woolworths.media/content/wowproductimages/large/221345.jpg",
    "source_id": "Woolworths - 221345",
    "barcode": "9310023145673",
    "shop": "Woolworths",
    "weight": "100G",
    "prices": [
      {
        "state": "NSW",
        "price": "560",
        "price_per_unit": "80",
        "price_unit": "G"
      },
      {
        "state": "VIC",
        "price": "560",
        "price_per_unit": "80",
        "price_unit": "G"
      },
      {
        "state": "QLD",
        "price": "560",
        "price_per_unit": "80",
        "price_unit": "G"
      },
      {
        "state": "WA",
        "price": "560",
        "price_per_unit": "80",
        "price_unit": "G"
      },
      {
        "state": "SA",
        "price": "560",
        "price_per_unit": "80",
        "price_unit": "G"
      },
      {
        "state": "ACT",
        "price": "560",
        "price_per_unit": "80",
        "price_unit": "G"
      }
    ]
  },
  {
    "source_url": "https://www.woolworths.com.au/shop/productdetails/299462/helga-s-protein-wholemeal-bread-loaf",
    "name": "Helga's Protein Wholemeal Bread Loaf 750g",
    "image_url": "https://cdn1.woolworths.media/content/wowproductimages/large/299462.jpg",
    "source_id": "Woolworths - 299462",
    "barcode": "9310023145918",
    "shop": "Woolworths",
    "weight": "100G",
    "prices": [
      {
        "state": "NSW",
        "price": "560",
        "price_per_unit": "75",
        "price_unit": "G"
      },
      {
        "state": "VIC",
        "price": "560",
        "price_per_unit": "75",
        "price_unit": "G"
      },
      {
        "state": "QLD",
        "price": "560",
        "price_per_unit": "75",
        "price_unit": "G"
      },
      {
        "state": "SA",
        "price": "560",
        "price_per_unit": "75",
        "price_unit": "G"
      },
      {
        "state": "ACT",
        "price": "560",
        "price_per_unit": "75",
        "price_unit": "G"
      }
    ]
  },
  {
    "source_url": "https://www.woolworths.com.au/shop/productdetails/370814/helga-s-pumpkin-seed-grain",
    "name": "Helga's Pumpkin Seed & Grain 720g",
    "image_url": "https://cdn1.woolworths.media/content/wowproductimages/large/370814.jpg",
    "source_id": "Woolworths - 370814",
    "barcode": "9310023139474",
    "shop": "Woolworths",
    "weight": "100G",
    "prices": [
      {
        "state": "NSW",
        "price": "500",
        "price_per_unit": "69",
        "price_unit": "G"
      },
      {
        "state": "VIC",
        "price": "500",
        "price_per_unit": "69",
        "price_unit": "G"
      },
      {
        "state": "QLD",
        "price": "500",
        "price_per_unit": "69",
        "price_unit": "G"
      },
      {
        "state": "WA",
        "price": "500",
        "price_per_unit": "69",
        "price_unit": "G"
      },
      {
        "state": "SA",
        "price": "500",
        "price_per_unit": "69",
        "price_unit": "G"
      },
      {
        "state": "TAS",
        "price": "500",
        "price_per_unit": "69",
        "price_unit": "G"
      },
      {
        "state": "ACT",
        "price": "500",
        "price_per_unit": "69",
        "price_unit": "G"
      },
      {
        "state": "NT",
        "price": "500",
        "price_per_unit": "69",
        "price_unit": "G"
      }
    ]
  },
  {
    "source_url": "https://www.woolworths.com.au/shop/productdetails/16999/helga-s-sourdough-loaf",
    "name": "Helga's Sourdough Loaf 650g",
    "image_url": "https://cdn1.woolworths.media/content/wowproductimages/large/016999.jpg",
    "source_id": "Woolworths - 16999",
    "barcode": "9310023144676",
    "shop": "Woolworths",
    "weight": "100G",
    "prices": [
      {
        "state": "NSW",
        "price": "500",
        "price_per_unit": "77",
        "price_unit": "G"
      },
      {
        "state": "VIC",
        "price": "500",
        "price_per_unit": "77",
        "price_unit": "G"
      },
      {
        "state": "QLD",
        "price": "500",
        "price_per_unit": "77",
        "price_unit": "G"
      },
      {
        "state": "WA",
        "price": "500",
        "price_per_unit": "77",
        "price_unit": "G"
      },
      {
        "state": "SA",
        "price": "500",
        "price_per_unit": "77",
        "price_unit": "G"
      },
      {
        "state": "TAS",
        "price": "500",
        "price_per_unit": "77",
        "price_unit": "G"
      },
      {
        "state": "ACT",
        "price": "500",
        "price_per_unit": "77",
        "price_unit": "G"
      }
    ]
  },
  {
    "source_url": "https://www.woolworths.com.au/shop/productdetails/102976/helga-s-traditional-white-mini-loaf",
    "name": "Helga's Traditional White Mini Loaf 360g",
    "image_url": "https://cdn1.woolworths.media/content/wowproductimages/large/102976.jpg",
    "source_id": "Woolworths - 102976",
    "barcode": "9310023145017",
    "shop": "Woolworths",
    "weight": "100G",
    "prices": [
      {
        "state": "NSW",
        "price": "400",
        "price_per_unit": "111",
        "price_unit": "G"
      },
      {
        "state": "VIC",
        "price": "400",
        "price_per_unit": "111",
        "price_unit": "G"
      },
      {
        "state": "ACT",
        "price": "400",
        "price_per_unit": "111",
        "price_unit": "G"
      }
    ]
  },
  {
    "source_url": "https://www.woolworths.com.au/shop/productdetails/103783/helga-s-traditional-wholemeal-mini-loaf",
    "name": "Helga's Traditional Wholemeal Mini Loaf 360g",
    "image_url": "https://cdn1.woolworths.media/content/wowproductimages/large/103783.jpg",
    "source_id": "Woolworths - 103783",
    "barcode": "9310023145024",
    "shop": "Woolworths",
    "weight": "100G",
    "prices": [
      {
        "state": "NSW",
        "price": "400",
        "price_per_unit": "111",
        "price_unit": "G"
      },
      {
        "state": "VIC",
        "price": "400",
        "price_per_unit": "111",
        "price_unit": "G"
      },
      {
        "state": "QLD",
        "price": "400",
        "price_per_unit": "111",
        "price_unit": "G"
      },
      {
        "state": "SA",
        "price": "400",
        "price_per_unit": "111",
        "price_unit": "G"
      },
      {
        "state": "ACT",
        "price": "400",
        "price_per_unit": "111",
        "price_unit": "G"
      }
    ]
  },
  {
    "source_url": "https://www.woolworths.com.au/shop/productdetails/75035/helga-s-wholemeal-bread-with-grains",
    "name": "Helga's Wholemeal Bread With Grains 850g",
    "image_url": "https://cdn1.woolworths.media/content/wowproductimages/large/075035.jpg",
    "source_id": "Woolworths - 75035",
    "barcode": "9310128002536",
    "shop": "Woolworths",
    "weight": "100G",
    "prices": [
      {
        "state": "NSW",
        "price": "500",
        "price_per_unit": "59",
        "price_unit": "G"
      },
      {
        "state": "VIC",
        "price": "500",
        "price_per_unit": "59",
        "price_unit": "G"
      },
      {
        "state": "WA",
        "price": "500",
        "price_per_unit": "59",
        "price_unit": "G"
      },
      {
        "state": "SA",
        "price": "500",
        "price_per_unit": "59",
        "price_unit": "G"
      },
      {
        "state": "TAS",
        "price": "500",
        "price_per_unit": "59",
        "price_unit": "G"
      },
      {
        "state": "ACT",
        "price": "500",
        "price_per_unit": "59",
        "price_unit": "G"
      }
    ]
  },
  {
    "source_url": "https://www.woolworths.com.au/shop/productdetails/166393/helga-s-wholemeal-sourdough-loaf",
    "name": "Helga's Wholemeal Sourdough Loaf 750g",
    "image_url": "https://cdn1.woolworths.media/content/wowproductimages/large/166393.jpg",
    "source_id": "Woolworths - 166393",
    "barcode": "9310023145222",
    "shop": "Woolworths",
    "weight": "100G",
    "prices": [
      {
        "state": "NSW",
        "price": "500",
        "price_per_unit": "67",
        "price_unit": "G"
      },
      {
        "state": "VIC",
        "price": "500",
        "price_per_unit": "67",
        "price_unit": "G"
      },
      {
        "state": "QLD",
        "price": "500",
        "price_per_unit": "67",
        "price_unit": "G"
      },
      {
        "state": "WA",
        "price": "500",
        "price_per_unit": "67",
        "price_unit": "G"
      },
      {
        "state": "SA",
        "price": "500",
        "price_per_unit": "67",
        "price_unit": "G"
      },
      {
        "state": "TAS",
        "price": "500",
        "price_per_unit": "67",
        "price_unit": "G"
      },
      {
        "state": "ACT",
        "price": "500",
        "price_per_unit": "67",
        "price_unit": "G"
      }
    ]
  },
  {
    "source_url": "https://www.woolworths.com.au/shop/productdetails/877105/jesse-s-bakery-bagels-mixed-seed-boiled-handmade",
    "name": "Jesse's Bakery Bagels Mixed Seed Boiled Handmade 550g",
    "image_url": "https://cdn1.woolworths.media/content/wowproductimages/large/877105.jpg",
    "source_id": "Woolworths - 877105",
    "barcode": "9353916000437",
    "shop": "Woolworths",
    "weight": "100G",
    "prices": [
      {
        "state": "NSW",
        "price": "640",
        "price_per_unit": "116",
        "price_unit": "G"
      }
    ]
  },
  {
    "source_url": "https://www.woolworths.com.au/shop/productdetails/877104/jesse-s-bakery-bagels-poppyseed-boiled-handmade",
    "name": "Jesse's Bakery Bagels Poppyseed Boiled Handmade 550g",
    "image_url": "https://cdn1.woolworths.media/content/wowproductimages/large/877104.jpg",
    "source_id": "Woolworths - 877104",
    "barcode": "9353916000420",
    "shop": "Woolworths",
    "weight": "100G",
    "prices": [
      {
        "state": "NSW",
        "price": "640",
        "price_per_unit": "116",
        "price_unit": "G"
      }
    ]
  },
  {
    "source_url": "https://www.woolworths.com.au/shop/productdetails/684707/jesse-s-bakery-boiled-bagels-handmade",
    "name": "Jesse's Bakery Boiled Bagels Handmade 550g",
    "image_url": "https://cdn1.woolworths.media/content/wowproductimages/large/684707.jpg",
    "source_id": "Woolworths - 684707",
    "barcode": "9353916000000",
    "shop": "Woolworths",
    "weight": "100G",
    "prices": [
      {
        "state": "NSW",
        "price": "640",
        "price_per_unit": "116",
        "price_unit": "G"
      }
    ]
  },
  {
    "source_url": "https://www.woolworths.com.au/shop/productdetails/877940/jesse-s-bakery-challah-rolls-mini-sesame",
    "name": "Jesse's Bakery Challah Rolls Mini Sesame 400g",
    "image_url": "https://cdn1.woolworths.media/content/wowproductimages/large/877940.jpg",
    "source_id": "Woolworths - 877940",
    "barcode": "9353916000451",
    "shop": "Woolworths",
    "weight": "100G",
    "prices": [
      {
        "state": "NSW",
        "price": "600",
        "price_per_unit": "150",
        "price_unit": "G"
      }
    ]
  },
  {
    "source_url": "https://www.woolworths.com.au/shop/productdetails/877941/jesse-s-bakery-challah-sesame-handmade",
    "name": "Jesse's Bakery Challah Sesame Handmade 600g",
    "image_url": "https://cdn1.woolworths.media/content/wowproductimages/large/877941.jpg",
    "source_id": "Woolworths - 877941",
    "barcode": "9353916000468",
    "shop": "Woolworths",
    "weight": "100G",
    "prices": [
      {
        "state": "NSW",
        "price": "550",
        "price_per_unit": "92",
        "price_unit": "G"
      }
    ]
  },
  {
    "source_url": "https://www.woolworths.com.au/shop/productdetails/12157/jesse-s-bakery-rye-sourdough",
    "name": "Jesse's Bakery Rye Sourdough 900g",
    "image_url": "https://cdn1.woolworths.media/content/wowproductimages/large/012157.jpg",
    "source_id": "Woolworths - 12157",
    "barcode": "9353916000925",
    "shop": "Woolworths",
    "weight": "100G",
    "prices": [
      {
        "state": "NSW",
        "price": "750",
        "price_per_unit": "83",
        "price_unit": "G"
      }
    ]
  },
  {
    "source_url": "https://www.woolworths.com.au/shop/productdetails/875671/jesse-s-bakery-sesame-bagels-boiled-handmade",
    "name": "Jesse's Bakery Sesame Bagels Boiled Handmade 550g",
    "image_url": "https://cdn1.woolworths.media/content/wowproductimages/large/875671.jpg",
    "source_id": "Woolworths - 875671",
    "barcode": "9353916000413",
    "shop": "Woolworths",
    "weight": "100G",
    "prices": [
      {
        "state": "NSW",
        "price": "640",
        "price_per_unit": "116",
        "price_unit": "G"
      }
    ]
  },
  {
    "source_url": "https://www.woolworths.com.au/shop/productdetails/12178/jesse-s-bakery-sourdough-soy-linseed",
    "name": "Jesse's Bakery Sourdough Soy & Linseed 900g",
    "image_url": "https://cdn1.woolworths.media/content/wowproductimages/large/012178.jpg",
    "source_id": "Woolworths - 12178",
    "barcode": "9353916000888",
    "shop": "Woolworths",
    "weight": "100G",
    "prices": [
      {
        "state": "NSW",
        "price": "750",
        "price_per_unit": "83",
        "price_unit": "G"
      }
    ]
  },
  {
    "source_url": "https://www.woolworths.com.au/shop/productdetails/12148/jesse-s-bakery-sourdough-wholemeal-handmade",
    "name": "Jesse's Bakery Sourdough Wholemeal Handmade 900g",
    "image_url": "https://cdn1.woolworths.media/content/wowproductimages/large/012148.jpg",
    "source_id": "Woolworths - 12148",
    "barcode": "9353916000901",
    "shop": "Woolworths",
    "weight": "100G",
    "prices": [
      {
        "state": "NSW",
        "price": "750",
        "price_per_unit": "83",
        "price_unit": "G"
      }
    ]
  },
  {
    "source_url": "https://www.woolworths.com.au/shop/productdetails/12140/jesse-s-bakery-white-sourdough-handmade",
    "name": "Jesse's Bakery White Sourdough Handmade 900g",
    "image_url": "https://cdn1.woolworths.media/content/wowproductimages/large/012140.jpg",
    "source_id": "Woolworths - 12140",
    "barcode": "9353916000895",
    "shop": "Woolworths",
    "weight": "100G",
    "prices": [
      {
        "state": "NSW",
        "price": "750",
        "price_per_unit": "83",
        "price_unit": "G"
      }
    ]
  },
  {
    "source_url": "https://www.woolworths.com.au/shop/productdetails/275270/macro-high-protein-lower-carb-linseed-sunflower-rolls",
    "name": "Macro High Protein Lower Carb Linseed & Sunflower Rolls 4 Pack",
    "image_url": "https://cdn1.woolworths.media/content/wowproductimages/large/275270.jpg",
    "source_id": "Woolworths - 275270",
    "barcode": "9339687330331",
    "shop": "Woolworths",
    "weight": "1EA",
    "prices": [
      {
        "state": "NSW",
        "price": "500",
        "price_per_unit": "125",
        "price_unit": "EA"
      },
      {
        "state": "VIC",
        "price": "500",
        "price_per_unit": "125",
        "price_unit": "EA"
      },
      {
        "state": "QLD",
        "price": "500",
        "price_per_unit": "125",
        "price_unit": "EA"
      },
      {
        "state": "WA",
        "price": "500",
        "price_per_unit": "125",
        "price_unit": "EA"
      },
      {
        "state": "SA",
        "price": "500",
        "price_per_unit": "125",
        "price_unit": "EA"
      },
      {
        "state": "TAS",
        "price": "500",
        "price_per_unit": "125",
        "price_unit": "EA"
      },
      {
        "state": "ACT",
        "price": "500",
        "price_per_unit": "125",
        "price_unit": "EA"
      },
      {
        "state": "NT",
        "price": "500",
        "price_per_unit": "125",
        "price_unit": "EA"
      }
    ]
  },
  {
    "source_url": "https://www.woolworths.com.au/shop/productdetails/13044/mighty-soft-bread-rolls-hamburger-buns",
    "name": "Mighty Soft Bread Rolls Hamburger Buns 6 Pack",
    "image_url": "https://cdn1.woolworths.media/content/wowproductimages/large/013044.jpg",
    "source_id": "Woolworths - 13044",
    "barcode": "9310023133533",
    "shop": "Woolworths",
    "weight": "1EA",
    "prices": [
      {
        "state": "NSW",
        "price": "275",
        "price_per_unit": "46",
        "price_unit": "EA"
      },
      {
        "state": "VIC",
        "price": "275",
        "price_per_unit": "46",
        "price_unit": "EA"
      },
      {
        "state": "QLD",
        "price": "275",
        "price_per_unit": "46",
        "price_unit": "EA"
      },
      {
        "state": "WA",
        "price": "275",
        "price_per_unit": "46",
        "price_unit": "EA"
      },
      {
        "state": "SA",
        "price": "275",
        "price_per_unit": "46",
        "price_unit": "EA"
      },
      {
        "state": "ACT",
        "price": "275",
        "price_per_unit": "46",
        "price_unit": "EA"
      },
      {
        "state": "NT",
        "price": "275",
        "price_per_unit": "46",
        "price_unit": "EA"
      }
    ]
  },
  {
    "source_url": "https://www.woolworths.com.au/shop/productdetails/26162/mighty-soft-bread-rolls-hot-dog",
    "name": "Mighty Soft Bread Rolls Hot Dog 6 Pack",
    "image_url": "https://cdn1.woolworths.media/content/wowproductimages/large/026162.jpg",
    "source_id": "Woolworths - 26162",
    "barcode": "9310023133540",
    "shop": "Woolworths",
    "weight": "1EA",
    "prices": [
      {
        "state": "NSW",
        "price": "275",
        "price_per_unit": "46",
        "price_unit": "EA"
      },
      {
        "state": "VIC",
        "price": "275",
        "price_per_unit": "46",
        "price_unit": "EA"
      },
      {
        "state": "QLD",
        "price": "275",
        "price_per_unit": "46",
        "price_unit": "EA"
      },
      {
        "state": "WA",
        "price": "275",
        "price_per_unit": "46",
        "price_unit": "EA"
      },
      {
        "state": "SA",
        "price": "275",
        "price_per_unit": "46",
        "price_unit": "EA"
      },
      {
        "state": "ACT",
        "price": "275",
        "price_per_unit": "46",
        "price_unit": "EA"
      },
      {
        "state": "NT",
        "price": "275",
        "price_per_unit": "46",
        "price_unit": "EA"
      }
    ]
  },
  {
    "source_url": "https://www.woolworths.com.au/shop/productdetails/803184/the-bagel-co-sultana-challah",
    "name": "The Bagel Co. Sultana Challah 650g",
    "image_url": "https://cdn1.woolworths.media/content/wowproductimages/large/803184.jpg",
    "source_id": "Woolworths - 803184",
    "barcode": "735850497969",
    "shop": "Woolworths",
    "weight": "100G",
    "prices": []
  },
  {
    "source_url": "https://www.woolworths.com.au/shop/productdetails/197276/tip-top-9-grain-classic-sandwich-slice-bread-loaf-bakery",
    "name": "Tip Top 9 Grain Classic Sandwich Slice Bread Loaf Bakery 700g",
    "image_url": "https://cdn1.woolworths.media/content/wowproductimages/large/197276.jpg",
    "source_id": "Woolworths - 197276",
    "barcode": "9310043009900",
    "shop": "Woolworths",
    "weight": "100G",
    "prices": [
      {
        "state": "NSW",
        "price": "450",
        "price_per_unit": "64",
        "price_unit": "G"
      },
      {
        "state": "VIC",
        "price": "450",
        "price_per_unit": "64",
        "price_unit": "G"
      },
      {
        "state": "QLD",
        "price": "450",
        "price_per_unit": "64",
        "price_unit": "G"
      },
      {
        "state": "WA",
        "price": "450",
        "price_per_unit": "64",
        "price_unit": "G"
      },
      {
        "state": "SA",
        "price": "450",
        "price_per_unit": "64",
        "price_unit": "G"
      },
      {
        "state": "ACT",
        "price": "450",
        "price_per_unit": "64",
        "price_unit": "G"
      },
      {
        "state": "NT",
        "price": "450",
        "price_per_unit": "64",
        "price_unit": "G"
      }
    ]
  },
  {
    "source_url": "https://www.woolworths.com.au/shop/productdetails/263634/tip-top-9-grain-wholemeal-sandwich-slice-bread-loaf-bakery",
    "name": "Tip Top 9 Grain Wholemeal Sandwich Slice Bread Loaf Bakery 750g",
    "image_url": "https://cdn1.woolworths.media/content/wowproductimages/large/263634.jpg",
    "source_id": "Woolworths - 263634",
    "barcode": "9339423001075",
    "shop": "Woolworths",
    "weight": "100G",
    "prices": [
      {
        "state": "NSW",
        "price": "450",
        "price_per_unit": "60",
        "price_unit": "G"
      },
      {
        "state": "VIC",
        "price": "450",
        "price_per_unit": "60",
        "price_unit": "G"
      },
      {
        "state": "QLD",
        "price": "450",
        "price_per_unit": "60",
        "price_unit": "G"
      },
      {
        "state": "SA",
        "price": "450",
        "price_per_unit": "60",
        "price_unit": "G"
      },
      {
        "state": "ACT",
        "price": "450",
        "price_per_unit": "60",
        "price_unit": "G"
      }
    ]
  },
  {
    "source_url": "https://www.woolworths.com.au/shop/productdetails/258204/tip-top-caf-raisin-toast-fruit-bread-thick-bakery",
    "name": "Tip Top Café Raisin Toast Fruit Bread Thick Bakery 650g",
    "image_url": "https://cdn1.woolworths.media/content/wowproductimages/large/258204.jpg",
    "source_id": "Woolworths - 258204",
    "barcode": "9339423008500",
    "shop": "Woolworths",
    "weight": "100G",
    "prices": [
      {
        "state": "NSW",
        "price": "720",
        "price_per_unit": "111",
        "price_unit": "G"
      },
      {
        "state": "VIC",
        "price": "720",
        "price_per_unit": "111",
        "price_unit": "G"
      },
      {
        "state": "QLD",
        "price": "720",
        "price_per_unit": "111",
        "price_unit": "G"
      },
      {
        "state": "WA",
        "price": "720",
        "price_per_unit": "111",
        "price_unit": "G"
      },
      {
        "state": "SA",
        "price": "720",
        "price_per_unit": "111",
        "price_unit": "G"
      },
      {
        "state": "ACT",
        "price": "720",
        "price_per_unit": "111",
        "price_unit": "G"
      }
    ]
  },
  {
    "source_url": "https://www.woolworths.com.au/shop/productdetails/218853/tip-top-gourmet-burger-buns-bbq-bread-rolls-bakery",
    "name": "Tip Top Gourmet Burger Buns BBQ Bread Rolls Bakery 4 pack",
    "image_url": "https://cdn1.woolworths.media/content/wowproductimages/large/218853.jpg",
    "source_id": "Woolworths - 218853",
    "barcode": "9339423009347",
    "shop": "Woolworths",
    "weight": "100G",
    "prices": [
      {
        "state": "NSW",
        "price": "450",
        "price_per_unit": "205",
        "price_unit": "G"
      },
      {
        "state": "VIC",
        "price": "450",
        "price_per_unit": "205",
        "price_unit": "G"
      },
      {
        "state": "QLD",
        "price": "450",
        "price_per_unit": "205",
        "price_unit": "G"
      },
      {
        "state": "WA",
        "price": "450",
        "price_per_unit": "205",
        "price_unit": "G"
      },
      {
        "state": "SA",
        "price": "450",
        "price_per_unit": "205",
        "price_unit": "G"
      },
      {
        "state": "ACT",
        "price": "450",
        "price_per_unit": "205",
        "price_unit": "G"
      }
    ]
  },
  {
    "source_url": "https://www.woolworths.com.au/shop/productdetails/217401/tip-top-potato-burger-buns-bbq-bread-rolls-bakery",
    "name": "Tip Top Potato Burger Buns BBQ Bread Rolls Bakery 4 pack",
    "image_url": "https://cdn1.woolworths.media/content/wowproductimages/large/217401.jpg",
    "source_id": "Woolworths - 217401",
    "barcode": "9339423009330",
    "shop": "Woolworths",
    "weight": "100G",
    "prices": [
      {
        "state": "NSW",
        "price": "450",
        "price_per_unit": "154",
        "price_unit": "G"
      },
      {
        "state": "VIC",
        "price": "450",
        "price_per_unit": "154",
        "price_unit": "G"
      },
      {
        "state": "QLD",
        "price": "450",
        "price_per_unit": "154",
        "price_unit": "G"
      },
      {
        "state": "WA",
        "price": "450",
        "price_per_unit": "154",
        "price_unit": "G"
      },
      {
        "state": "SA",
        "price": "450",
        "price_per_unit": "154",
        "price_unit": "G"
      }
    ]
  },
  {
    "source_url": "https://www.woolworths.com.au/shop/productdetails/3805/tip-top-raisin-toast-fruit-bread-loaf-bakery",
    "name": "Tip Top Raisin Toast Fruit Bread Loaf Bakery 520g",
    "image_url": "https://cdn1.woolworths.media/content/wowproductimages/large/003805.jpg",
    "source_id": "Woolworths - 3805",
    "barcode": "9339423008524",
    "shop": "Woolworths",
    "weight": "100G",
    "prices": [
      {
        "state": "NSW",
        "price": "450",
        "price_per_unit": "87",
        "price_unit": "G"
      },
      {
        "state": "VIC",
        "price": "450",
        "price_per_unit": "87",
        "price_unit": "G"
      },
      {
        "state": "QLD",
        "price": "450",
        "price_per_unit": "87",
        "price_unit": "G"
      },
      {
        "state": "WA",
        "price": "450",
        "price_per_unit": "87",
        "price_unit": "G"
      },
      {
        "state": "SA",
        "price": "450",
        "price_per_unit": "87",
        "price_unit": "G"
      },
      {
        "state": "ACT",
        "price": "450",
        "price_per_unit": "87",
        "price_unit": "G"
      },
      {
        "state": "NT",
        "price": "450",
        "price_per_unit": "87",
        "price_unit": "G"
      }
    ]
  },
  {
    "source_url": "https://www.woolworths.com.au/shop/productdetails/19899/tip-top-sunblest-soft-white-sandwich-slice-bread-loaf-bakery",
    "name": "Tip Top Sunblest Soft White Sandwich Slice Bread Loaf Bakery 650g",
    "image_url": "https://cdn1.woolworths.media/content/wowproductimages/large/019899.jpg",
    "source_id": "Woolworths - 19899",
    "barcode": "9310043008637",
    "shop": "Woolworths",
    "weight": "100G",
    "prices": [
      {
        "state": "NSW",
        "price": "410",
        "price_per_unit": "63",
        "price_unit": "G"
      },
      {
        "state": "VIC",
        "price": "410",
        "price_per_unit": "63",
        "price_unit": "G"
      },
      {
        "state": "SA",
        "price": "410",
        "price_per_unit": "63",
        "price_unit": "G"
      },
      {
        "state": "ACT",
        "price": "410",
        "price_per_unit": "63",
        "price_unit": "G"
      }
    ]
  },
  {
    "source_url": "https://www.woolworths.com.au/shop/productdetails/49609/tip-top-sunblest-soft-white-toast-slice-bread-loaf-bakery",
    "name": "Tip Top Sunblest Soft White Toast Slice Bread Loaf Bakery 650g",
    "image_url": "https://cdn1.woolworths.media/content/wowproductimages/large/049609.jpg",
    "source_id": "Woolworths - 49609",
    "barcode": "9310043008644",
    "shop": "Woolworths",
    "weight": "100G",
    "prices": [
      {
        "state": "NSW",
        "price": "410",
        "price_per_unit": "63",
        "price_unit": "G"
      },
      {
        "state": "VIC",
        "price": "410",
        "price_per_unit": "63",
        "price_unit": "G"
      },
      {
        "state": "SA",
        "price": "410",
        "price_per_unit": "63",
        "price_unit": "G"
      },
      {
        "state": "ACT",
        "price": "410",
        "price_per_unit": "63",
        "price_unit": "G"
      }
    ]
  },
  {
    "source_url": "https://www.woolworths.com.au/shop/productdetails/49613/tip-top-sunblest-soft-wholemeal-bread-loaf-sandwich-bakery",
    "name": "Tip Top Sunblest Soft Wholemeal Bread Loaf Sandwich Bakery 650g",
    "image_url": "https://cdn1.woolworths.media/content/wowproductimages/large/049613.jpg",
    "source_id": "Woolworths - 49613",
    "barcode": "9310043004837",
    "shop": "Woolworths",
    "weight": "100G",
    "prices": [
      {
        "state": "NSW",
        "price": "410",
        "price_per_unit": "63",
        "price_unit": "G"
      },
      {
        "state": "VIC",
        "price": "410",
        "price_per_unit": "63",
        "price_unit": "G"
      },
      {
        "state": "SA",
        "price": "410",
        "price_per_unit": "63",
        "price_unit": "G"
      },
      {
        "state": "ACT",
        "price": "410",
        "price_per_unit": "63",
        "price_unit": "G"
      }
    ]
  },
  {
    "source_url": "https://www.woolworths.com.au/shop/productdetails/218375/tip-top-the-one-gluten-free-smooth-wholegrain-bread-loaf-bakery",
    "name": "Tip Top The One Gluten Free Smooth Wholegrain Bread Loaf Bakery 550g",
    "image_url": "https://cdn1.woolworths.media/content/wowproductimages/large/218375.jpg",
    "source_id": "Woolworths - 218375",
    "barcode": "9339423009088",
    "shop": "Woolworths",
    "weight": "100G",
    "prices": [
      {
        "state": "NSW",
        "price": "730",
        "price_per_unit": "133",
        "price_unit": "G"
      },
      {
        "state": "VIC",
        "price": "730",
        "price_per_unit": "133",
        "price_unit": "G"
      },
      {
        "state": "QLD",
        "price": "730",
        "price_per_unit": "133",
        "price_unit": "G"
      },
      {
        "state": "WA",
        "price": "730",
        "price_per_unit": "133",
        "price_unit": "G"
      },
      {
        "state": "SA",
        "price": "730",
        "price_per_unit": "133",
        "price_unit": "G"
      },
      {
        "state": "TAS",
        "price": "730",
        "price_per_unit": "133",
        "price_unit": "G"
      },
      {
        "state": "ACT",
        "price": "730",
        "price_per_unit": "133",
        "price_unit": "G"
      },
      {
        "state": "NT",
        "price": "730",
        "price_per_unit": "133",
        "price_unit": "G"
      }
    ]
  },
  {
    "source_url": "https://www.woolworths.com.au/shop/productdetails/165306/tip-top-the-one-gluten-free-white-bread-loaf-sandwich-bakery",
    "name": "Tip Top The One Gluten Free White Bread Loaf Sandwich Bakery 550g",
    "image_url": "https://cdn1.woolworths.media/content/wowproductimages/large/165306.jpg",
    "source_id": "Woolworths - 165306",
    "barcode": "9339423009071",
    "shop": "Woolworths",
    "weight": "100G",
    "prices": [
      {
        "state": "NSW",
        "price": "730",
        "price_per_unit": "133",
        "price_unit": "G"
      },
      {
        "state": "VIC",
        "price": "730",
        "price_per_unit": "133",
        "price_unit": "G"
      },
      {
        "state": "QLD",
        "price": "730",
        "price_per_unit": "133",
        "price_unit": "G"
      },
      {
        "state": "WA",
        "price": "730",
        "price_per_unit": "133",
        "price_unit": "G"
      },
      {
        "state": "SA",
        "price": "730",
        "price_per_unit": "133",
        "price_unit": "G"
      },
      {
        "state": "TAS",
        "price": "730",
        "price_per_unit": "133",
        "price_unit": "G"
      },
      {
        "state": "ACT",
        "price": "730",
        "price_per_unit": "133",
        "price_unit": "G"
      },
      {
        "state": "NT",
        "price": "730",
        "price_per_unit": "133",
        "price_unit": "G"
      }
    ]
  },
  {
    "source_url": "https://www.woolworths.com.au/shop/productdetails/713816/tip-top-the-one-white-sandwich-slice-bread-loaf-bakery",
    "name": "Tip Top The One White Sandwich Slice Bread Loaf Bakery 700g",
    "image_url": "https://cdn1.woolworths.media/content/wowproductimages/large/713816.jpg",
    "source_id": "Woolworths - 713816",
    "barcode": "9339423004809",
    "shop": "Woolworths",
    "weight": "100G",
    "prices": [
      {
        "state": "NSW",
        "price": "450",
        "price_per_unit": "64",
        "price_unit": "G"
      },
      {
        "state": "VIC",
        "price": "450",
        "price_per_unit": "64",
        "price_unit": "G"
      },
      {
        "state": "QLD",
        "price": "450",
        "price_per_unit": "64",
        "price_unit": "G"
      },
      {
        "state": "WA",
        "price": "450",
        "price_per_unit": "64",
        "price_unit": "G"
      },
      {
        "state": "SA",
        "price": "450",
        "price_per_unit": "64",
        "price_unit": "G"
      },
      {
        "state": "ACT",
        "price": "450",
        "price_per_unit": "64",
        "price_unit": "G"
      },
      {
        "state": "NT",
        "price": "450",
        "price_per_unit": "64",
        "price_unit": "G"
      }
    ]
  },
  {
    "source_url": "https://www.woolworths.com.au/shop/productdetails/713834/tip-top-the-one-white-toast-slice-bread-loaf-bakery",
    "name": "Tip Top The One White Toast Slice Bread Loaf Bakery 700g",
    "image_url": "https://cdn1.woolworths.media/content/wowproductimages/large/713834.jpg",
    "source_id": "Woolworths - 713834",
    "barcode": "9339423004816",
    "shop": "Woolworths",
    "weight": "100G",
    "prices": [
      {
        "state": "NSW",
        "price": "450",
        "price_per_unit": "64",
        "price_unit": "G"
      },
      {
        "state": "VIC",
        "price": "450",
        "price_per_unit": "64",
        "price_unit": "G"
      },
      {
        "state": "QLD",
        "price": "450",
        "price_per_unit": "64",
        "price_unit": "G"
      },
      {
        "state": "WA",
        "price": "450",
        "price_per_unit": "64",
        "price_unit": "G"
      },
      {
        "state": "SA",
        "price": "450",
        "price_per_unit": "64",
        "price_unit": "G"
      },
      {
        "state": "ACT",
        "price": "450",
        "price_per_unit": "64",
        "price_unit": "G"
      }
    ]
  },
  {
    "source_url": "https://www.woolworths.com.au/shop/productdetails/749588/tip-top-the-one-wholemeal-bread-sandwich-slice-loaf-bakery",
    "name": "Tip Top The One Wholemeal Bread Sandwich Slice Loaf Bakery 700g",
    "image_url": "https://cdn1.woolworths.media/content/wowproductimages/large/749588.jpg",
    "source_id": "Woolworths - 749588",
    "barcode": "9339423005035",
    "shop": "Woolworths",
    "weight": "100G",
    "prices": [
      {
        "state": "NSW",
        "price": "450",
        "price_per_unit": "64",
        "price_unit": "G"
      },
      {
        "state": "VIC",
        "price": "450",
        "price_per_unit": "64",
        "price_unit": "G"
      },
      {
        "state": "QLD",
        "price": "450",
        "price_per_unit": "64",
        "price_unit": "G"
      },
      {
        "state": "WA",
        "price": "450",
        "price_per_unit": "64",
        "price_unit": "G"
      },
      {
        "state": "SA",
        "price": "450",
        "price_per_unit": "64",
        "price_unit": "G"
      },
      {
        "state": "ACT",
        "price": "450",
        "price_per_unit": "64",
        "price_unit": "G"
      },
      {
        "state": "NT",
        "price": "450",
        "price_per_unit": "64",
        "price_unit": "G"
      }
    ]
  },
  {
    "source_url": "https://www.woolworths.com.au/shop/productdetails/726067/toscano-brioche-burger-buns",
    "name": "Toscano Brioche Burger Buns 4 Pack",
    "image_url": "https://cdn1.woolworths.media/content/wowproductimages/large/726067.jpg",
    "source_id": "Woolworths - 726067",
    "barcode": "9350007001526",
    "shop": "Woolworths",
    "weight": "100G",
    "prices": [
      {
        "state": "NSW",
        "price": "600",
        "price_per_unit": "300",
        "price_unit": "G"
      },
      {
        "state": "VIC",
        "price": "600",
        "price_per_unit": "300",
        "price_unit": "G"
      },
      {
        "state": "WA",
        "price": "600",
        "price_per_unit": "300",
        "price_unit": "G"
      },
      {
        "state": "TAS",
        "price": "600",
        "price_per_unit": "300",
        "price_unit": "G"
      }
    ]
  },
  {
    "source_url": "https://www.woolworths.com.au/shop/productdetails/389593/toscano-french-brioche-rolls-chocolate-chip",
    "name": "Toscano French Brioche Rolls Chocolate Chip 280g",
    "image_url": "https://cdn1.woolworths.media/content/wowproductimages/large/389593.jpg",
    "source_id": "Woolworths - 389593",
    "barcode": "9300602381950",
    "shop": "Woolworths",
    "weight": "100G",
    "prices": [
      {
        "state": "NSW",
        "price": "650",
        "price_per_unit": "232",
        "price_unit": "G"
      },
      {
        "state": "VIC",
        "price": "650",
        "price_per_unit": "232",
        "price_unit": "G"
      },
      {
        "state": "QLD",
        "price": "650",
        "price_per_unit": "232",
        "price_unit": "G"
      },
      {
        "state": "WA",
        "price": "650",
        "price_per_unit": "232",
        "price_unit": "G"
      },
      {
        "state": "SA",
        "price": "650",
        "price_per_unit": "232",
        "price_unit": "G"
      },
      {
        "state": "TAS",
        "price": "650",
        "price_per_unit": "232",
        "price_unit": "G"
      },
      {
        "state": "ACT",
        "price": "650",
        "price_per_unit": "232",
        "price_unit": "G"
      },
      {
        "state": "NT",
        "price": "650",
        "price_per_unit": "232",
        "price_unit": "G"
      }
    ]
  },
  {
    "source_url": "https://www.woolworths.com.au/shop/productdetails/385230/toscano-french-brioche-rolls-classic",
    "name": "Toscano French Brioche Rolls Classic 8 pack",
    "image_url": "https://cdn1.woolworths.media/content/wowproductimages/large/385230.jpg",
    "source_id": "Woolworths - 385230",
    "barcode": "9300602381790",
    "shop": "Woolworths",
    "weight": "100G",
    "prices": [
      {
        "state": "NSW",
        "price": "650",
        "price_per_unit": "232",
        "price_unit": "G"
      },
      {
        "state": "VIC",
        "price": "650",
        "price_per_unit": "232",
        "price_unit": "G"
      },
      {
        "state": "QLD",
        "price": "650",
        "price_per_unit": "232",
        "price_unit": "G"
      },
      {
        "state": "WA",
        "price": "650",
        "price_per_unit": "232",
        "price_unit": "G"
      },
      {
        "state": "SA",
        "price": "650",
        "price_per_unit": "232",
        "price_unit": "G"
      },
      {
        "state": "TAS",
        "price": "650",
        "price_per_unit": "232",
        "price_unit": "G"
      },
      {
        "state": "ACT",
        "price": "650",
        "price_per_unit": "232",
        "price_unit": "G"
      },
      {
        "state": "NT",
        "price": "650",
        "price_per_unit": "232",
        "price_unit": "G"
      }
    ]
  },
  {
    "source_url": "https://www.woolworths.com.au/shop/productdetails/684683/toscano-mini-hot-dog-brioche-buns",
    "name": "Toscano Mini Hot Dog Brioche Buns 6 Pack",
    "image_url": "https://cdn1.woolworths.media/content/wowproductimages/large/684683.jpg",
    "source_id": "Woolworths - 684683",
    "barcode": "9350007001649",
    "shop": "Woolworths",
    "weight": "1EA",
    "prices": [
      {
        "state": "NSW",
        "price": "520",
        "price_per_unit": "87",
        "price_unit": "EA"
      },
      {
        "state": "VIC",
        "price": "520",
        "price_per_unit": "87",
        "price_unit": "EA"
      },
      {
        "state": "QLD",
        "price": "520",
        "price_per_unit": "87",
        "price_unit": "EA"
      },
      {
        "state": "WA",
        "price": "520",
        "price_per_unit": "87",
        "price_unit": "EA"
      },
      {
        "state": "SA",
        "price": "520",
        "price_per_unit": "87",
        "price_unit": "EA"
      },
      {
        "state": "TAS",
        "price": "520",
        "price_per_unit": "87",
        "price_unit": "EA"
      },
      {
        "state": "ACT",
        "price": "520",
        "price_per_unit": "87",
        "price_unit": "EA"
      },
      {
        "state": "NT",
        "price": "520",
        "price_per_unit": "87",
        "price_unit": "EA"
      }
    ]
  },
  {
    "source_url": "https://www.woolworths.com.au/shop/productdetails/679319/toscano-pizza-bruschettina",
    "name": "Toscano Pizza Bruschettina 270g",
    "image_url": "https://cdn1.woolworths.media/content/wowproductimages/large/679319.jpg",
    "source_id": "Woolworths - 679319",
    "barcode": "9350007001601",
    "shop": "Woolworths",
    "weight": "100G",
    "prices": [
      {
        "state": "NSW",
        "price": "600",
        "price_per_unit": "222",
        "price_unit": "G"
      },
      {
        "state": "VIC",
        "price": "600",
        "price_per_unit": "222",
        "price_unit": "G"
      },
      {
        "state": "QLD",
        "price": "600",
        "price_per_unit": "222",
        "price_unit": "G"
      },
      {
        "state": "WA",
        "price": "600",
        "price_per_unit": "222",
        "price_unit": "G"
      },
      {
        "state": "SA",
        "price": "600",
        "price_per_unit": "222",
        "price_unit": "G"
      },
      {
        "state": "ACT",
        "price": "600",
        "price_per_unit": "222",
        "price_unit": "G"
      }
    ]
  },
  {
    "source_url": "https://www.woolworths.com.au/shop/productdetails/893368/wonder-5-star-soft-multigrain-prebiotic-bread-loaf",
    "name": "Wonder 5 Star Soft Multigrain & Prebiotic Bread Loaf 680g",
    "image_url": "https://cdn1.woolworths.media/content/wowproductimages/large/893368.jpg",
    "source_id": "Woolworths - 893368",
    "barcode": "9310023146014",
    "shop": "Woolworths",
    "weight": "100G",
    "prices": [
      {
        "state": "NSW",
        "price": "490",
        "price_per_unit": "72",
        "price_unit": "G"
      },
      {
        "state": "VIC",
        "price": "490",
        "price_per_unit": "72",
        "price_unit": "G"
      },
      {
        "state": "QLD",
        "price": "490",
        "price_per_unit": "72",
        "price_unit": "G"
      },
      {
        "state": "WA",
        "price": "490",
        "price_per_unit": "72",
        "price_unit": "G"
      },
      {
        "state": "SA",
        "price": "490",
        "price_per_unit": "72",
        "price_unit": "G"
      },
      {
        "state": "ACT",
        "price": "490",
        "price_per_unit": "72",
        "price_unit": "G"
      },
      {
        "state": "NT",
        "price": "490",
        "price_per_unit": "72",
        "price_unit": "G"
      }
    ]
  },
  {
    "source_url": "https://www.woolworths.com.au/shop/productdetails/889314/wonder-5-star-soft-white-high-fibre-bread-loaf",
    "name": "Wonder 5 Star Soft White High Fibre Bread Loaf 680g",
    "image_url": "https://cdn1.woolworths.media/content/wowproductimages/large/889314.jpg",
    "source_id": "Woolworths - 889314",
    "barcode": "9310023146021",
    "shop": "Woolworths",
    "weight": "100G",
    "prices": [
      {
        "state": "NSW",
        "price": "490",
        "price_per_unit": "72",
        "price_unit": "G"
      },
      {
        "state": "VIC",
        "price": "490",
        "price_per_unit": "72",
        "price_unit": "G"
      },
      {
        "state": "QLD",
        "price": "490",
        "price_per_unit": "72",
        "price_unit": "G"
      },
      {
        "state": "WA",
        "price": "490",
        "price_per_unit": "72",
        "price_unit": "G"
      },
      {
        "state": "SA",
        "price": "490",
        "price_per_unit": "72",
        "price_unit": "G"
      },
      {
        "state": "ACT",
        "price": "490",
        "price_per_unit": "72",
        "price_unit": "G"
      },
      {
        "state": "NT",
        "price": "490",
        "price_per_unit": "72",
        "price_unit": "G"
      }
    ]
  },
  {
    "source_url": "https://www.woolworths.com.au/shop/productdetails/103726/wonder-sandwich-white-mini-loaf",
    "name": "Wonder Sandwich White Mini Loaf 320g",
    "image_url": "https://cdn1.woolworths.media/content/wowproductimages/large/103726.jpg",
    "source_id": "Woolworths - 103726",
    "barcode": "9310023145048",
    "shop": "Woolworths",
    "weight": "100G",
    "prices": [
      {
        "state": "NSW",
        "price": "350",
        "price_per_unit": "109",
        "price_unit": "G"
      },
      {
        "state": "VIC",
        "price": "350",
        "price_per_unit": "109",
        "price_unit": "G"
      },
      {
        "state": "QLD",
        "price": "350",
        "price_per_unit": "109",
        "price_unit": "G"
      },
      {
        "state": "SA",
        "price": "350",
        "price_per_unit": "109",
        "price_unit": "G"
      },
      {
        "state": "ACT",
        "price": "350",
        "price_per_unit": "109",
        "price_unit": "G"
      }
    ]
  },
  {
    "source_url": "https://www.woolworths.com.au/shop/productdetails/263669/wonder-white-bread-vitamins-minerals-sandwich",
    "name": "Wonder White Bread Vitamins & Minerals Sandwich 700g",
    "image_url": "https://cdn1.woolworths.media/content/wowproductimages/large/263669.jpg",
    "source_id": "Woolworths - 263669",
    "barcode": "9310023138705",
    "shop": "Woolworths",
    "weight": "100G",
    "prices": [
      {
        "state": "NSW",
        "price": "450",
        "price_per_unit": "64",
        "price_unit": "G"
      },
      {
        "state": "VIC",
        "price": "450",
        "price_per_unit": "64",
        "price_unit": "G"
      },
      {
        "state": "QLD",
        "price": "450",
        "price_per_unit": "64",
        "price_unit": "G"
      },
      {
        "state": "WA",
        "price": "450",
        "price_per_unit": "64",
        "price_unit": "G"
      },
      {
        "state": "SA",
        "price": "450",
        "price_per_unit": "64",
        "price_unit": "G"
      },
      {
        "state": "TAS",
        "price": "450",
        "price_per_unit": "64",
        "price_unit": "G"
      },
      {
        "state": "ACT",
        "price": "450",
        "price_per_unit": "64",
        "price_unit": "G"
      },
      {
        "state": "NT",
        "price": "450",
        "price_per_unit": "64",
        "price_unit": "G"
      }
    ]
  },
  {
    "source_url": "https://www.woolworths.com.au/shop/productdetails/263667/wonder-white-bread-vitamins-minerals-toast",
    "name": "Wonder White Bread Vitamins & Minerals Toast 700g",
    "image_url": "https://cdn1.woolworths.media/content/wowproductimages/large/263667.jpg",
    "source_id": "Woolworths - 263667",
    "barcode": "9310023138712",
    "shop": "Woolworths",
    "weight": "100G",
    "prices": [
      {
        "state": "NSW",
        "price": "450",
        "price_per_unit": "64",
        "price_unit": "G"
      },
      {
        "state": "VIC",
        "price": "450",
        "price_per_unit": "64",
        "price_unit": "G"
      },
      {
        "state": "QLD",
        "price": "450",
        "price_per_unit": "64",
        "price_unit": "G"
      },
      {
        "state": "WA",
        "price": "450",
        "price_per_unit": "64",
        "price_unit": "G"
      },
      {
        "state": "SA",
        "price": "450",
        "price_per_unit": "64",
        "price_unit": "G"
      },
      {
        "state": "TAS",
        "price": "450",
        "price_per_unit": "64",
        "price_unit": "G"
      },
      {
        "state": "ACT",
        "price": "450",
        "price_per_unit": "64",
        "price_unit": "G"
      },
      {
        "state": "NT",
        "price": "450",
        "price_per_unit": "64",
        "price_unit": "G"
      }
    ]
  },
  {
    "source_url": "https://www.woolworths.com.au/shop/productdetails/476065/wonder-white-smooth-wholegrain",
    "name": "Wonder White Smooth Wholegrain 700g",
    "image_url": "https://cdn1.woolworths.media/content/wowproductimages/large/476065.jpg",
    "source_id": "Woolworths - 476065",
    "barcode": "9310023142993",
    "shop": "Woolworths",
    "weight": "100G",
    "prices": [
      {
        "state": "NSW",
        "price": "450",
        "price_per_unit": "64",
        "price_unit": "G"
      },
      {
        "state": "VIC",
        "price": "450",
        "price_per_unit": "64",
        "price_unit": "G"
      },
      {
        "state": "QLD",
        "price": "450",
        "price_per_unit": "64",
        "price_unit": "G"
      },
      {
        "state": "SA",
        "price": "450",
        "price_per_unit": "64",
        "price_unit": "G"
      },
      {
        "state": "TAS",
        "price": "450",
        "price_per_unit": "64",
        "price_unit": "G"
      },
      {
        "state": "ACT",
        "price": "450",
        "price_per_unit": "64",
        "price_unit": "G"
      },
      {
        "state": "NT",
        "price": "450",
        "price_per_unit": "64",
        "price_unit": "G"
      }
    ]
  },
  {
    "source_url": "https://www.woolworths.com.au/shop/productdetails/253937/wonder-white-wholemeal-with-iron-sandwich-slice",
    "name": "Wonder White Wholemeal With Iron Sandwich Slice 700g",
    "image_url": "https://cdn1.woolworths.media/content/wowproductimages/large/253937.jpg",
    "source_id": "Woolworths - 253937",
    "barcode": "9310023136657",
    "shop": "Woolworths",
    "weight": "100G",
    "prices": [
      {
        "state": "NSW",
        "price": "450",
        "price_per_unit": "64",
        "price_unit": "G"
      },
      {
        "state": "VIC",
        "price": "450",
        "price_per_unit": "64",
        "price_unit": "G"
      },
      {
        "state": "QLD",
        "price": "450",
        "price_per_unit": "64",
        "price_unit": "G"
      },
      {
        "state": "WA",
        "price": "450",
        "price_per_unit": "64",
        "price_unit": "G"
      },
      {
        "state": "SA",
        "price": "450",
        "price_per_unit": "64",
        "price_unit": "G"
      },
      {
        "state": "TAS",
        "price": "450",
        "price_per_unit": "64",
        "price_unit": "G"
      },
      {
        "state": "ACT",
        "price": "450",
        "price_per_unit": "64",
        "price_unit": "G"
      },
      {
        "state": "NT",
        "price": "450",
        "price_per_unit": "64",
        "price_unit": "G"
      }
    ]
  },
  {
    "source_url": "https://www.woolworths.com.au/shop/productdetails/105613/wonder-wholemeal-mini-loaf",
    "name": "Wonder Wholemeal Mini Loaf 320g",
    "image_url": "https://cdn1.woolworths.media/content/wowproductimages/large/105613.jpg",
    "source_id": "Woolworths - 105613",
    "barcode": "9310023145055",
    "shop": "Woolworths",
    "weight": "100G",
    "prices": [
      {
        "state": "NSW",
        "price": "350",
        "price_per_unit": "109",
        "price_unit": "G"
      },
      {
        "state": "VIC",
        "price": "350",
        "price_per_unit": "109",
        "price_unit": "G"
      },
      {
        "state": "QLD",
        "price": "350",
        "price_per_unit": "109",
        "price_unit": "G"
      },
      {
        "state": "SA",
        "price": "350",
        "price_per_unit": "109",
        "price_unit": "G"
      },
      {
        "state": "ACT",
        "price": "350",
        "price_per_unit": "109",
        "price_unit": "G"
      }
    ]
  },
  {
    "source_url": "https://www.woolworths.com.au/shop/productdetails/706502/woolworths-chocolate-hazelnut-mousse-slice",
    "name": "Woolworths Chocolate & Hazelnut Mousse Slice 2 Pack",
    "image_url": "https://cdn1.woolworths.media/content/wowproductimages/large/706502.jpg",
    "source_id": "Woolworths - 706502",
    "barcode": "9339687060627",
    "shop": "Woolworths",
    "weight": "100G",
    "prices": [
      {
        "state": "NSW",
        "price": "585",
        "price_per_unit": "293",
        "price_unit": "G"
      },
      {
        "state": "QLD",
        "price": "585",
        "price_per_unit": "293",
        "price_unit": "G"
      },
      {
        "state": "WA",
        "price": "585",
        "price_per_unit": "293",
        "price_unit": "G"
      },
      {
        "state": "SA",
        "price": "585",
        "price_per_unit": "293",
        "price_unit": "G"
      },
      {
        "state": "TAS",
        "price": "585",
        "price_per_unit": "293",
        "price_unit": "G"
      },
      {
        "state": "ACT",
        "price": "585",
        "price_per_unit": "293",
        "price_unit": "G"
      }
    ]
  },
  {
    "source_url": "https://www.woolworths.com.au/shop/productdetails/433885/woolworths-country-loaf-white",
    "name": "Woolworths Country Loaf White 750g",
    "image_url": "https://cdn1.woolworths.media/content/wowproductimages/large/433885.jpg",
    "source_id": "Woolworths - 433885",
    "barcode": "9300633588441",
    "shop": "Woolworths",
    "weight": "100G",
    "prices": [
      {
        "state": "NSW",
        "price": "400",
        "price_per_unit": "53",
        "price_unit": "G"
      },
      {
        "state": "VIC",
        "price": "400",
        "price_per_unit": "53",
        "price_unit": "G"
      },
      {
        "state": "QLD",
        "price": "400",
        "price_per_unit": "53",
        "price_unit": "G"
      },
      {
        "state": "WA",
        "price": "400",
        "price_per_unit": "53",
        "price_unit": "G"
      },
      {
        "state": "SA",
        "price": "400",
        "price_per_unit": "53",
        "price_unit": "G"
      },
      {
        "state": "TAS",
        "price": "400",
        "price_per_unit": "53",
        "price_unit": "G"
      },
      {
        "state": "ACT",
        "price": "400",
        "price_per_unit": "53",
        "price_unit": "G"
      },
      {
        "state": "NT",
        "price": "400",
        "price_per_unit": "53",
        "price_unit": "G"
      }
    ]
  },
  {
    "source_url": "https://www.woolworths.com.au/shop/productdetails/435099/woolworths-country-loaf-wholegrain",
    "name": "Woolworths Country Loaf Wholegrain 850g",
    "image_url": "https://cdn1.woolworths.media/content/wowproductimages/large/435099.jpg",
    "source_id": "Woolworths - 435099",
    "barcode": "9300633588465",
    "shop": "Woolworths",
    "weight": "100G",
    "prices": [
      {
        "state": "NSW",
        "price": "400",
        "price_per_unit": "47",
        "price_unit": "G"
      },
      {
        "state": "VIC",
        "price": "400",
        "price_per_unit": "47",
        "price_unit": "G"
      },
      {
        "state": "QLD",
        "price": "400",
        "price_per_unit": "47",
        "price_unit": "G"
      },
      {
        "state": "WA",
        "price": "400",
        "price_per_unit": "47",
        "price_unit": "G"
      },
      {
        "state": "SA",
        "price": "400",
        "price_per_unit": "47",
        "price_unit": "G"
      },
      {
        "state": "TAS",
        "price": "400",
        "price_per_unit": "47",
        "price_unit": "G"
      },
      {
        "state": "ACT",
        "price": "400",
        "price_per_unit": "47",
        "price_unit": "G"
      },
      {
        "state": "NT",
        "price": "400",
        "price_per_unit": "47",
        "price_unit": "G"
      }
    ]
  },
  {
    "source_url": "https://www.woolworths.com.au/shop/productdetails/433887/woolworths-country-loaf-wholemeal",
    "name": "Woolworths Country Loaf Wholemeal 750g",
    "image_url": "https://cdn1.woolworths.media/content/wowproductimages/large/433887.jpg",
    "source_id": "Woolworths - 433887",
    "barcode": "9300633588458",
    "shop": "Woolworths",
    "weight": "100G",
    "prices": [
      {
        "state": "NSW",
        "price": "400",
        "price_per_unit": "53",
        "price_unit": "G"
      },
      {
        "state": "VIC",
        "price": "400",
        "price_per_unit": "53",
        "price_unit": "G"
      },
      {
        "state": "QLD",
        "price": "400",
        "price_per_unit": "53",
        "price_unit": "G"
      },
      {
        "state": "WA",
        "price": "400",
        "price_per_unit": "53",
        "price_unit": "G"
      },
      {
        "state": "SA",
        "price": "400",
        "price_per_unit": "53",
        "price_unit": "G"
      },
      {
        "state": "TAS",
        "price": "400",
        "price_per_unit": "53",
        "price_unit": "G"
      },
      {
        "state": "ACT",
        "price": "400",
        "price_per_unit": "53",
        "price_unit": "G"
      },
      {
        "state": "NT",
        "price": "400",
        "price_per_unit": "53",
        "price_unit": "G"
      }
    ]
  },
  {
    "source_url": "https://www.woolworths.com.au/shop/productdetails/277577/woolworths-free-from-gluten-seeded-bread-loaf",
    "name": "Woolworths Free From Gluten Seeded Bread Loaf 450g",
    "image_url": "https://cdn1.woolworths.media/content/wowproductimages/large/277577.jpg",
    "source_id": "Woolworths - 277577",
    "barcode": "9339687335992",
    "shop": "Woolworths",
    "weight": "100G",
    "prices": [
      {
        "state": "NSW",
        "price": "625",
        "price_per_unit": "139",
        "price_unit": "G"
      },
      {
        "state": "VIC",
        "price": "625",
        "price_per_unit": "139",
        "price_unit": "G"
      },
      {
        "state": "QLD",
        "price": "625",
        "price_per_unit": "139",
        "price_unit": "G"
      },
      {
        "state": "WA",
        "price": "625",
        "price_per_unit": "139",
        "price_unit": "G"
      },
      {
        "state": "SA",
        "price": "625",
        "price_per_unit": "139",
        "price_unit": "G"
      },
      {
        "state": "TAS",
        "price": "625",
        "price_per_unit": "139",
        "price_unit": "G"
      },
      {
        "state": "ACT",
        "price": "625",
        "price_per_unit": "139",
        "price_unit": "G"
      }
    ]
  },
  {
    "source_url": "https://www.woolworths.com.au/shop/productdetails/264174/woolworths-free-from-gluten-turkish-bread-loaf",
    "name": "Woolworths Free From Gluten Turkish Bread Loaf 200g",
    "image_url": "https://cdn1.woolworths.media/content/wowproductimages/large/264174.jpg",
    "source_id": "Woolworths - 264174",
    "barcode": "9339687324507",
    "shop": "Woolworths",
    "weight": "100G",
    "prices": [
      {
        "state": "NSW",
        "price": "510",
        "price_per_unit": "255",
        "price_unit": "G"
      },
      {
        "state": "VIC",
        "price": "510",
        "price_per_unit": "255",
        "price_unit": "G"
      },
      {
        "state": "QLD",
        "price": "510",
        "price_per_unit": "255",
        "price_unit": "G"
      },
      {
        "state": "WA",
        "price": "510",
        "price_per_unit": "255",
        "price_unit": "G"
      },
      {
        "state": "TAS",
        "price": "510",
        "price_per_unit": "255",
        "price_unit": "G"
      },
      {
        "state": "ACT",
        "price": "510",
        "price_per_unit": "255",
        "price_unit": "G"
      }
    ]
  },
  {
    "source_url": "https://www.woolworths.com.au/shop/productdetails/277578/woolworths-free-from-gluten-white-bread-loaf",
    "name": "Woolworths Free From Gluten White Bread Loaf 440g",
    "image_url": "https://cdn1.woolworths.media/content/wowproductimages/large/277578.jpg",
    "source_id": "Woolworths - 277578",
    "barcode": "9339687336005",
    "shop": "Woolworths",
    "weight": "100G",
    "prices": [
      {
        "state": "NSW",
        "price": "625",
        "price_per_unit": "142",
        "price_unit": "G"
      },
      {
        "state": "VIC",
        "price": "625",
        "price_per_unit": "142",
        "price_unit": "G"
      },
      {
        "state": "QLD",
        "price": "625",
        "price_per_unit": "142",
        "price_unit": "G"
      },
      {
        "state": "WA",
        "price": "625",
        "price_per_unit": "142",
        "price_unit": "G"
      },
      {
        "state": "SA",
        "price": "625",
        "price_per_unit": "142",
        "price_unit": "G"
      },
      {
        "state": "TAS",
        "price": "625",
        "price_per_unit": "142",
        "price_unit": "G"
      },
      {
        "state": "ACT",
        "price": "625",
        "price_per_unit": "142",
        "price_unit": "G"
      },
      {
        "state": "NT",
        "price": "625",
        "price_per_unit": "142",
        "price_unit": "G"
      }
    ]
  },
  {
    "source_url": "https://www.woolworths.com.au/shop/productdetails/140171/woolworths-free-from-gluten-white-burger-buns",
    "name": "Woolworths Free From Gluten White Burger Buns 4 Pack",
    "image_url": "https://cdn1.woolworths.media/content/wowproductimages/large/140171.jpg",
    "source_id": "Woolworths - 140171",
    "barcode": "9339687227365",
    "shop": "Woolworths",
    "weight": "100G",
    "prices": [
      {
        "state": "NSW",
        "price": "550",
        "price_per_unit": "172",
        "price_unit": "G"
      },
      {
        "state": "VIC",
        "price": "550",
        "price_per_unit": "172",
        "price_unit": "G"
      },
      {
        "state": "SA",
        "price": "550",
        "price_per_unit": "172",
        "price_unit": "G"
      },
      {
        "state": "TAS",
        "price": "550",
        "price_per_unit": "172",
        "price_unit": "G"
      },
      {
        "state": "ACT",
        "price": "550",
        "price_per_unit": "172",
        "price_unit": "G"
      },
      {
        "state": "NT",
        "price": "550",
        "price_per_unit": "172",
        "price_unit": "G"
      }
    ]
  },
  {
    "source_url": "https://www.woolworths.com.au/shop/productdetails/277579/woolworths-free-from-gluten-wholemeal-bread-loaf",
    "name": "Woolworths Free From Gluten Wholemeal Bread Loaf 450g",
    "image_url": "https://cdn1.woolworths.media/content/wowproductimages/large/277579.jpg",
    "source_id": "Woolworths - 277579",
    "barcode": "9339687336012",
    "shop": "Woolworths",
    "weight": "100G",
    "prices": [
      {
        "state": "NSW",
        "price": "625",
        "price_per_unit": "139",
        "price_unit": "G"
      },
      {
        "state": "VIC",
        "price": "625",
        "price_per_unit": "139",
        "price_unit": "G"
      },
      {
        "state": "QLD",
        "price": "625",
        "price_per_unit": "139",
        "price_unit": "G"
      },
      {
        "state": "WA",
        "price": "625",
        "price_per_unit": "139",
        "price_unit": "G"
      },
      {
        "state": "SA",
        "price": "625",
        "price_per_unit": "139",
        "price_unit": "G"
      },
      {
        "state": "TAS",
        "price": "625",
        "price_per_unit": "139",
        "price_unit": "G"
      },
      {
        "state": "ACT",
        "price": "625",
        "price_per_unit": "139",
        "price_unit": "G"
      },
      {
        "state": "NT",
        "price": "625",
        "price_per_unit": "139",
        "price_unit": "G"
      }
    ]
  },
  {
    "source_url": "https://www.woolworths.com.au/shop/productdetails/581282/woolworths-multigrain-sandwich-hi-fibre-bread",
    "name": "Woolworths Multigrain Sandwich Hi-Fibre Bread 700g",
    "image_url": "https://cdn1.woolworths.media/content/wowproductimages/large/581282.jpg",
    "source_id": "Woolworths - 581282",
    "barcode": "9300633636937",
    "shop": "Woolworths",
    "weight": "100G",
    "prices": [
      {
        "state": "NSW",
        "price": "360",
        "price_per_unit": "51",
        "price_unit": "G"
      },
      {
        "state": "VIC",
        "price": "360",
        "price_per_unit": "51",
        "price_unit": "G"
      },
      {
        "state": "QLD",
        "price": "360",
        "price_per_unit": "51",
        "price_unit": "G"
      },
      {
        "state": "WA",
        "price": "360",
        "price_per_unit": "51",
        "price_unit": "G"
      },
      {
        "state": "SA",
        "price": "360",
        "price_per_unit": "51",
        "price_unit": "G"
      },
      {
        "state": "ACT",
        "price": "360",
        "price_per_unit": "51",
        "price_unit": "G"
      }
    ]
  },
  {
    "source_url": "https://www.woolworths.com.au/shop/productdetails/581178/woolworths-multigrain-soft-sandwich-bread",
    "name": "Woolworths Multigrain Soft Sandwich Bread 650g",
    "image_url": "https://cdn1.woolworths.media/content/wowproductimages/large/581178.jpg",
    "source_id": "Woolworths - 581178",
    "barcode": "9300633636890",
    "shop": "Woolworths",
    "weight": "100G",
    "prices": [
      {
        "state": "NSW",
        "price": "280",
        "price_per_unit": "43",
        "price_unit": "G"
      },
      {
        "state": "VIC",
        "price": "280",
        "price_per_unit": "43",
        "price_unit": "G"
      },
      {
        "state": "WA",
        "price": "280",
        "price_per_unit": "43",
        "price_unit": "G"
      },
      {
        "state": "SA",
        "price": "280",
        "price_per_unit": "43",
        "price_unit": "G"
      },
      {
        "state": "ACT",
        "price": "280",
        "price_per_unit": "43",
        "price_unit": "G"
      }
    ]
  },
  {
    "source_url": "https://www.woolworths.com.au/shop/productdetails/852257/woolworths-rustic-white-sourdough-loaf",
    "name": "Woolworths Rustic White Sourdough Loaf 500g",
    "image_url": "https://cdn1.woolworths.media/content/wowproductimages/large/852257.jpg",
    "source_id": "Woolworths - 852257",
    "barcode": "9339687087860",
    "shop": "Woolworths",
    "weight": "100G",
    "prices": [
      {
        "state": "NSW",
        "price": "430",
        "price_per_unit": "86",
        "price_unit": "G"
      },
      {
        "state": "VIC",
        "price": "430",
        "price_per_unit": "86",
        "price_unit": "G"
      },
      {
        "state": "QLD",
        "price": "430",
        "price_per_unit": "86",
        "price_unit": "G"
      },
      {
        "state": "SA",
        "price": "430",
        "price_per_unit": "86",
        "price_unit": "G"
      },
      {
        "state": "ACT",
        "price": "430",
        "price_per_unit": "86",
        "price_unit": "G"
      },
      {
        "state": "NT",
        "price": "430",
        "price_per_unit": "86",
        "price_unit": "G"
      }
    ]
  },
  {
    "source_url": "https://www.woolworths.com.au/shop/productdetails/140173/woolworths-soft-glazed-milk-buns",
    "name": "Woolworths Soft & Glazed Milk Buns 4 Pack",
    "image_url": "https://cdn1.woolworths.media/content/wowproductimages/large/140173.jpg",
    "source_id": "Woolworths - 140173",
    "barcode": "9339687227389",
    "shop": "Woolworths",
    "weight": "1EA",
    "prices": [
      {
        "state": "NSW",
        "price": "550",
        "price_per_unit": "138",
        "price_unit": "EA"
      },
      {
        "state": "VIC",
        "price": "550",
        "price_per_unit": "138",
        "price_unit": "EA"
      },
      {
        "state": "QLD",
        "price": "550",
        "price_per_unit": "138",
        "price_unit": "EA"
      },
      {
        "state": "WA",
        "price": "550",
        "price_per_unit": "138",
        "price_unit": "EA"
      },
      {
        "state": "SA",
        "price": "550",
        "price_per_unit": "138",
        "price_unit": "EA"
      },
      {
        "state": "TAS",
        "price": "550",
        "price_per_unit": "138",
        "price_unit": "EA"
      },
      {
        "state": "ACT",
        "price": "550",
        "price_per_unit": "138",
        "price_unit": "EA"
      }
    ]
  },
  {
    "source_url": "https://www.woolworths.com.au/shop/productdetails/277728/woolworths-white-sandwich-bread-loaf",
    "name": "Woolworths White Sandwich Bread Loaf 650g",
    "image_url": "https://cdn1.woolworths.media/content/wowproductimages/large/277728.jpg",
    "source_id": "Woolworths - 277728",
    "barcode": "9339687336265",
    "shop": "Woolworths",
    "weight": "100G",
    "prices": [
      {
        "state": "NSW",
        "price": "250",
        "price_per_unit": "38",
        "price_unit": "G"
      },
      {
        "state": "VIC",
        "price": "250",
        "price_per_unit": "38",
        "price_unit": "G"
      },
      {
        "state": "WA",
        "price": "250",
        "price_per_unit": "38",
        "price_unit": "G"
      },
      {
        "state": "SA",
        "price": "250",
        "price_per_unit": "38",
        "price_unit": "G"
      },
      {
        "state": "ACT",
        "price": "250",
        "price_per_unit": "38",
        "price_unit": "G"
      }
    ]
  },
  {
    "source_url": "https://www.woolworths.com.au/shop/productdetails/581280/woolworths-white-soft-hi-fibre-bread",
    "name": "Woolworths White Soft Hi-Fibre Bread 700g",
    "image_url": "https://cdn1.woolworths.media/content/wowproductimages/large/581280.jpg",
    "source_id": "Woolworths - 581280",
    "barcode": "9300633636913",
    "shop": "Woolworths",
    "weight": "100G",
    "prices": [
      {
        "state": "NSW",
        "price": "360",
        "price_per_unit": "51",
        "price_unit": "G"
      },
      {
        "state": "VIC",
        "price": "360",
        "price_per_unit": "51",
        "price_unit": "G"
      },
      {
        "state": "QLD",
        "price": "360",
        "price_per_unit": "51",
        "price_unit": "G"
      },
      {
        "state": "WA",
        "price": "360",
        "price_per_unit": "51",
        "price_unit": "G"
      },
      {
        "state": "SA",
        "price": "360",
        "price_per_unit": "51",
        "price_unit": "G"
      },
      {
        "state": "ACT",
        "price": "360",
        "price_per_unit": "51",
        "price_unit": "G"
      }
    ]
  },
  {
    "source_url": "https://www.woolworths.com.au/shop/productdetails/581172/woolworths-white-soft-sandwich-bread",
    "name": "Woolworths White Soft Sandwich Bread 650g",
    "image_url": "https://cdn1.woolworths.media/content/wowproductimages/large/581172.jpg",
    "source_id": "Woolworths - 581172",
    "barcode": "9300633636838",
    "shop": "Woolworths",
    "weight": "100G",
    "prices": [
      {
        "state": "NSW",
        "price": "280",
        "price_per_unit": "43",
        "price_unit": "G"
      },
      {
        "state": "VIC",
        "price": "280",
        "price_per_unit": "43",
        "price_unit": "G"
      },
      {
        "state": "WA",
        "price": "280",
        "price_per_unit": "43",
        "price_unit": "G"
      },
      {
        "state": "SA",
        "price": "280",
        "price_per_unit": "43",
        "price_unit": "G"
      },
      {
        "state": "TAS",
        "price": "280",
        "price_per_unit": "43",
        "price_unit": "G"
      },
      {
        "state": "ACT",
        "price": "280",
        "price_per_unit": "43",
        "price_unit": "G"
      }
    ]
  },
  {
    "source_url": "https://www.woolworths.com.au/shop/productdetails/581174/woolworths-white-soft-toast-bread",
    "name": "Woolworths White Soft Toast Bread 650g",
    "image_url": "https://cdn1.woolworths.media/content/wowproductimages/large/581174.jpg",
    "source_id": "Woolworths - 581174",
    "barcode": "9300633636852",
    "shop": "Woolworths",
    "weight": "100G",
    "prices": [
      {
        "state": "NSW",
        "price": "280",
        "price_per_unit": "43",
        "price_unit": "G"
      },
      {
        "state": "VIC",
        "price": "280",
        "price_per_unit": "43",
        "price_unit": "G"
      },
      {
        "state": "WA",
        "price": "280",
        "price_per_unit": "43",
        "price_unit": "G"
      },
      {
        "state": "SA",
        "price": "280",
        "price_per_unit": "43",
        "price_unit": "G"
      },
      {
        "state": "TAS",
        "price": "280",
        "price_per_unit": "43",
        "price_unit": "G"
      },
      {
        "state": "ACT",
        "price": "280",
        "price_per_unit": "43",
        "price_unit": "G"
      }
    ]
  },
  {
    "source_url": "https://www.woolworths.com.au/shop/productdetails/581281/woolworths-wholemeal-sandwich-hi-fibre-bread",
    "name": "Woolworths Wholemeal Sandwich Hi-Fibre Bread 700g",
    "image_url": "https://cdn1.woolworths.media/content/wowproductimages/large/581281.jpg",
    "source_id": "Woolworths - 581281",
    "barcode": "9300633636920",
    "shop": "Woolworths",
    "weight": "100G",
    "prices": [
      {
        "state": "NSW",
        "price": "360",
        "price_per_unit": "51",
        "price_unit": "G"
      },
      {
        "state": "VIC",
        "price": "360",
        "price_per_unit": "51",
        "price_unit": "G"
      },
      {
        "state": "QLD",
        "price": "360",
        "price_per_unit": "51",
        "price_unit": "G"
      },
      {
        "state": "WA",
        "price": "360",
        "price_per_unit": "51",
        "price_unit": "G"
      },
      {
        "state": "SA",
        "price": "360",
        "price_per_unit": "51",
        "price_unit": "G"
      },
      {
        "state": "ACT",
        "price": "360",
        "price_per_unit": "51",
        "price_unit": "G"
      }
    ]
  },
  {
    "source_url": "https://www.woolworths.com.au/shop/productdetails/581176/woolworths-wholemeal-soft-sandwich-bread",
    "name": "Woolworths Wholemeal Soft Sandwich Bread 650g",
    "image_url": "https://cdn1.woolworths.media/content/wowproductimages/large/581176.jpg",
    "source_id": "Woolworths - 581176",
    "barcode": "9300633636876",
    "shop": "Woolworths",
    "weight": "100G",
    "prices": [
      {
        "state": "NSW",
        "price": "280",
        "price_per_unit": "43",
        "price_unit": "G"
      },
      {
        "state": "VIC",
        "price": "280",
        "price_per_unit": "43",
        "price_unit": "G"
      },
      {
        "state": "WA",
        "price": "280",
        "price_per_unit": "43",
        "price_unit": "G"
      },
      {
        "state": "SA",
        "price": "280",
        "price_per_unit": "43",
        "price_unit": "G"
      },
      {
        "state": "TAS",
        "price": "280",
        "price_per_unit": "43",
        "price_unit": "G"
      },
      {
        "state": "ACT",
        "price": "280",
        "price_per_unit": "43",
        "price_unit": "G"
      }
    ]
  },
  {
    "source_url": "https://www.woolworths.com.au/shop/productdetails/535677/abbott-s-bakery-gluten-free-mixed-seeds-sandwich-slice-bread-loaf",
    "name": "Abbott's Bakery Gluten Free Mixed Seeds Sandwich Slice Bread Loaf 500g",
    "image_url": "https://cdn1.woolworths.media/content/wowproductimages/large/535677.jpg",
    "source_id": "Woolworths - 535677",
    "barcode": "9339423007046",
    "shop": "Woolworths",
    "weight": "100G",
    "prices": [
      {
        "state": "VIC",
        "price": "790",
        "price_per_unit": "158",
        "price_unit": "G"
      },
      {
        "state": "QLD",
        "price": "790",
        "price_per_unit": "158",
        "price_unit": "G"
      },
      {
        "state": "WA",
        "price": "790",
        "price_per_unit": "158",
        "price_unit": "G"
      },
      {
        "state": "SA",
        "price": "790",
        "price_per_unit": "158",
        "price_unit": "G"
      },
      {
        "state": "TAS",
        "price": "790",
        "price_per_unit": "158",
        "price_unit": "G"
      },
      {
        "state": "ACT",
        "price": "790",
        "price_per_unit": "158",
        "price_unit": "G"
      },
      {
        "state": "NT",
        "price": "790",
        "price_per_unit": "158",
        "price_unit": "G"
      }
    ]
  },
  {
    "source_url": "https://www.woolworths.com.au/shop/productdetails/164819/abbott-s-bakery-gluten-free-sourdough-grains-seeds-bread-slice-loaf",
    "name": "Abbott's Bakery Gluten Free Sourdough Grains & Seeds Bread Slice Loaf 500g",
    "image_url": "https://cdn1.woolworths.media/content/wowproductimages/large/164819.jpg",
    "source_id": "Woolworths - 164819",
    "barcode": "9339423009064",
    "shop": "Woolworths",
    "weight": "100G",
    "prices": [
      {
        "state": "VIC",
        "price": "840",
        "price_per_unit": "168",
        "price_unit": "G"
      },
      {
        "state": "QLD",
        "price": "840",
        "price_per_unit": "168",
        "price_unit": "G"
      },
      {
        "state": "WA",
        "price": "840",
        "price_per_unit": "168",
        "price_unit": "G"
      },
      {
        "state": "SA",
        "price": "840",
        "price_per_unit": "168",
        "price_unit": "G"
      },
      {
        "state": "TAS",
        "price": "840",
        "price_per_unit": "168",
        "price_unit": "G"
      },
      {
        "state": "ACT",
        "price": "840",
        "price_per_unit": "168",
        "price_unit": "G"
      },
      {
        "state": "NT",
        "price": "840",
        "price_per_unit": "168",
        "price_unit": "G"
      }
    ]
  },
  {
    "source_url": "https://www.woolworths.com.au/shop/productdetails/535646/abbott-s-bakery-gluten-free-soy-linseed-sandwich-slice-bread-loaf",
    "name": "Abbott's Bakery Gluten Free Soy & Linseed Sandwich Slice Bread Loaf 500g",
    "image_url": "https://cdn1.woolworths.media/content/wowproductimages/large/535646.jpg",
    "source_id": "Woolworths - 535646",
    "barcode": "9339423007053",
    "shop": "Woolworths",
    "weight": "100G",
    "prices": [
      {
        "state": "VIC",
        "price": "790",
        "price_per_unit": "158",
        "price_unit": "G"
      },
      {
        "state": "QLD",
        "price": "790",
        "price_per_unit": "158",
        "price_unit": "G"
      },
      {
        "state": "WA",
        "price": "790",
        "price_per_unit": "158",
        "price_unit": "G"
      },
      {
        "state": "SA",
        "price": "790",
        "price_per_unit": "158",
        "price_unit": "G"
      },
      {
        "state": "ACT",
        "price": "790",
        "price_per_unit": "158",
        "price_unit": "G"
      },
      {
        "state": "NT",
        "price": "790",
        "price_per_unit": "158",
        "price_unit": "G"
      }
    ]
  },
  {
    "source_url": "https://www.woolworths.com.au/shop/productdetails/318184/alpine-breads-bread-rolls-crusty-round",
    "name": "Alpine Breads Bread Rolls Crusty Round 6 Pack",
    "image_url": "https://cdn1.woolworths.media/content/wowproductimages/large/318184.jpg",
    "source_id": "Woolworths - 318184",
    "barcode": "9312743010163",
    "shop": "Woolworths",
    "weight": "1EA",
    "prices": [
      {
        "state": "VIC",
        "price": "595",
        "price_per_unit": "99",
        "price_unit": "EA"
      }
    ]
  },
  {
    "source_url": "https://www.woolworths.com.au/shop/productdetails/108399/alpine-breads-lower-carb-bread",
    "name": "Alpine Breads Lower Carb Bread 600g",
    "image_url": "https://cdn1.woolworths.media/content/wowproductimages/large/108399.jpg",
    "source_id": "Woolworths - 108399",
    "barcode": "9312743010675",
    "shop": "Woolworths",
    "weight": "100G",
    "prices": [
      {
        "state": "VIC",
        "price": "805",
        "price_per_unit": "134",
        "price_unit": "G"
      }
    ]
  },
  {
    "source_url": "https://www.woolworths.com.au/shop/productdetails/221033/alpine-breads-lower-carb-bread-wholemeal",
    "name": "Alpine Breads Lower Carb Bread Wholemeal 600g",
    "image_url": "https://cdn1.woolworths.media/content/wowproductimages/large/221033.jpg",
    "source_id": "Woolworths - 221033",
    "barcode": "9312743011122",
    "shop": "Woolworths",
    "weight": "100G",
    "prices": [
      {
        "state": "VIC",
        "price": "805",
        "price_per_unit": "134",
        "price_unit": "G"
      }
    ]
  },
  {
    "source_url": "https://www.woolworths.com.au/shop/productdetails/679317/alpine-breads-natural-sourdough-spelt-barley",
    "name": "Alpine Breads Natural Sourdough Spelt & Barley 640g",
    "image_url": "https://cdn1.woolworths.media/content/wowproductimages/large/679317.jpg",
    "source_id": "Woolworths - 679317",
    "barcode": "9312743010538",
    "shop": "Woolworths",
    "weight": "100G",
    "prices": [
      {
        "state": "VIC",
        "price": "710",
        "price_per_unit": "111",
        "price_unit": "G"
      }
    ]
  },
  {
    "source_url": "https://www.woolworths.com.au/shop/productdetails/679315/alpine-breads-spelt-sprouted-grains-bread",
    "name": "Alpine Breads Spelt & Sprouted Grains Bread 640g",
    "image_url": "https://cdn1.woolworths.media/content/wowproductimages/large/679315.jpg",
    "source_id": "Woolworths - 679315",
    "barcode": "9312743010521",
    "shop": "Woolworths",
    "weight": "100G",
    "prices": [
      {
        "state": "VIC",
        "price": "710",
        "price_per_unit": "111",
        "price_unit": "G"
      }
    ]
  },
  {
    "source_url": "https://www.woolworths.com.au/shop/productdetails/931428/alpine-breads-super-natural-protein-bread",
    "name": "Alpine Breads Super Natural Protein Bread 680g",
    "image_url": "https://cdn1.woolworths.media/content/wowproductimages/large/931428.jpg",
    "source_id": "Woolworths - 931428",
    "barcode": "9312743010378",
    "shop": "Woolworths",
    "weight": "100G",
    "prices": [
      {
        "state": "VIC",
        "price": "800",
        "price_per_unit": "118",
        "price_unit": "G"
      }
    ]
  },
  {
    "source_url": "https://www.woolworths.com.au/shop/productdetails/317586/edwards-sourdough-7-grain-sourdough",
    "name": "Edwards Sourdough 7 Grain Sourdough 680g",
    "image_url": "https://cdn1.woolworths.media/content/wowproductimages/large/317586.jpg",
    "source_id": "Woolworths - 317586",
    "barcode": "9331422000202",
    "shop": "Woolworths",
    "weight": "100G",
    "prices": [
      {
        "state": "VIC",
        "price": "875",
        "price_per_unit": "129",
        "price_unit": "G"
      }
    ]
  },
  {
    "source_url": "https://www.woolworths.com.au/shop/productdetails/57181/edwards-sourdough-dark-rye",
    "name": "Edwards Sourdough Dark Rye 680g",
    "image_url": "https://cdn1.woolworths.media/content/wowproductimages/large/057181.jpg",
    "source_id": "Woolworths - 57181",
    "barcode": "9331422000011",
    "shop": "Woolworths",
    "weight": "100G",
    "prices": [
      {
        "state": "VIC",
        "price": "875",
        "price_per_unit": "129",
        "price_unit": "G"
      }
    ]
  },
  {
    "source_url": "https://www.woolworths.com.au/shop/productdetails/108188/edwards-sourdough-fermented-sprouted-rye",
    "name": "Edwards Sourdough Fermented Sprouted Rye 680g",
    "image_url": "https://cdn1.woolworths.media/content/wowproductimages/large/108188.jpg",
    "source_id": "Woolworths - 108188",
    "barcode": "9331422000509",
    "shop": "Woolworths",
    "weight": "100G",
    "prices": [
      {
        "state": "VIC",
        "price": "875",
        "price_per_unit": "129",
        "price_unit": "G"
      }
    ]
  },
  {
    "source_url": "https://www.woolworths.com.au/shop/productdetails/317576/edwards-sourdough-light-rye-sourdough",
    "name": "Edwards Sourdough Light Rye 680g",
    "image_url": "https://cdn1.woolworths.media/content/wowproductimages/large/317576.jpg",
    "source_id": "Woolworths - 317576",
    "barcode": "9331422000066",
    "shop": "Woolworths",
    "weight": "100G",
    "prices": [
      {
        "state": "VIC",
        "price": "875",
        "price_per_unit": "129",
        "price_unit": "G"
      }
    ]
  },
  {
    "source_url": "https://www.woolworths.com.au/shop/productdetails/317584/edwards-sourdough-soy-linseed-rye-soy-linseed-rye",
    "name": "Edwards Sourdough Soy Linseed Rye Soy, Linseed & Rye 680g",
    "image_url": "https://cdn1.woolworths.media/content/wowproductimages/large/317584.jpg",
    "source_id": "Woolworths - 317584",
    "barcode": "9331422000189",
    "shop": "Woolworths",
    "weight": "100G",
    "prices": [
      {
        "state": "VIC",
        "price": "875",
        "price_per_unit": "129",
        "price_unit": "G"
      }
    ]
  },
  {
    "source_url": "https://www.woolworths.com.au/shop/productdetails/317570/edwards-sourdough-spelt-wholemeal-grain",
    "name": "Edwards Sourdough Spelt Wholemeal Grain 680g",
    "image_url": "https://cdn1.woolworths.media/content/wowproductimages/large/317570.jpg",
    "source_id": "Woolworths - 317570",
    "barcode": "9331422000097",
    "shop": "Woolworths",
    "weight": "100G",
    "prices": [
      {
        "state": "VIC",
        "price": "875",
        "price_per_unit": "129",
        "price_unit": "G"
      }
    ]
  },
  {
    "source_url": "https://www.woolworths.com.au/shop/productdetails/317573/edwards-sourdough-spelt-wholemeal-sourdough",
    "name": "Edwards Sourdough Spelt Wholemeal Sourdough 680g",
    "image_url": "https://cdn1.woolworths.media/content/wowproductimages/large/317573.jpg",
    "source_id": "Woolworths - 317573",
    "barcode": "9331422000226",
    "shop": "Woolworths",
    "weight": "100G",
    "prices": [
      {
        "state": "VIC",
        "price": "875",
        "price_per_unit": "129",
        "price_unit": "G"
      }
    ]
  },
  {
    "source_url": "https://www.woolworths.com.au/shop/productdetails/784291/tip-top-wholemeal-raisin-toast-fruit-bread-loaf-bakery",
    "name": "Tip Top Wholemeal Raisin Toast Fruit Bread Loaf Bakery 600g",
    "image_url": "https://cdn1.woolworths.media/content/wowproductimages/large/784291.jpg",
    "source_id": "Woolworths - 784291",
    "barcode": "9339423007992",
    "shop": "Woolworths",
    "weight": "100G",
    "prices": [
      {
        "state": "VIC",
        "price": "450",
        "price_per_unit": "75",
        "price_unit": "G"
      },
      {
        "state": "QLD",
        "price": "450",
        "price_per_unit": "75",
        "price_unit": "G"
      },
      {
        "state": "WA",
        "price": "450",
        "price_per_unit": "75",
        "price_unit": "G"
      },
      {
        "state": "SA",
        "price": "450",
        "price_per_unit": "75",
        "price_unit": "G"
      },
      {
        "state": "ACT",
        "price": "450",
        "price_per_unit": "75",
        "price_unit": "G"
      }
    ]
  },
  {
    "source_url": "https://www.woolworths.com.au/shop/productdetails/236078/wonder-soft-white-gluten-free",
    "name": "Wonder Soft White Gluten Free 470g",
    "image_url": "https://cdn1.woolworths.media/content/wowproductimages/large/236078.jpg",
    "source_id": "Woolworths - 236078",
    "barcode": "9310023145680",
    "shop": "Woolworths",
    "weight": "100G",
    "prices": [
      {
        "state": "VIC",
        "price": "700",
        "price_per_unit": "149",
        "price_unit": "G"
      },
      {
        "state": "QLD",
        "price": "700",
        "price_per_unit": "149",
        "price_unit": "G"
      },
      {
        "state": "SA",
        "price": "700",
        "price_per_unit": "149",
        "price_unit": "G"
      },
      {
        "state": "ACT",
        "price": "700",
        "price_per_unit": "149",
        "price_unit": "G"
      }
    ]
  },
  {
    "source_url": "https://www.woolworths.com.au/shop/productdetails/852258/woolworths-rustic-rye-sourdough-loaf",
    "name": "Woolworths Rustic Rye Sourdough Loaf 500g",
    "image_url": "https://cdn1.woolworths.media/content/wowproductimages/large/852258.jpg",
    "source_id": "Woolworths - 852258",
    "barcode": "9339687087877",
    "shop": "Woolworths",
    "weight": "100G",
    "prices": [
      {
        "state": "VIC",
        "price": "430",
        "price_per_unit": "86",
        "price_unit": "G"
      },
      {
        "state": "WA",
        "price": "430",
        "price_per_unit": "86",
        "price_unit": "G"
      },
      {
        "state": "SA",
        "price": "430",
        "price_per_unit": "86",
        "price_unit": "G"
      },
      {
        "state": "TAS",
        "price": "430",
        "price_per_unit": "86",
        "price_unit": "G"
      },
      {
        "state": "NT",
        "price": "430",
        "price_per_unit": "86",
        "price_unit": "G"
      }
    ]
  },
  {
    "source_url": "https://www.woolworths.com.au/shop/productdetails/346615/gold-coast-bakery-multi-grain-half-loaf",
    "name": "Gold Coast Bakery Multi Grain Half Loaf 400g",
    "image_url": "https://cdn1.woolworths.media/content/wowproductimages/large/346615.jpg",
    "source_id": "Woolworths - 346615",
    "barcode": "9310332004401",
    "shop": "Woolworths",
    "weight": "100G",
    "prices": [
      {
        "state": "QLD",
        "price": "240",
        "price_per_unit": "60",
        "price_unit": "G"
      }
    ]
  },
  {
    "source_url": "https://www.woolworths.com.au/shop/productdetails/346620/gold-coast-bakery-multi-grain-with-8-grains-family-loaf",
    "name": "Gold Coast Bakery Multi Grain With 8 Grains Family Loaf 800g",
    "image_url": "https://cdn1.woolworths.media/content/wowproductimages/large/346620.jpg",
    "source_id": "Woolworths - 346620",
    "barcode": "9310332003909",
    "shop": "Woolworths",
    "weight": "100G",
    "prices": [
      {
        "state": "QLD",
        "price": "380",
        "price_per_unit": "48",
        "price_unit": "G"
      }
    ]
  },
  {
    "source_url": "https://www.woolworths.com.au/shop/productdetails/346618/gold-coast-bakery-white-family-loaf-sliced",
    "name": "Gold Coast Bakery White Family Loaf Sliced 800g",
    "image_url": "https://cdn1.woolworths.media/content/wowproductimages/large/346618.jpg",
    "source_id": "Woolworths - 346618",
    "barcode": "9310332003602",
    "shop": "Woolworths",
    "weight": "100G",
    "prices": [
      {
        "state": "QLD",
        "price": "380",
        "price_per_unit": "48",
        "price_unit": "G"
      }
    ]
  },
  {
    "source_url": "https://www.woolworths.com.au/shop/productdetails/346612/gold-coast-bakery-white-sliced-half-loaf",
    "name": "Gold Coast Bakery White Sliced Half Loaf 400g",
    "image_url": "https://cdn1.woolworths.media/content/wowproductimages/large/346612.jpg",
    "source_id": "Woolworths - 346612",
    "barcode": "9310332004203",
    "shop": "Woolworths",
    "weight": "100G",
    "prices": [
      {
        "state": "QLD",
        "price": "240",
        "price_per_unit": "60",
        "price_unit": "G"
      }
    ]
  },
  {
    "source_url": "https://www.woolworths.com.au/shop/productdetails/346619/gold-coast-bakery-wholemeal-family-loaf-bread",
    "name": "Gold Coast Bakery Wholemeal Family Loaf Bread 800g",
    "image_url": "https://cdn1.woolworths.media/content/wowproductimages/large/346619.jpg",
    "source_id": "Woolworths - 346619",
    "barcode": "9310332003701",
    "shop": "Woolworths",
    "weight": "100G",
    "prices": [
      {
        "state": "QLD",
        "price": "380",
        "price_per_unit": "48",
        "price_unit": "G"
      }
    ]
  },
  {
    "source_url": "https://www.woolworths.com.au/shop/productdetails/346610/gold-coast-bakery-wholemeal-half-loaf-slice",
    "name": "Gold Coast Bakery Wholemeal Half Loaf Slice 400g",
    "image_url": "https://cdn1.woolworths.media/content/wowproductimages/large/346610.jpg",
    "source_id": "Woolworths - 346610",
    "barcode": "9310332004302",
    "shop": "Woolworths",
    "weight": "100G",
    "prices": [
      {
        "state": "QLD",
        "price": "240",
        "price_per_unit": "60",
        "price_unit": "G"
      }
    ]
  },
  {
    "source_url": "https://www.woolworths.com.au/shop/productdetails/814296/homestyle-bake-country-cafe-thick-white-sliced-bread",
    "name": "Homestyle Bake Country Cafe Thick White Sliced Bread 850g",
    "image_url": "https://cdn1.woolworths.media/content/wowproductimages/large/814296.jpg",
    "source_id": "Woolworths - 814296",
    "barcode": "9313968101193",
    "shop": "Woolworths",
    "weight": "100G",
    "prices": [
      {
        "state": "QLD",
        "price": "350",
        "price_per_unit": "41",
        "price_unit": "G"
      }
    ]
  },
  {
    "source_url": "https://www.woolworths.com.au/shop/productdetails/159524/mighty-soft-bread-white-sandwich",
    "name": "Mighty Soft Bread White Sandwich 700g",
    "image_url": "https://cdn1.woolworths.media/content/wowproductimages/large/159524.jpg",
    "source_id": "Woolworths - 159524",
    "barcode": "9310023134721",
    "shop": "Woolworths",
    "weight": "100G",
    "prices": [
      {
        "state": "QLD",
        "price": "390",
        "price_per_unit": "56",
        "price_unit": "G"
      },
      {
        "state": "TAS",
        "price": "320",
        "price_per_unit": "46",
        "price_unit": "G"
      }
    ]
  },
  {
    "source_url": "https://www.woolworths.com.au/shop/productdetails/162322/mighty-soft-wholemeal-large-slice",
    "name": "Mighty Soft Wholemeal Large Slice 700g",
    "image_url": "https://cdn1.woolworths.media/content/wowproductimages/large/162322.jpg",
    "source_id": "Woolworths - 162322",
    "barcode": "9310023134769",
    "shop": "Woolworths",
    "weight": "100G",
    "prices": [
      {
        "state": "QLD",
        "price": "390",
        "price_per_unit": "56",
        "price_unit": "G"
      },
      {
        "state": "TAS",
        "price": "320",
        "price_per_unit": "46",
        "price_unit": "G"
      }
    ]
  },
  {
    "source_url": "https://www.woolworths.com.au/shop/productdetails/254296/tip-top-sunblest-multi-grain-sandwich-slice-bread-loaf-bakery",
    "name": "Tip Top Sunblest Multi Grain Sandwich Slice Bread Loaf Bakery 700g",
    "image_url": "https://cdn1.woolworths.media/content/wowproductimages/large/254296.jpg",
    "source_id": "Woolworths - 254296",
    "barcode": "9310043009061",
    "shop": "Woolworths",
    "weight": "100G",
    "prices": [
      {
        "state": "QLD",
        "price": "410",
        "price_per_unit": "59",
        "price_unit": "G"
      }
    ]
  },
  {
    "source_url": "https://www.woolworths.com.au/shop/productdetails/249879/tip-top-sunblest-white-sandwich-bread",
    "name": "Tip Top Sunblest White Sandwich Bread 700G",
    "image_url": "https://cdn1.woolworths.media/content/wowproductimages/large/249879.jpg",
    "source_id": "Woolworths - 249879",
    "barcode": "9310043000006",
    "shop": "Woolworths",
    "weight": "100G",
    "prices": [
      {
        "state": "QLD",
        "price": "410",
        "price_per_unit": "59",
        "price_unit": "G"
      }
    ]
  },
  {
    "source_url": "https://www.woolworths.com.au/shop/productdetails/254298/tip-top-sunblest-white-thick-bread",
    "name": "Tip Top Sunblest White Thick Bread 700G",
    "image_url": "https://cdn1.woolworths.media/content/wowproductimages/large/254298.jpg",
    "source_id": "Woolworths - 254298",
    "barcode": "9310043009368",
    "shop": "Woolworths",
    "weight": "100G",
    "prices": [
      {
        "state": "QLD",
        "price": "410",
        "price_per_unit": "59",
        "price_unit": "G"
      }
    ]
  },
  {
    "source_url": "https://www.woolworths.com.au/shop/productdetails/254293/tip-top-sunblest-wholemeal-sandwich",
    "name": "Tip Top Sunblest Wholemeal Sandwich 700G",
    "image_url": "https://cdn1.woolworths.media/content/wowproductimages/large/254293.jpg",
    "source_id": "Woolworths - 254293",
    "barcode": "9310043009511",
    "shop": "Woolworths",
    "weight": "100G",
    "prices": [
      {
        "state": "QLD",
        "price": "410",
        "price_per_unit": "59",
        "price_unit": "G"
      }
    ]
  },
  {
    "source_url": "https://www.woolworths.com.au/shop/productdetails/581179/woolworths-multigrain-soft-sandwich-bread",
    "name": "Woolworths Multigrain Soft Sandwich Bread 700g",
    "image_url": "https://cdn1.woolworths.media/content/wowproductimages/large/581179.jpg",
    "source_id": "Woolworths - 581179",
    "barcode": "9300633636906",
    "shop": "Woolworths",
    "weight": "100G",
    "prices": [
      {
        "state": "QLD",
        "price": "280",
        "price_per_unit": "40",
        "price_unit": "G"
      }
    ]
  },
  {
    "source_url": "https://www.woolworths.com.au/shop/productdetails/277727/woolworths-white-sandwich-bread-loaf",
    "name": "Woolworths White Sandwich Bread Loaf 700g",
    "image_url": "https://cdn1.woolworths.media/content/wowproductimages/large/277727.jpg",
    "source_id": "Woolworths - 277727",
    "barcode": "9339687336258",
    "shop": "Woolworths",
    "weight": "100G",
    "prices": [
      {
        "state": "QLD",
        "price": "250",
        "price_per_unit": "36",
        "price_unit": "G"
      }
    ]
  },
  {
    "source_url": "https://www.woolworths.com.au/shop/productdetails/581173/woolworths-white-soft-sandwich-bread",
    "name": "Woolworths White Soft Sandwich Bread 700g",
    "image_url": "https://cdn1.woolworths.media/content/wowproductimages/large/581173.jpg",
    "source_id": "Woolworths - 581173",
    "barcode": "9300633636845",
    "shop": "Woolworths",
    "weight": "100G",
    "prices": [
      {
        "state": "QLD",
        "price": "280",
        "price_per_unit": "40",
        "price_unit": "G"
      }
    ]
  },
  {
    "source_url": "https://www.woolworths.com.au/shop/productdetails/581175/woolworths-white-soft-toast",
    "name": "Woolworths White Soft Toast 700g",
    "image_url": "https://cdn1.woolworths.media/content/wowproductimages/large/581175.jpg",
    "source_id": "Woolworths - 581175",
    "barcode": "9300633636869",
    "shop": "Woolworths",
    "weight": "100G",
    "prices": [
      {
        "state": "QLD",
        "price": "280",
        "price_per_unit": "40",
        "price_unit": "G"
      }
    ]
  },
  {
    "source_url": "https://www.woolworths.com.au/shop/productdetails/581177/woolworths-wholemeal-soft-sandwich-bread",
    "name": "Woolworths Wholemeal Soft Sandwich Bread 700g",
    "image_url": "https://cdn1.woolworths.media/content/wowproductimages/large/581177.jpg",
    "source_id": "Woolworths - 581177",
    "barcode": "9300633636883",
    "shop": "Woolworths",
    "weight": "100G",
    "prices": [
      {
        "state": "QLD",
        "price": "280",
        "price_per_unit": "40",
        "price_unit": "G"
      }
    ]
  },
  {
    "source_url": "https://www.woolworths.com.au/shop/productdetails/274794/le-maitre-boulanger-gourmet-brioche-burger-buns",
    "name": "Le Maitre Boulanger Gourmet Brioche Burger Buns 4 Pack",
    "image_url": "https://cdn1.woolworths.media/content/wowproductimages/large/274794.jpg",
    "source_id": "Woolworths - 274794",
    "barcode": "9369998088010",
    "shop": "Woolworths",
    "weight": "100G",
    "prices": [
      {
        "state": "WA",
        "price": "550",
        "price_per_unit": "220",
        "price_unit": "G"
      }
    ]
  },
  {
    "source_url": "https://www.woolworths.com.au/shop/productdetails/255085/mia-s-bakehouse-grain-wheat-soy-linseed",
    "name": "Mia's Bakehouse Grain Wheat, Soy & Linseed 750g",
    "image_url": "https://cdn1.woolworths.media/content/wowproductimages/large/255085.jpg",
    "source_id": "Woolworths - 255085",
    "barcode": "9311094003053",
    "shop": "Woolworths",
    "weight": "100G",
    "prices": [
      {
        "state": "WA",
        "price": "425",
        "price_per_unit": "57",
        "price_unit": "G"
      }
    ]
  },
  {
    "source_url": "https://www.woolworths.com.au/shop/productdetails/255088/mia-s-bakehouse-multi-grain-bread-preservative-free",
    "name": "Mia's Bakehouse Multi Grain Bread Preservative Free 750g",
    "image_url": "https://cdn1.woolworths.media/content/wowproductimages/large/255088.jpg",
    "source_id": "Woolworths - 255088",
    "barcode": "9311094003046",
    "shop": "Woolworths",
    "weight": "100G",
    "prices": [
      {
        "state": "WA",
        "price": "425",
        "price_per_unit": "57",
        "price_unit": "G"
      }
    ]
  },
  {
    "source_url": "https://www.woolworths.com.au/shop/productdetails/138394/mia-s-giant-white-toast-bread",
    "name": "Mia's Giant White Toast Bread 700g",
    "image_url": "https://cdn1.woolworths.media/content/wowproductimages/large/138394.jpg",
    "source_id": "Woolworths - 138394",
    "barcode": "9311094700211",
    "shop": "Woolworths",
    "weight": "100G",
    "prices": [
      {
        "state": "WA",
        "price": "410",
        "price_per_unit": "51",
        "price_unit": "G"
      }
    ]
  },
  {
    "source_url": "https://www.woolworths.com.au/shop/productdetails/138397/mia-s-giant-wholemeal-bread-sliced",
    "name": "Mia's Giant Wholemeal Bread Sliced 700g",
    "image_url": "https://cdn1.woolworths.media/content/wowproductimages/large/138397.jpg",
    "source_id": "Woolworths - 138397",
    "barcode": "9311094700112",
    "shop": "Woolworths",
    "weight": "100G",
    "prices": [
      {
        "state": "WA",
        "price": "410",
        "price_per_unit": "51",
        "price_unit": "G"
      }
    ]
  },
  {
    "source_url": "https://www.woolworths.com.au/shop/productdetails/169384/mia-s-low-carb-loaf",
    "name": "Mia's Low Carb Loaf 700g",
    "image_url": "https://cdn1.woolworths.media/content/wowproductimages/large/169384.jpg",
    "source_id": "Woolworths - 169384",
    "barcode": "9311094700419",
    "shop": "Woolworths",
    "weight": "100G",
    "prices": [
      {
        "state": "WA",
        "price": "475",
        "price_per_unit": "68",
        "price_unit": "G"
      }
    ]
  },
  {
    "source_url": "https://www.woolworths.com.au/shop/productdetails/138415/mia-s-multi-grain-sliced-bread",
    "name": "Mia's Multi Grain Sliced Bread 650g",
    "image_url": "https://cdn1.woolworths.media/content/wowproductimages/large/138415.jpg",
    "source_id": "Woolworths - 138415",
    "barcode": "9311094700044",
    "shop": "Woolworths",
    "weight": "100G",
    "prices": [
      {
        "state": "WA",
        "price": "400",
        "price_per_unit": "62",
        "price_unit": "G"
      }
    ]
  },
  {
    "source_url": "https://www.woolworths.com.au/shop/productdetails/180851/mia-s-wheatbelt-wholemeal-bread",
    "name": "Mia's Wheatbelt Wholemeal Bread 750g",
    "image_url": "https://cdn1.woolworths.media/content/wowproductimages/large/180851.jpg",
    "source_id": "Woolworths - 180851",
    "barcode": "9311094003022",
    "shop": "Woolworths",
    "weight": "100G",
    "prices": [
      {
        "state": "WA",
        "price": "425",
        "price_per_unit": "57",
        "price_unit": "G"
      }
    ]
  },
  {
    "source_url": "https://www.woolworths.com.au/shop/productdetails/138392/mia-s-white-bread-giant-sliced",
    "name": "Mia's White Bread Giant Sliced 700g",
    "image_url": "https://cdn1.woolworths.media/content/wowproductimages/large/138392.jpg",
    "source_id": "Woolworths - 138392",
    "barcode": "9311094700310",
    "shop": "Woolworths",
    "weight": "100G",
    "prices": [
      {
        "state": "WA",
        "price": "410",
        "price_per_unit": "51",
        "price_unit": "G"
      }
    ]
  },
  {
    "source_url": "https://www.woolworths.com.au/shop/productdetails/138424/mia-s-white-sandwich-bread",
    "name": "Mia's White Sandwich Bread 650g",
    "image_url": "https://cdn1.woolworths.media/content/wowproductimages/large/138424.jpg",
    "source_id": "Woolworths - 138424",
    "barcode": "9311094000014",
    "shop": "Woolworths",
    "weight": "100G",
    "prices": [
      {
        "state": "WA",
        "price": "400",
        "price_per_unit": "62",
        "price_unit": "G"
      }
    ]
  },
  {
    "source_url": "https://www.woolworths.com.au/shop/productdetails/138423/mia-s-white-thick-toast-bread",
    "name": "Mia's White Thick Toast Bread 650g",
    "image_url": "https://cdn1.woolworths.media/content/wowproductimages/large/138423.jpg",
    "source_id": "Woolworths - 138423",
    "barcode": "9311094000021",
    "shop": "Woolworths",
    "weight": "100G",
    "prices": [
      {
        "state": "WA",
        "price": "400",
        "price_per_unit": "62",
        "price_unit": "G"
      }
    ]
  },
  {
    "source_url": "https://www.woolworths.com.au/shop/productdetails/138422/mia-s-wholemeal-sandwich-bread-sliced",
    "name": "Mia's Wholemeal Sandwich Bread Sliced 650g",
    "image_url": "https://cdn1.woolworths.media/content/wowproductimages/large/138422.jpg",
    "source_id": "Woolworths - 138422",
    "barcode": "9311094000038",
    "shop": "Woolworths",
    "weight": "100G",
    "prices": [
      {
        "state": "WA",
        "price": "400",
        "price_per_unit": "62",
        "price_unit": "G"
      }
    ]
  },
  {
    "source_url": "https://www.woolworths.com.au/shop/productdetails/11000/tip-top-hamburger-white-bread-rolls-bbq-buns-bakery",
    "name": "Tip Top Hamburger White Bread Rolls BBQ Buns Bakery 12 pack",
    "image_url": "https://cdn1.woolworths.media/content/wowproductimages/large/011000.jpg",
    "source_id": "Woolworths - 11000",
    "barcode": "9310043001300",
    "shop": "Woolworths",
    "weight": "1EA",
    "prices": [
      {
        "state": "WA",
        "price": "780",
        "price_per_unit": "65",
        "price_unit": "EA"
      }
    ]
  },
  {
    "source_url": "https://www.woolworths.com.au/shop/productdetails/165219/tip-top-hamburger-white-bread-rolls-bbq-buns-bakery",
    "name": "Tip Top Hamburger White Bread Rolls BBQ Buns Bakery 6 pack",
    "image_url": "https://cdn1.woolworths.media/content/wowproductimages/large/165219.jpg",
    "source_id": "Woolworths - 165219",
    "barcode": "9310043005605",
    "shop": "Woolworths",
    "weight": "1EA",
    "prices": [
      {
        "state": "WA",
        "price": "400",
        "price_per_unit": "67",
        "price_unit": "EA"
      },
      {
        "state": "SA",
        "price": "400",
        "price_per_unit": "67",
        "price_unit": "EA"
      }
    ]
  },
  {
    "source_url": "https://www.woolworths.com.au/shop/productdetails/44759/tip-top-hot-dog-bread-rolls-bbq-bakery",
    "name": "Tip Top Hot Dog Bread Rolls BBQ Bakery 12 pack",
    "image_url": "https://cdn1.woolworths.media/content/wowproductimages/large/044759.jpg",
    "source_id": "Woolworths - 44759",
    "barcode": "9310043007326",
    "shop": "Woolworths",
    "weight": "1EA",
    "prices": [
      {
        "state": "WA",
        "price": "780",
        "price_per_unit": "65",
        "price_unit": "EA"
      }
    ]
  },
  {
    "source_url": "https://www.woolworths.com.au/shop/productdetails/165220/tip-top-hot-dog-bread-rolls-bbq-bakery",
    "name": "Tip Top Hot Dog Bread Rolls BBQ Bakery 6 pack",
    "image_url": "https://cdn1.woolworths.media/content/wowproductimages/large/165220.jpg",
    "source_id": "Woolworths - 165220",
    "barcode": "9310043005612",
    "shop": "Woolworths",
    "weight": "1EA",
    "prices": [
      {
        "state": "WA",
        "price": "400",
        "price_per_unit": "67",
        "price_unit": "EA"
      },
      {
        "state": "SA",
        "price": "400",
        "price_per_unit": "67",
        "price_unit": "EA"
      }
    ]
  },
  {
    "source_url": "https://www.woolworths.com.au/shop/productdetails/808558/brioche-gourmet-butter-loaf",
    "name": "Brioche Gourmet Butter Loaf 400g",
    "image_url": "https://cdn1.woolworths.media/content/wowproductimages/large/808558.jpg",
    "source_id": "Woolworths - 808558",
    "barcode": "3587220002924",
    "shop": "Woolworths",
    "weight": "100G",
    "prices": [
      {
        "state": "SA",
        "price": "880",
        "price_per_unit": "220",
        "price_unit": "G"
      },
      {
        "state": "NT",
        "price": "880",
        "price_per_unit": "220",
        "price_unit": "G"
      }
    ]
  },
  {
    "source_url": "https://www.woolworths.com.au/shop/productdetails/810288/brioche-gourmet-swirls-with-vanilla-cr-me",
    "name": "Brioche Gourmet Swirls With Vanilla Crème 6 Pack",
    "image_url": "https://cdn1.woolworths.media/content/wowproductimages/large/810288.jpg",
    "source_id": "Woolworths - 810288",
    "barcode": "3587220003211",
    "shop": "Woolworths",
    "weight": "100G",
    "prices": [
      {
        "state": "SA",
        "price": "650",
        "price_per_unit": "217",
        "price_unit": "G"
      },
      {
        "state": "TAS",
        "price": "650",
        "price_per_unit": "217",
        "price_unit": "G"
      },
      {
        "state": "NT",
        "price": "650",
        "price_per_unit": "217",
        "price_unit": "G"
      }
    ]
  },
  {
    "source_url": "https://www.woolworths.com.au/shop/productdetails/165218/tip-top-damper-rolls-bbq-bread-bakery",
    "name": "Tip Top Damper Rolls BBQ Bread Bakery 6 pack",
    "image_url": "https://cdn1.woolworths.media/content/wowproductimages/large/165218.jpg",
    "source_id": "Woolworths - 165218",
    "barcode": "9310043005629",
    "shop": "Woolworths",
    "weight": "1EA",
    "prices": [
      {
        "state": "SA",
        "price": "400",
        "price_per_unit": "67",
        "price_unit": "EA"
      }
    ]
  },
  {
    "source_url": "https://www.woolworths.com.au/shop/productdetails/237031/wonder-gluten-free-wholemeal-bread",
    "name": "Wonder Gluten Free Wholemeal Bread 500g",
    "image_url": "https://cdn1.woolworths.media/content/wowproductimages/large/237031.jpg",
    "source_id": "Woolworths - 237031",
    "barcode": "9310023145697",
    "shop": "Woolworths",
    "weight": "100G",
    "prices": [
      {
        "state": "SA",
        "price": "700",
        "price_per_unit": "140",
        "price_unit": "G"
      },
      {
        "state": "ACT",
        "price": "700",
        "price_per_unit": "140",
        "price_unit": "G"
      }
    ]
  },
  {
    "source_url": "https://www.woolworths.com.au/shop/productdetails/254941/cripps-bread-rolls-hot-dog",
    "name": "Cripps Bread Rolls Hot Dog 6 Pack",
    "image_url": "https://cdn1.woolworths.media/content/wowproductimages/large/254941.jpg",
    "source_id": "Woolworths - 254941",
    "barcode": "9323975102786",
    "shop": "Woolworths",
    "weight": "1EA",
    "prices": [
      {
        "state": "TAS",
        "price": "480",
        "price_per_unit": "80",
        "price_unit": "EA"
      }
    ]
  },
  {
    "source_url": "https://www.woolworths.com.au/shop/productdetails/254940/cripps-bread-rolls-lunch",
    "name": "Cripps Bread Rolls Lunch 6 Pack",
    "image_url": "https://cdn1.woolworths.media/content/wowproductimages/large/254940.jpg",
    "source_id": "Woolworths - 254940",
    "barcode": "9323975102793",
    "shop": "Woolworths",
    "weight": "1EA",
    "prices": [
      {
        "state": "TAS",
        "price": "480",
        "price_per_unit": "80",
        "price_unit": "EA"
      }
    ]
  },
  {
    "source_url": "https://www.woolworths.com.au/shop/productdetails/761602/cripps-knot-rolls",
    "name": "Cripps Knot Rolls 6 Pack",
    "image_url": "https://cdn1.woolworths.media/content/wowproductimages/large/761602.jpg",
    "source_id": "Woolworths - 761602",
    "barcode": "9323975105565",
    "shop": "Woolworths",
    "weight": "1EA",
    "prices": [
      {
        "state": "TAS",
        "price": "480",
        "price_per_unit": "80",
        "price_unit": "EA"
      }
    ]
  },
  {
    "source_url": "https://www.woolworths.com.au/shop/productdetails/222466/cripps-lower-carb-loaf-white-sandwich",
    "name": "Cripps Lower Carb Loaf White Sandwich 680g",
    "image_url": "https://cdn1.woolworths.media/content/wowproductimages/large/222466.jpg",
    "source_id": "Woolworths - 222466",
    "barcode": "9323975105886",
    "shop": "Woolworths",
    "weight": "100G",
    "prices": [
      {
        "state": "TAS",
        "price": "270",
        "price_per_unit": "40",
        "price_unit": "G"
      }
    ]
  },
  {
    "source_url": "https://www.woolworths.com.au/shop/productdetails/254936/cripps-master-9-grain-sandwich-bread",
    "name": "Cripps Master 9 Grain Sandwich Bread 680g",
    "image_url": "https://cdn1.woolworths.media/content/wowproductimages/large/254936.jpg",
    "source_id": "Woolworths - 254936",
    "barcode": "9323975107811",
    "shop": "Woolworths",
    "weight": "100G",
    "prices": [
      {
        "state": "TAS",
        "price": "300",
        "price_per_unit": "44",
        "price_unit": "G"
      }
    ]
  },
  {
    "source_url": "https://www.woolworths.com.au/shop/productdetails/254937/cripps-master-9-grain-toast-bread",
    "name": "Cripps Master 9 Grain Toast Bread 680g",
    "image_url": "https://cdn1.woolworths.media/content/wowproductimages/large/254937.jpg",
    "source_id": "Woolworths - 254937",
    "barcode": "9323975107828",
    "shop": "Woolworths",
    "weight": "100G",
    "prices": [
      {
        "state": "TAS",
        "price": "300",
        "price_per_unit": "44",
        "price_unit": "G"
      }
    ]
  },
  {
    "source_url": "https://www.woolworths.com.au/shop/productdetails/196584/cripps-master-multi-grain-bread",
    "name": "Cripps Master Multi Grain Bread 700g",
    "image_url": "https://cdn1.woolworths.media/content/wowproductimages/large/196584.jpg",
    "source_id": "Woolworths - 196584",
    "barcode": "9323975101789",
    "shop": "Woolworths",
    "weight": "100G",
    "prices": [
      {
        "state": "TAS",
        "price": "300",
        "price_per_unit": "43",
        "price_unit": "G"
      }
    ]
  },
  {
    "source_url": "https://www.woolworths.com.au/shop/productdetails/185315/cripps-master-wholemeal-sandwich-bread",
    "name": "Cripps Master Wholemeal Sandwich Bread 700g",
    "image_url": "https://cdn1.woolworths.media/content/wowproductimages/large/185315.jpg",
    "source_id": "Woolworths - 185315",
    "barcode": "9323975101611",
    "shop": "Woolworths",
    "weight": "100G",
    "prices": [
      {
        "state": "TAS",
        "price": "300",
        "price_per_unit": "43",
        "price_unit": "G"
      }
    ]
  },
  {
    "source_url": "https://www.woolworths.com.au/shop/productdetails/185316/cripps-master-wholemeal-toast-bread",
    "name": "Cripps Master Wholemeal Toast Bread 700g",
    "image_url": "https://cdn1.woolworths.media/content/wowproductimages/large/185316.jpg",
    "source_id": "Woolworths - 185316",
    "barcode": "9323975101628",
    "shop": "Woolworths",
    "weight": "100G",
    "prices": [
      {
        "state": "TAS",
        "price": "300",
        "price_per_unit": "43",
        "price_unit": "G"
      }
    ]
  },
  {
    "source_url": "https://www.woolworths.com.au/shop/productdetails/172525/cripps-nubake-master-white-loaf",
    "name": "Cripps Nubake Master White Loaf 700g",
    "image_url": "https://cdn1.woolworths.media/content/wowproductimages/large/172525.jpg",
    "source_id": "Woolworths - 172525",
    "barcode": "9323975101529",
    "shop": "Woolworths",
    "weight": "100G",
    "prices": [
      {
        "state": "TAS",
        "price": "300",
        "price_per_unit": "43",
        "price_unit": "G"
      }
    ]
  },
  {
    "source_url": "https://www.woolworths.com.au/shop/productdetails/172529/cripps-nubake-master-white-toast-bread",
    "name": "Cripps Nubake Master White Toast Bread 700g",
    "image_url": "https://cdn1.woolworths.media/content/wowproductimages/large/172529.jpg",
    "source_id": "Woolworths - 172529",
    "barcode": "9323975101536",
    "shop": "Woolworths",
    "weight": "100G",
    "prices": [
      {
        "state": "TAS",
        "price": "300",
        "price_per_unit": "43",
        "price_unit": "G"
      }
    ]
  },
  {
    "source_url": "https://www.woolworths.com.au/shop/productdetails/221780/cripps-william-s-lower-carb-rolls",
    "name": "Cripps William's Lower Carb Rolls 4pk",
    "image_url": "https://cdn1.woolworths.media/content/wowproductimages/large/221780.jpg",
    "source_id": "Woolworths - 221780",
    "barcode": "9323975105893",
    "shop": "Woolworths",
    "weight": "1EA",
    "prices": [
      {
        "state": "TAS",
        "price": "410",
        "price_per_unit": "103",
        "price_unit": "EA"
      }
    ]
  },
  {
    "source_url": "https://www.woolworths.com.au/shop/productdetails/221830/cripps-william-s-ploughman-roll",
    "name": "Cripps William's Ploughman Roll 4pk",
    "image_url": "https://cdn1.woolworths.media/content/wowproductimages/large/221830.jpg",
    "source_id": "Woolworths - 221830",
    "barcode": "9323975105909",
    "shop": "Woolworths",
    "weight": "1EA",
    "prices": [
      {
        "state": "TAS",
        "price": "380",
        "price_per_unit": "95",
        "price_unit": "EA"
      }
    ]
  },
  {
    "source_url": "https://www.woolworths.com.au/shop/productdetails/296218/eliza-s-bread-loaf-white",
    "name": "Eliza's Bread Loaf White 500g",
    "image_url": "https://cdn1.woolworths.media/content/wowproductimages/large/296218.jpg",
    "source_id": "Woolworths - 296218",
    "barcode": "9323975105923",
    "shop": "Woolworths",
    "weight": "100G",
    "prices": [
      {
        "state": "TAS",
        "price": "350",
        "price_per_unit": "70",
        "price_unit": "G"
      }
    ]
  },
  {
    "source_url": "https://www.woolworths.com.au/shop/productdetails/296217/eliza-s-bread-loaf-white-sourdough",
    "name": "Eliza's Bread Loaf White Sourdough 500g",
    "image_url": "https://cdn1.woolworths.media/content/wowproductimages/large/296217.jpg",
    "source_id": "Woolworths - 296217",
    "barcode": "9323975105930",
    "shop": "Woolworths",
    "weight": "100G",
    "prices": [
      {
        "state": "TAS",
        "price": "350",
        "price_per_unit": "70",
        "price_unit": "G"
      }
    ]
  },
  {
    "source_url": "https://www.woolworths.com.au/shop/productdetails/296811/eliza-s-bread-loaf-wholemeal-sourdough",
    "name": "Eliza's Bread Loaf Wholemeal Sourdough 500g",
    "image_url": "https://cdn1.woolworths.media/content/wowproductimages/large/296811.jpg",
    "source_id": "Woolworths - 296811",
    "barcode": "9323975105947",
    "shop": "Woolworths",
    "weight": "100G",
    "prices": [
      {
        "state": "TAS",
        "price": "350",
        "price_per_unit": "70",
        "price_unit": "G"
      }
    ]
  },
  {
    "source_url": "https://www.woolworths.com.au/shop/productdetails/169002/mighty-soft-multi-grain-large-slice",
    "name": "Mighty Soft Multi Grain Large Slice 700g",
    "image_url": "https://cdn1.woolworths.media/content/wowproductimages/large/169002.jpg",
    "source_id": "Woolworths - 169002",
    "barcode": "9310023134790",
    "shop": "Woolworths",
    "weight": "100G",
    "prices": [
      {
        "state": "TAS",
        "price": "320",
        "price_per_unit": "46",
        "price_unit": "G"
      }
    ]
  },
  {
    "source_url": "https://www.woolworths.com.au/shop/productdetails/159585/mighty-soft-white-large-slice-thick",
    "name": "Mighty Soft White Large Slice Thick 700g",
    "image_url": "https://cdn1.woolworths.media/content/wowproductimages/large/159585.jpg",
    "source_id": "Woolworths - 159585",
    "barcode": "9310023134738",
    "shop": "Woolworths",
    "weight": "100G",
    "prices": [
      {
        "state": "TAS",
        "price": "320",
        "price_per_unit": "46",
        "price_unit": "G"
      }
    ]
  },
  {
    "source_url": "https://www.woolworths.com.au/shop/productdetails/829724/william-s-harvest-grains-seeds-with-quinoa-sliced-bread",
    "name": "William's Harvest Grains & Seeds With Quinoa Sliced Bread 800G",
    "image_url": "https://cdn1.woolworths.media/content/wowproductimages/large/829724.jpg",
    "source_id": "Woolworths - 829724",
    "barcode": "9323975104803",
    "shop": "Woolworths",
    "weight": "100G",
    "prices": [
      {
        "state": "TAS",
        "price": "400",
        "price_per_unit": "50",
        "price_unit": "G"
      }
    ]
  },
  {
    "source_url": "https://www.woolworths.com.au/shop/productdetails/21211/william-s-original-sourdough",
    "name": "William's Original Sourdough 850G",
    "image_url": "https://cdn1.woolworths.media/content/wowproductimages/large/021211.jpg",
    "source_id": "Woolworths - 21211",
    "barcode": "9323975105619",
    "shop": "Woolworths",
    "weight": "100G",
    "prices": [
      {
        "state": "TAS",
        "price": "400",
        "price_per_unit": "47",
        "price_unit": "G"
      }
    ]
  },
  {
    "source_url": "https://www.woolworths.com.au/shop/productdetails/21173/william-s-sourdough-dark-rye-sourdough",
    "name": "William's Sourdough Dark Rye Sourdough 800G",
    "image_url": "https://cdn1.woolworths.media/content/wowproductimages/large/021173.jpg",
    "source_id": "Woolworths - 21173",
    "barcode": "9323975105633",
    "shop": "Woolworths",
    "weight": "100G",
    "prices": [
      {
        "state": "TAS",
        "price": "400",
        "price_per_unit": "50",
        "price_unit": "G"
      }
    ]
  },
  {
    "source_url": "https://www.woolworths.com.au/shop/productdetails/21184/william-s-tasmanian-rye-sourdough",
    "name": "William's Tasmanian Rye Sourdough 800G",
    "image_url": "https://cdn1.woolworths.media/content/wowproductimages/large/021184.jpg",
    "source_id": "Woolworths - 21184",
    "barcode": "9323975105626",
    "shop": "Woolworths",
    "weight": "100G",
    "prices": [
      {
        "state": "TAS",
        "price": "400",
        "price_per_unit": "50",
        "price_unit": "G"
      }
    ]
  },
  {
    "source_url": "https://www.woolworths.com.au/shop/productdetails/477636/william-s-wholemeal-sourdough-loaf-wholemeal",
    "name": "William's Wholemeal Sourdough Loaf Wholemeal 800g",
    "image_url": "https://cdn1.woolworths.media/content/wowproductimages/large/477636.jpg",
    "source_id": "Woolworths - 477636",
    "barcode": "9323975105251",
    "shop": "Woolworths",
    "weight": "100G",
    "prices": [
      {
        "state": "TAS",
        "price": "400",
        "price_per_unit": "50",
        "price_unit": "G"
      }
    ]
  },
  {
    "source_url": "https://www.woolworths.com.au/shop/productdetails/749950/woolworths-multigrain-hi-fibre-sandwich-bread",
    "name": "Woolworths Multigrain Hi-Fibre Sandwich Bread 700g",
    "image_url": "https://cdn1.woolworths.media/content/wowproductimages/large/749950.jpg",
    "source_id": "Woolworths - 749950",
    "barcode": "9300633389437",
    "shop": "Woolworths",
    "weight": "100G",
    "prices": [
      {
        "state": "TAS",
        "price": "360",
        "price_per_unit": "51",
        "price_unit": "G"
      }
    ]
  },
  {
    "source_url": "https://www.woolworths.com.au/shop/productdetails/749945/woolworths-white-hi-fibre-sandwich-bread",
    "name": "Woolworths White Hi-Fibre Sandwich Bread 700g",
    "image_url": "https://cdn1.woolworths.media/content/wowproductimages/large/749945.jpg",
    "source_id": "Woolworths - 749945",
    "barcode": "9300633389390",
    "shop": "Woolworths",
    "weight": "100G",
    "prices": [
      {
        "state": "TAS",
        "price": "360",
        "price_per_unit": "51",
        "price_unit": "G"
      }
    ]
  },
  {
    "source_url": "https://www.woolworths.com.au/shop/productdetails/277783/woolworths-white-sandwich-bread-loaf",
    "name": "Woolworths White Sandwich Bread Loaf 650g",
    "image_url": "https://cdn1.woolworths.media/content/wowproductimages/large/277783.jpg",
    "source_id": "Woolworths - 277783",
    "barcode": "9339687336289",
    "shop": "Woolworths",
    "weight": "100G",
    "prices": [
      {
        "state": "TAS",
        "price": "240",
        "price_per_unit": "37",
        "price_unit": "G"
      }
    ]
  },
  {
    "source_url": "https://www.woolworths.com.au/shop/productdetails/749947/woolworths-wholemeal-hi-fibre-sandwich-bread",
    "name": "Woolworths Wholemeal Hi-Fibre Sandwich Bread 700g",
    "image_url": "https://cdn1.woolworths.media/content/wowproductimages/large/749947.jpg",
    "source_id": "Woolworths - 749947",
    "barcode": "9300633389413",
    "shop": "Woolworths",
    "weight": "100G",
    "prices": []
  },
  {
    "source_url": "https://www.woolworths.com.au/shop/productdetails/170921/boundary-road-brioche-loaf-brioche-loaf",
    "name": "Boundary Road Boundary Road Brioche Loaf Brioche Loaf 500g",
    "image_url": "https://cdn1.woolworths.media/content/wowproductimages/large/170921.jpg",
    "source_id": "Woolworths - 170921",
    "barcode": "9329891001639",
    "shop": "Woolworths",
    "weight": "100G",
    "prices": [
      {
        "state": "ACT",
        "price": "750",
        "price_per_unit": "150",
        "price_unit": "G"
      }
    ]
  },
  {
    "source_url": "https://www.woolworths.com.au/shop/productdetails/688815/helga-s-gluten-free-traditional-white-loaf",
    "name": "Helga's Gluten Free Traditional White Loaf 470g",
    "image_url": "https://cdn1.woolworths.media/content/wowproductimages/large/688815.jpg",
    "source_id": "Woolworths - 688815",
    "barcode": "9310023143990",
    "shop": "Woolworths",
    "weight": "100G",
    "prices": [
      {
        "state": "ACT",
        "price": "780",
        "price_per_unit": "166",
        "price_unit": "G"
      }
    ]
  },
  {
    "source_url": "https://www.woolworths.com.au/shop/productdetails/632133/bush-oven-multigrain-outback-bread",
    "name": "Bush Oven Multigrain Outback Bread 700g",
    "image_url": "https://cdn1.woolworths.media/content/wowproductimages/large/632133.jpg",
    "source_id": "Woolworths - 632133",
    "barcode": "9310023139900",
    "shop": "Woolworths",
    "weight": "100G",
    "prices": [
      {
        "state": "NT",
        "price": "470",
        "price_per_unit": "67",
        "price_unit": "G"
      }
    ]
  },
  {
    "source_url": "https://www.woolworths.com.au/shop/productdetails/633628/bush-oven-white-outback-bread",
    "name": "Bush Oven White Outback Bread 700g",
    "image_url": "https://cdn1.woolworths.media/content/wowproductimages/large/633628.jpg",
    "source_id": "Woolworths - 633628",
    "barcode": "9310023139887",
    "shop": "Woolworths",
    "weight": "100G",
    "prices": [
      {
        "state": "NT",
        "price": "470",
        "price_per_unit": "67",
        "price_unit": "G"
      }
    ]
  },
  {
    "source_url": "https://www.woolworths.com.au/shop/productdetails/632128/bush-oven-wholemeal-outback-bread",
    "name": "Bush Oven Wholemeal Outback Bread 700g",
    "image_url": "https://cdn1.woolworths.media/content/wowproductimages/large/632128.jpg",
    "source_id": "Woolworths - 632128",
    "barcode": "9310023139894",
    "shop": "Woolworths",
    "weight": "100G",
    "prices": []
  },
  {
    "source_url": "https://www.woolworths.com.au/shop/productdetails/408570/essentials-fruit-toast",
    "name": "Essentials Fruit Toast 560g",
    "image_url": "https://cdn1.woolworths.media/content/wowproductimages/large/408570.jpg",
    "source_id": "Woolworths - 408570",
    "barcode": "9300633598983",
    "shop": "Woolworths",
    "weight": "100G",
    "prices": []
  },
  {
    "source_url": "https://www.woolworths.com.au/shop/productdetails/815096/genius-gluten-free-soft-white-rolls",
    "name": "Genius Gluten Free Soft White Rolls 2 Pack",
    "image_url": "https://cdn1.woolworths.media/content/wowproductimages/large/815096.jpg",
    "source_id": "Woolworths - 815096",
    "barcode": "5060195908890",
    "shop": "Woolworths",
    "weight": "100G",
    "prices": [
      {
        "state": "NT",
        "price": "375",
        "price_per_unit": "268",
        "price_unit": "G"
      }
    ]
  },
  {
    "source_url": "https://www.woolworths.com.au/shop/productdetails/166871/genius-stonebaked-pita-breads",
    "name": "Genius Stonebaked Pita Breads 3 Pack",
    "image_url": "https://cdn1.woolworths.media/content/wowproductimages/large/166871.jpg",
    "source_id": "Woolworths - 166871",
    "barcode": "5060195909682",
    "shop": "Woolworths",
    "weight": "100G",
    "prices": [
      {
        "state": "NT",
        "price": "475",
        "price_per_unit": "255",
        "price_unit": "G"
      }
    ]
  },
  {
    "source_url": "https://www.woolworths.com.au/shop/productdetails/684026/woolworths-multigrain-hi-fibre-bread",
    "name": "Woolworths Multigrain Hi-Fibre Bread 700g",
    "image_url": "https://cdn1.woolworths.media/content/wowproductimages/large/684026.jpg",
    "source_id": "Woolworths - 684026",
    "barcode": "9339687042920",
    "shop": "Woolworths",
    "weight": "100G",
    "prices": [
      {
        "state": "NT",
        "price": "360",
        "price_per_unit": "51",
        "price_unit": "G"
      }
    ]
  },
  {
    "source_url": "https://www.woolworths.com.au/shop/productdetails/684021/woolworths-soft-multigrain-sandwich-bread",
    "name": "Woolworths Soft Multigrain Sandwich Bread 650g",
    "image_url": "https://cdn1.woolworths.media/content/wowproductimages/large/684021.jpg",
    "source_id": "Woolworths - 684021",
    "barcode": "9339687042890",
    "shop": "Woolworths",
    "weight": "100G",
    "prices": [
      {
        "state": "NT",
        "price": "280",
        "price_per_unit": "43",
        "price_unit": "G"
      }
    ]
  },
  {
    "source_url": "https://www.woolworths.com.au/shop/productdetails/684002/woolworths-soft-white-sandwich-bread",
    "name": "Woolworths Soft White Sandwich Bread 650g",
    "image_url": "https://cdn1.woolworths.media/content/wowproductimages/large/684002.jpg",
    "source_id": "Woolworths - 684002",
    "barcode": "9339687042937",
    "shop": "Woolworths",
    "weight": "100G",
    "prices": [
      {
        "state": "NT",
        "price": "280",
        "price_per_unit": "43",
        "price_unit": "G"
      }
    ]
  },
  {
    "source_url": "https://www.woolworths.com.au/shop/productdetails/683949/woolworths-soft-white-toast-bread",
    "name": "Woolworths Soft White Toast Bread 650g",
    "image_url": "https://cdn1.woolworths.media/content/wowproductimages/large/683949.jpg",
    "source_id": "Woolworths - 683949",
    "barcode": "9339687042876",
    "shop": "Woolworths",
    "weight": "100G",
    "prices": [
      {
        "state": "NT",
        "price": "280",
        "price_per_unit": "43",
        "price_unit": "G"
      }
    ]
  },
  {
    "source_url": "https://www.woolworths.com.au/shop/productdetails/684020/woolworths-soft-wholemeal-sandwich-bread",
    "name": "Woolworths Soft Wholemeal Sandwich Bread 650g",
    "image_url": "https://cdn1.woolworths.media/content/wowproductimages/large/684020.jpg",
    "source_id": "Woolworths - 684020",
    "barcode": "9339687042883",
    "shop": "Woolworths",
    "weight": "100G",
    "prices": [
      {
        "state": "NT",
        "price": "280",
        "price_per_unit": "43",
        "price_unit": "G"
      }
    ]
  },
  {
    "source_url": "https://www.woolworths.com.au/shop/productdetails/684022/woolworths-white-hi-fibre-sandwich-bread",
    "name": "Woolworths White Hi Fibre Sandwich Bread 700g",
    "image_url": "https://cdn1.woolworths.media/content/wowproductimages/large/684022.jpg",
    "source_id": "Woolworths - 684022",
    "barcode": "9339687042906",
    "shop": "Woolworths",
    "weight": "100G",
    "prices": [
      {
        "state": "NT",
        "price": "360",
        "price_per_unit": "51",
        "price_unit": "G"
      }
    ]
  },
  {
    "source_url": "https://www.woolworths.com.au/shop/productdetails/277782/woolworths-white-sandwich-bread-loaf",
    "name": "Woolworths White Sandwich Bread Loaf 650g",
    "image_url": "https://cdn1.woolworths.media/content/wowproductimages/large/277782.jpg",
    "source_id": "Woolworths - 277782",
    "barcode": "9339687336272",
    "shop": "Woolworths",
    "weight": "100G",
    "prices": [
      {
        "state": "NT",
        "price": "250",
        "price_per_unit": "38",
        "price_unit": "G"
      }
    ]
  },
  {
    "source_url": "https://www.woolworths.com.au/shop/productdetails/684023/woolworths-wholemeal-hi-fibre-sandwich-bread",
    "name": "Woolworths Wholemeal Hi Fibre Sandwich Bread 700g",
    "image_url": "https://cdn1.woolworths.media/content/wowproductimages/large/684023.jpg",
    "source_id": "Woolworths - 684023",
    "barcode": "9339687042913",
    "shop": "Woolworths",
    "weight": "100G",
    "prices": [
      {
        "state": "NT",
        "price": "360",
        "price_per_unit": "51",
        "price_unit": "G"
      }
    ]
  }
]