[
  {
    "source_url": "https://www.woolworths.com.au/shop/productdetails/524913/classic-cauliflower-cheese-bake-family-meal",
    "name": "Classic Cauliflower Cheese Bake Family Meal 800g",
    "image_url": "https://cdn1.woolworths.media/content/wowproductimages/large/524913.jpg",
    "source_id": "Woolworths - 524913",
    "barcode": "781005646232",
    "shop": "Woolworths",
    "weight": "100G",
    "prices": [
      {
        "state": "NSW",
        "price": "1200",
        "price_per_unit": "150",
        "price_unit": "G"
      },
      {
        "state": "VIC",
        "price": "1200",
        "price_per_unit": "150",
        "price_unit": "G"
      },
      {
        "state": "QLD",
        "price": "1200",
        "price_per_unit": "150",
        "price_unit": "G"
      },
      {
        "state": "WA",
        "price": "1200",
        "price_per_unit": "150",
        "price_unit": "G"
      },
      {
        "state": "NSW",
        "price": "1200",
        "price_per_unit": "150",
        "price_unit": "G"
      },
      {
        "state": "NSW",
        "price": "1200",
        "price_per_unit": "150",
        "price_unit": "G"
      },
      {
        "state": "QLD",
        "price": "1200",
        "price_per_unit": "150",
        "price_unit": "G"
      },
      {
        "state": "QLD",
        "price": "1200",
        "price_per_unit": "150",
        "price_unit": "G"
      },
      {
        "state": "ACT",
        "price": "1200",
        "price_per_unit": "150",
        "price_unit": "G"
      },
      {
        "state": "ACT",
        "price": "1200",
        "price_per_unit": "150",
        "price_unit": "G"
      }
    ]
  },
  {
    "source_url": "https://www.woolworths.com.au/shop/productdetails/521127/sweet-potato-cauliflower-cheese-family-meal",
    "name": "Sweet Potato & Cauliflower Cheese Family Meal 800g",
    "image_url": "https://cdn1.woolworths.media/content/wowproductimages/large/521127.jpg",
    "source_id": "Woolworths - 521127",
    "barcode": "781005646270",
    "shop": "Woolworths",
    "weight": "100G",
    "prices": [
      {
        "state": "NSW",
        "price": "1200",
        "price_per_unit": "150",
        "price_unit": "G"
      },
      {
        "state": "NSW",
        "price": "1200",
        "price_per_unit": "150",
        "price_unit": "G"
      },
      {
        "state": "NSW",
        "price": "1200",
        "price_per_unit": "150",
        "price_unit": "G"
      }
    ]
  },
  {
    "source_url": "https://www.woolworths.com.au/shop/productdetails/828744/woolworths-classic-potato-mash",
    "name": "Woolworths Classic Potato Mash 475g",
    "image_url": "https://cdn1.woolworths.media/content/wowproductimages/large/828744.jpg",
    "source_id": "Woolworths - 828744",
    "barcode": "9300633716882",
    "shop": "Woolworths",
    "weight": "100G",
    "prices": [
      {
        "state": "NSW",
        "price": "700",
        "price_per_unit": "147",
        "price_unit": "G"
      },
      {
        "state": "VIC",
        "price": "700",
        "price_per_unit": "147",
        "price_unit": "G"
      },
      {
        "state": "QLD",
        "price": "700",
        "price_per_unit": "147",
        "price_unit": "G"
      },
      {
        "state": "WA",
        "price": "700",
        "price_per_unit": "147",
        "price_unit": "G"
      },
      {
        "state": "SA",
        "price": "700",
        "price_per_unit": "147",
        "price_unit": "G"
      },
      {
        "state": "TAS",
        "price": "700",
        "price_per_unit": "147",
        "price_unit": "G"
      },
      {
        "state": "ACT",
        "price": "700",
        "price_per_unit": "147",
        "price_unit": "G"
      },
      {
        "state": "NT",
        "price": "700",
        "price_per_unit": "147",
        "price_unit": "G"
      },
      {
        "state": "NSW",
        "price": "700",
        "price_per_unit": "147",
        "price_unit": "G"
      },
      {
        "state": "NSW",
        "price": "700",
        "price_per_unit": "147",
        "price_unit": "G"
      },
      {
        "state": "VIC",
        "price": "700",
        "price_per_unit": "147",
        "price_unit": "G"
      },
      {
        "state": "VIC",
        "price": "700",
        "price_per_unit": "147",
        "price_unit": "G"
      },
      {
        "state": "QLD",
        "price": "700",
        "price_per_unit": "147",
        "price_unit": "G"
      },
      {
        "state": "QLD",
        "price": "700",
        "price_per_unit": "147",
        "price_unit": "G"
      },
      {
        "state": "WA",
        "price": "700",
        "price_per_unit": "147",
        "price_unit": "G"
      },
      {
        "state": "WA",
        "price": "700",
        "price_per_unit": "147",
        "price_unit": "G"
      },
      {
        "state": "SA",
        "price": "700",
        "price_per_unit": "147",
        "price_unit": "G"
      },
      {
        "state": "SA",
        "price": "700",
        "price_per_unit": "147",
        "price_unit": "G"
      },
      {
        "state": "TAS",
        "price": "700",
        "price_per_unit": "147",
        "price_unit": "G"
      },
      {
        "state": "TAS",
        "price": "700",
        "price_per_unit": "147",
        "price_unit": "G"
      },
      {
        "state": "ACT",
        "price": "700",
        "price_per_unit": "147",
        "price_unit": "G"
      },
      {
        "state": "ACT",
        "price": "700",
        "price_per_unit": "147",
        "price_unit": "G"
      },
      {
        "state": "NT",
        "price": "700",
        "price_per_unit": "147",
        "price_unit": "G"
      },
      {
        "state": "NT",
        "price": "700",
        "price_per_unit": "147",
        "price_unit": "G"
      }
    ]
  },
  {
    "source_url": "https://www.woolworths.com.au/shop/productdetails/583617/woolworths-cook-cauliflower-broccoli-carrot-with-herb-butter",
    "name": "Woolworths Cook Cauliflower Broccoli & Carrot With Herb Butter 200g",
    "image_url": "https://cdn1.woolworths.media/content/wowproductimages/large/583617.jpg",
    "source_id": "Woolworths - 583617",
    "barcode": "9300633636586",
    "shop": "Woolworths",
    "weight": "1KG",
    "prices": [
      {
        "state": "NSW",
        "price": "500",
        "price_per_unit": "2500",
        "price_unit": "KG"
      },
      {
        "state": "VIC",
        "price": "500",
        "price_per_unit": "2500",
        "price_unit": "KG"
      },
      {
        "state": "QLD",
        "price": "500",
        "price_per_unit": "2500",
        "price_unit": "KG"
      },
      {
        "state": "WA",
        "price": "500",
        "price_per_unit": "2500",
        "price_unit": "KG"
      },
      {
        "state": "ACT",
        "price": "500",
        "price_per_unit": "2500",
        "price_unit": "KG"
      },
      {
        "state": "NSW",
        "price": "500",
        "price_per_unit": "2500",
        "price_unit": "KG"
      },
      {
        "state": "QLD",
        "price": "500",
        "price_per_unit": "2500",
        "price_unit": "KG"
      },
      {
        "state": "ACT",
        "price": "500",
        "price_per_unit": "2500",
        "price_unit": "KG"
      }
    ]
  },
  {
    "source_url": "https://www.woolworths.com.au/shop/productdetails/583615/woolworths-roast-mixed-vegetables-with-garlic-rosemary",
    "name": "Woolworths Roast Mixed Vegetables With Garlic & Rosemary 500G",
    "image_url": "https://cdn1.woolworths.media/content/wowproductimages/large/583615.jpg",
    "source_id": "Woolworths - 583615",
    "barcode": "9300633636555",
    "shop": "Woolworths",
    "weight": "1KG",
    "prices": [
      {
        "state": "NSW",
        "price": "500",
        "price_per_unit": "1000",
        "price_unit": "KG"
      },
      {
        "state": "VIC",
        "price": "500",
        "price_per_unit": "1000",
        "price_unit": "KG"
      },
      {
        "state": "QLD",
        "price": "500",
        "price_per_unit": "1000",
        "price_unit": "KG"
      },
      {
        "state": "WA",
        "price": "500",
        "price_per_unit": "1000",
        "price_unit": "KG"
      },
      {
        "state": "SA",
        "price": "500",
        "price_per_unit": "1000",
        "price_unit": "KG"
      },
      {
        "state": "ACT",
        "price": "550",
        "price_per_unit": "1100",
        "price_unit": "KG"
      },
      {
        "state": "NT",
        "price": "550",
        "price_per_unit": "1100",
        "price_unit": "KG"
      },
      {
        "state": "NSW",
        "price": "550",
        "price_per_unit": "1100",
        "price_unit": "KG"
      },
      {
        "state": "VIC",
        "price": "550",
        "price_per_unit": "1100",
        "price_unit": "KG"
      },
      {
        "state": "QLD",
        "price": "550",
        "price_per_unit": "1100",
        "price_unit": "KG"
      },
      {
        "state": "SA",
        "price": "550",
        "price_per_unit": "1100",
        "price_unit": "KG"
      },
      {
        "state": "ACT",
        "price": "550",
        "price_per_unit": "1100",
        "price_unit": "KG"
      },
      {
        "state": "NT",
        "price": "550",
        "price_per_unit": "1100",
        "price_unit": "KG"
      }
    ]
  },
  {
    "source_url": "https://www.woolworths.com.au/shop/productdetails/828746/woolworths-roasted-garlic-mash-null",
    "name": "Woolworths Roasted Garlic Mash 475g",
    "image_url": "https://cdn1.woolworths.media/content/wowproductimages/large/828746.jpg",
    "source_id": "Woolworths - 828746",
    "barcode": "9300633716905",
    "shop": "Woolworths",
    "weight": "100G",
    "prices": [
      {
        "state": "NSW",
        "price": "700",
        "price_per_unit": "147",
        "price_unit": "G"
      },
      {
        "state": "VIC",
        "price": "700",
        "price_per_unit": "147",
        "price_unit": "G"
      },
      {
        "state": "QLD",
        "price": "700",
        "price_per_unit": "147",
        "price_unit": "G"
      },
      {
        "state": "WA",
        "price": "700",
        "price_per_unit": "147",
        "price_unit": "G"
      },
      {
        "state": "SA",
        "price": "700",
        "price_per_unit": "147",
        "price_unit": "G"
      },
      {
        "state": "TAS",
        "price": "700",
        "price_per_unit": "147",
        "price_unit": "G"
      },
      {
        "state": "ACT",
        "price": "700",
        "price_per_unit": "147",
        "price_unit": "G"
      },
      {
        "state": "NT",
        "price": "700",
        "price_per_unit": "147",
        "price_unit": "G"
      },
      {
        "state": "NSW",
        "price": "700",
        "price_per_unit": "147",
        "price_unit": "G"
      },
      {
        "state": "NSW",
        "price": "700",
        "price_per_unit": "147",
        "price_unit": "G"
      },
      {
        "state": "VIC",
        "price": "700",
        "price_per_unit": "147",
        "price_unit": "G"
      },
      {
        "state": "VIC",
        "price": "700",
        "price_per_unit": "147",
        "price_unit": "G"
      },
      {
        "state": "QLD",
        "price": "700",
        "price_per_unit": "147",
        "price_unit": "G"
      },
      {
        "state": "QLD",
        "price": "700",
        "price_per_unit": "147",
        "price_unit": "G"
      },
      {
        "state": "WA",
        "price": "700",
        "price_per_unit": "147",
        "price_unit": "G"
      },
      {
        "state": "WA",
        "price": "700",
        "price_per_unit": "147",
        "price_unit": "G"
      },
      {
        "state": "SA",
        "price": "700",
        "price_per_unit": "147",
        "price_unit": "G"
      },
      {
        "state": "SA",
        "price": "700",
        "price_per_unit": "147",
        "price_unit": "G"
      },
      {
        "state": "TAS",
        "price": "700",
        "price_per_unit": "147",
        "price_unit": "G"
      },
      {
        "state": "TAS",
        "price": "700",
        "price_per_unit": "147",
        "price_unit": "G"
      },
      {
        "state": "ACT",
        "price": "700",
        "price_per_unit": "147",
        "price_unit": "G"
      },
      {
        "state": "ACT",
        "price": "700",
        "price_per_unit": "147",
        "price_unit": "G"
      },
      {
        "state": "NT",
        "price": "700",
        "price_per_unit": "147",
        "price_unit": "G"
      },
      {
        "state": "NT",
        "price": "700",
        "price_per_unit": "147",
        "price_unit": "G"
      }
    ]
  },
  {
    "source_url": "https://www.woolworths.com.au/shop/productdetails/674323/woolworths-sweet-potato-mash-null",
    "name": "Woolworths Sweet Potato Mash 475g",
    "image_url": "https://cdn1.woolworths.media/content/wowproductimages/large/674323.jpg",
    "source_id": "Woolworths - 674323",
    "barcode": "9339687029006",
    "shop": "Woolworths",
    "weight": "100G",
    "prices": [
      {
        "state": "NSW",
        "price": "700",
        "price_per_unit": "147",
        "price_unit": "G"
      },
      {
        "state": "VIC",
        "price": "700",
        "price_per_unit": "147",
        "price_unit": "G"
      },
      {
        "state": "QLD",
        "price": "700",
        "price_per_unit": "147",
        "price_unit": "G"
      },
      {
        "state": "WA",
        "price": "700",
        "price_per_unit": "147",
        "price_unit": "G"
      },
      {
        "state": "SA",
        "price": "700",
        "price_per_unit": "147",
        "price_unit": "G"
      },
      {
        "state": "ACT",
        "price": "700",
        "price_per_unit": "147",
        "price_unit": "G"
      },
      {
        "state": "NT",
        "price": "700",
        "price_per_unit": "147",
        "price_unit": "G"
      },
      {
        "state": "NSW",
        "price": "700",
        "price_per_unit": "147",
        "price_unit": "G"
      },
      {
        "state": "NSW",
        "price": "700",
        "price_per_unit": "147",
        "price_unit": "G"
      },
      {
        "state": "QLD",
        "price": "700",
        "price_per_unit": "147",
        "price_unit": "G"
      },
      {
        "state": "QLD",
        "price": "700",
        "price_per_unit": "147",
        "price_unit": "G"
      },
      {
        "state": "WA",
        "price": "700",
        "price_per_unit": "147",
        "price_unit": "G"
      },
      {
        "state": "WA",
        "price": "700",
        "price_per_unit": "147",
        "price_unit": "G"
      },
      {
        "state": "SA",
        "price": "700",
        "price_per_unit": "147",
        "price_unit": "G"
      },
      {
        "state": "SA",
        "price": "700",
        "price_per_unit": "147",
        "price_unit": "G"
      },
      {
        "state": "ACT",
        "price": "700",
        "price_per_unit": "147",
        "price_unit": "G"
      },
      {
        "state": "ACT",
        "price": "700",
        "price_per_unit": "147",
        "price_unit": "G"
      },
      {
        "state": "NT",
        "price": "700",
        "price_per_unit": "147",
        "price_unit": "G"
      },
      {
        "state": "NT",
        "price": "700",
        "price_per_unit": "147",
        "price_unit": "G"
      }
    ]
  },
  {
    "source_url": "https://www.woolworths.com.au/shop/productdetails/581054/home-chef-quiche-lorraine-chilled-meal",
    "name": "Home Chef Quiche Lorraine Chilled Meal 200g",
    "image_url": "https://cdn1.woolworths.media/content/wowproductimages/large/581054.jpg",
    "source_id": "Woolworths - 581054",
    "barcode": "9323062002708",
    "shop": "Woolworths",
    "weight": "100G",
    "prices": [
      {
        "state": "NSW",
        "price": "500",
        "price_per_unit": "250",
        "price_unit": "G"
      },
      {
        "state": "NSW",
        "price": "500",
        "price_per_unit": "250",
        "price_unit": "G"
      },
      {
        "state": "NSW",
        "price": "500",
        "price_per_unit": "250",
        "price_unit": "G"
      },
      {
        "state": "VIC",
        "price": "500",
        "price_per_unit": "250",
        "price_unit": "G"
      },
      {
        "state": "VIC",
        "price": "500",
        "price_per_unit": "250",
        "price_unit": "G"
      },
      {
        "state": "VIC",
        "price": "500",
        "price_per_unit": "250",
        "price_unit": "G"
      },
      {
        "state": "SA",
        "price": "500",
        "price_per_unit": "250",
        "price_unit": "G"
      },
      {
        "state": "SA",
        "price": "500",
        "price_per_unit": "250",
        "price_unit": "G"
      },
      {
        "state": "SA",
        "price": "500",
        "price_per_unit": "250",
        "price_unit": "G"
      },
      {
        "state": "TAS",
        "price": "500",
        "price_per_unit": "250",
        "price_unit": "G"
      },
      {
        "state": "TAS",
        "price": "500",
        "price_per_unit": "250",
        "price_unit": "G"
      },
      {
        "state": "TAS",
        "price": "500",
        "price_per_unit": "250",
        "price_unit": "G"
      },
      {
        "state": "ACT",
        "price": "500",
        "price_per_unit": "250",
        "price_unit": "G"
      },
      {
        "state": "ACT",
        "price": "500",
        "price_per_unit": "250",
        "price_unit": "G"
      },
      {
        "state": "ACT",
        "price": "500",
        "price_per_unit": "250",
        "price_unit": "G"
      },
      {
        "state": "NT",
        "price": "500",
        "price_per_unit": "250",
        "price_unit": "G"
      },
      {
        "state": "NT",
        "price": "500",
        "price_per_unit": "250",
        "price_unit": "G"
      },
      {
        "state": "NT",
        "price": "500",
        "price_per_unit": "250",
        "price_unit": "G"
      }
    ]
  },
  {
    "source_url": "https://www.woolworths.com.au/shop/productdetails/948485/home-chef-quiche-lorraine-chilled-meal",
    "name": "Home Chef Quiche Lorraine Chilled Meal 700g",
    "image_url": "https://cdn1.woolworths.media/content/wowproductimages/large/948485.jpg",
    "source_id": "Woolworths - 948485",
    "barcode": "9323062002364",
    "shop": "Woolworths",
    "weight": "100G",
    "prices": [
      {
        "state": "NSW",
        "price": "1050",
        "price_per_unit": "150",
        "price_unit": "G"
      },
      {
        "state": "NSW",
        "price": "1050",
        "price_per_unit": "150",
        "price_unit": "G"
      },
      {
        "state": "NSW",
        "price": "1050",
        "price_per_unit": "150",
        "price_unit": "G"
      },
      {
        "state": "WA",
        "price": "1050",
        "price_per_unit": "150",
        "price_unit": "G"
      },
      {
        "state": "WA",
        "price": "1050",
        "price_per_unit": "150",
        "price_unit": "G"
      },
      {
        "state": "WA",
        "price": "1050",
        "price_per_unit": "150",
        "price_unit": "G"
      },
      {
        "state": "SA",
        "price": "1050",
        "price_per_unit": "150",
        "price_unit": "G"
      },
      {
        "state": "SA",
        "price": "1050",
        "price_per_unit": "150",
        "price_unit": "G"
      },
      {
        "state": "SA",
        "price": "1050",
        "price_per_unit": "150",
        "price_unit": "G"
      },
      {
        "state": "TAS",
        "price": "1050",
        "price_per_unit": "150",
        "price_unit": "G"
      },
      {
        "state": "TAS",
        "price": "1050",
        "price_per_unit": "150",
        "price_unit": "G"
      },
      {
        "state": "TAS",
        "price": "1050",
        "price_per_unit": "150",
        "price_unit": "G"
      },
      {
        "state": "ACT",
        "price": "1050",
        "price_per_unit": "150",
        "price_unit": "G"
      },
      {
        "state": "ACT",
        "price": "1050",
        "price_per_unit": "150",
        "price_unit": "G"
      },
      {
        "state": "ACT",
        "price": "1050",
        "price_per_unit": "150",
        "price_unit": "G"
      },
      {
        "state": "NT",
        "price": "1050",
        "price_per_unit": "150",
        "price_unit": "G"
      },
      {
        "state": "NT",
        "price": "1050",
        "price_per_unit": "150",
        "price_unit": "G"
      },
      {
        "state": "NT",
        "price": "1050",
        "price_per_unit": "150",
        "price_unit": "G"
      }
    ]
  },
  {
    "source_url": "https://www.woolworths.com.au/shop/productdetails/763317/home-chef-quiche-spinach-feta-chilled-meal",
    "name": "Home Chef Quiche Spinach & Feta Chilled Meal 700g",
    "image_url": "https://cdn1.woolworths.media/content/wowproductimages/large/763317.jpg",
    "source_id": "Woolworths - 763317",
    "barcode": "9323062003224",
    "shop": "Woolworths",
    "weight": "100G",
    "prices": [
      {
        "state": "NSW",
        "price": "1050",
        "price_per_unit": "150",
        "price_unit": "G"
      },
      {
        "state": "NSW",
        "price": "1050",
        "price_per_unit": "150",
        "price_unit": "G"
      },
      {
        "state": "NSW",
        "price": "1050",
        "price_per_unit": "150",
        "price_unit": "G"
      },
      {
        "state": "WA",
        "price": "1050",
        "price_per_unit": "150",
        "price_unit": "G"
      },
      {
        "state": "WA",
        "price": "1050",
        "price_per_unit": "150",
        "price_unit": "G"
      },
      {
        "state": "WA",
        "price": "1050",
        "price_per_unit": "150",
        "price_unit": "G"
      },
      {
        "state": "SA",
        "price": "1050",
        "price_per_unit": "150",
        "price_unit": "G"
      },
      {
        "state": "SA",
        "price": "1050",
        "price_per_unit": "150",
        "price_unit": "G"
      },
      {
        "state": "SA",
        "price": "1050",
        "price_per_unit": "150",
        "price_unit": "G"
      },
      {
        "state": "TAS",
        "price": "1050",
        "price_per_unit": "150",
        "price_unit": "G"
      },
      {
        "state": "TAS",
        "price": "1050",
        "price_per_unit": "150",
        "price_unit": "G"
      },
      {
        "state": "TAS",
        "price": "1050",
        "price_per_unit": "150",
        "price_unit": "G"
      },
      {
        "state": "ACT",
        "price": "1050",
        "price_per_unit": "150",
        "price_unit": "G"
      },
      {
        "state": "ACT",
        "price": "1050",
        "price_per_unit": "150",
        "price_unit": "G"
      },
      {
        "state": "ACT",
        "price": "1050",
        "price_per_unit": "150",
        "price_unit": "G"
      },
      {
        "state": "NT",
        "price": "1050",
        "price_per_unit": "150",
        "price_unit": "G"
      },
      {
        "state": "NT",
        "price": "1050",
        "price_per_unit": "150",
        "price_unit": "G"
      },
      {
        "state": "NT",
        "price": "1050",
        "price_per_unit": "150",
        "price_unit": "G"
      }
    ]
  },
  {
    "source_url": "https://www.woolworths.com.au/shop/productdetails/581055/home-chef-spinach-feta-quiche-chilled-meal",
    "name": "Home Chef Spinach & Feta Quiche Chilled Meal 200g",
    "image_url": "https://cdn1.woolworths.media/content/wowproductimages/large/581055.jpg",
    "source_id": "Woolworths - 581055",
    "barcode": "9300633636807",
    "shop": "Woolworths",
    "weight": "100G",
    "prices": [
      {
        "state": "NSW",
        "price": "500",
        "price_per_unit": "250",
        "price_unit": "G"
      },
      {
        "state": "NSW",
        "price": "500",
        "price_per_unit": "250",
        "price_unit": "G"
      },
      {
        "state": "NSW",
        "price": "500",
        "price_per_unit": "250",
        "price_unit": "G"
      },
      {
        "state": "VIC",
        "price": "500",
        "price_per_unit": "250",
        "price_unit": "G"
      },
      {
        "state": "VIC",
        "price": "500",
        "price_per_unit": "250",
        "price_unit": "G"
      },
      {
        "state": "VIC",
        "price": "500",
        "price_per_unit": "250",
        "price_unit": "G"
      },
      {
        "state": "SA",
        "price": "500",
        "price_per_unit": "250",
        "price_unit": "G"
      },
      {
        "state": "SA",
        "price": "500",
        "price_per_unit": "250",
        "price_unit": "G"
      },
      {
        "state": "SA",
        "price": "500",
        "price_per_unit": "250",
        "price_unit": "G"
      },
      {
        "state": "TAS",
        "price": "500",
        "price_per_unit": "250",
        "price_unit": "G"
      },
      {
        "state": "TAS",
        "price": "500",
        "price_per_unit": "250",
        "price_unit": "G"
      },
      {
        "state": "TAS",
        "price": "500",
        "price_per_unit": "250",
        "price_unit": "G"
      },
      {
        "state": "NT",
        "price": "500",
        "price_per_unit": "250",
        "price_unit": "G"
      },
      {
        "state": "NT",
        "price": "500",
        "price_per_unit": "250",
        "price_unit": "G"
      },
      {
        "state": "NT",
        "price": "500",
        "price_per_unit": "250",
        "price_unit": "G"
      }
    ]
  },
  {
    "source_url": "https://www.woolworths.com.au/shop/productdetails/506581/chicken-parmigiana-with-mash-veg-family-meal",
    "name": "Chicken Parmigiana With Mash & Veg Family Meal 1.6kg",
    "image_url": "https://cdn1.woolworths.media/content/wowproductimages/large/506581.jpg",
    "source_id": "Woolworths - 506581",
    "barcode": "781005646126",
    "shop": "Woolworths",
    "weight": "100G",
    "prices": [
      null,
      {
        "state": "ACT",
        "price": "2500",
        "price_per_unit": "156",
        "price_unit": "G"
      },
      {
        "state": "ACT",
        "price": "2500",
        "price_per_unit": "156",
        "price_unit": "G"
      }
    ]
  },
  {
    "source_url": "https://www.woolworths.com.au/shop/productdetails/524935/chicken-schnitzel-mash-family-meal",
    "name": "Chicken Schnitzel & Mash Family Meal 1.6kg",
    "image_url": "https://cdn1.woolworths.media/content/wowproductimages/large/524935.jpg",
    "source_id": "Woolworths - 524935",
    "barcode": "781005646119",
    "shop": "Woolworths",
    "weight": "100G",
    "prices": [
      {
        "state": "NSW",
        "price": "2500",
        "price_per_unit": "156",
        "price_unit": "G"
      },
      {
        "state": "NSW",
        "price": "2500",
        "price_per_unit": "156",
        "price_unit": "G"
      }
    ]
  },
  {
    "source_url": "https://www.woolworths.com.au/shop/productdetails/907859/crispy-chicken-katsu-curry-with-rice",
    "name": "Crispy Chicken Katsu Curry With Rice 800g",
    "image_url": "https://cdn1.woolworths.media/content/wowproductimages/large/907859.jpg",
    "source_id": "Woolworths - 907859",
    "barcode": "781005646409",
    "shop": "Woolworths",
    "weight": "100G",
    "prices": [
      {
        "state": "NSW",
        "price": "2000",
        "price_per_unit": "250",
        "price_unit": "G"
      },
      {
        "state": "NSW",
        "price": "2000",
        "price_per_unit": "250",
        "price_unit": "G"
      },
      {
        "state": "QLD",
        "price": "2000",
        "price_per_unit": "250",
        "price_unit": "G"
      },
      {
        "state": "QLD",
        "price": "2000",
        "price_per_unit": "250",
        "price_unit": "G"
      },
      {
        "state": "ACT",
        "price": "2000",
        "price_per_unit": "250",
        "price_unit": "G"
      },
      {
        "state": "ACT",
        "price": "2000",
        "price_per_unit": "250",
        "price_unit": "G"
      }
    ]
  },
  {
    "source_url": "https://www.woolworths.com.au/shop/productdetails/277146/easy-eats-beef-stroganoff-pasta-beef-stroganoff-pasta",
    "name": "Easy Eats Beef Stroganoff Pasta 350g",
    "image_url": "https://cdn1.woolworths.media/content/wowproductimages/large/277146.jpg",
    "source_id": "Woolworths - 277146",
    "barcode": "793618109837",
    "shop": "Woolworths",
    "weight": "100G",
    "prices": [
      {
        "state": "NSW",
        "price": "900",
        "price_per_unit": "257",
        "price_unit": "G"
      },
      {
        "state": "NSW",
        "price": "900",
        "price_per_unit": "257",
        "price_unit": "G"
      },
      {
        "state": "QLD",
        "price": "900",
        "price_per_unit": "257",
        "price_unit": "G"
      },
      {
        "state": "QLD",
        "price": "900",
        "price_per_unit": "257",
        "price_unit": "G"
      },
      {
        "state": "WA",
        "price": "900",
        "price_per_unit": "257",
        "price_unit": "G"
      },
      {
        "state": "WA",
        "price": "900",
        "price_per_unit": "257",
        "price_unit": "G"
      },
      {
        "state": "SA",
        "price": "900",
        "price_per_unit": "257",
        "price_unit": "G"
      },
      {
        "state": "SA",
        "price": "900",
        "price_per_unit": "257",
        "price_unit": "G"
      },
      {
        "state": "TAS",
        "price": "900",
        "price_per_unit": "257",
        "price_unit": "G"
      },
      {
        "state": "TAS",
        "price": "900",
        "price_per_unit": "257",
        "price_unit": "G"
      },
      {
        "state": "ACT",
        "price": "900",
        "price_per_unit": "257",
        "price_unit": "G"
      },
      {
        "state": "ACT",
        "price": "900",
        "price_per_unit": "257",
        "price_unit": "G"
      }
    ]
  },
  {
    "source_url": "https://www.woolworths.com.au/shop/productdetails/277761/easy-eats-chicken-burrito-bowl-chicken-burrito-bowl",
    "name": "Easy Eats Chicken Burrito Bowl 350g",
    "image_url": "https://cdn1.woolworths.media/content/wowproductimages/large/277761.jpg",
    "source_id": "Woolworths - 277761",
    "barcode": "793618109820",
    "shop": "Woolworths",
    "weight": "100G",
    "prices": [
      {
        "state": "NSW",
        "price": "900",
        "price_per_unit": "257",
        "price_unit": "G"
      },
      {
        "state": "NSW",
        "price": "900",
        "price_per_unit": "257",
        "price_unit": "G"
      },
      {
        "state": "VIC",
        "price": "900",
        "price_per_unit": "257",
        "price_unit": "G"
      },
      {
        "state": "VIC",
        "price": "900",
        "price_per_unit": "257",
        "price_unit": "G"
      },
      {
        "state": "QLD",
        "price": "900",
        "price_per_unit": "257",
        "price_unit": "G"
      },
      {
        "state": "QLD",
        "price": "900",
        "price_per_unit": "257",
        "price_unit": "G"
      },
      {
        "state": "WA",
        "price": "900",
        "price_per_unit": "257",
        "price_unit": "G"
      },
      {
        "state": "WA",
        "price": "900",
        "price_per_unit": "257",
        "price_unit": "G"
      },
      {
        "state": "SA",
        "price": "900",
        "price_per_unit": "257",
        "price_unit": "G"
      },
      {
        "state": "SA",
        "price": "900",
        "price_per_unit": "257",
        "price_unit": "G"
      },
      {
        "state": "TAS",
        "price": "900",
        "price_per_unit": "257",
        "price_unit": "G"
      },
      {
        "state": "TAS",
        "price": "900",
        "price_per_unit": "257",
        "price_unit": "G"
      },
      {
        "state": "ACT",
        "price": "900",
        "price_per_unit": "257",
        "price_unit": "G"
      },
      {
        "state": "ACT",
        "price": "900",
        "price_per_unit": "257",
        "price_unit": "G"
      }
    ]
  },
  {
    "source_url": "https://www.woolworths.com.au/shop/productdetails/277320/easy-eats-chicken-pesto-pasta-chicken-pesto-pasta",
    "name": "Easy Eats Chicken Pesto Pasta 350g",
    "image_url": "https://cdn1.woolworths.media/content/wowproductimages/large/277320.jpg",
    "source_id": "Woolworths - 277320",
    "barcode": "793618109844",
    "shop": "Woolworths",
    "weight": "100G",
    "prices": [
      {
        "state": "NSW",
        "price": "900",
        "price_per_unit": "257",
        "price_unit": "G"
      },
      {
        "state": "NSW",
        "price": "900",
        "price_per_unit": "257",
        "price_unit": "G"
      },
      {
        "state": "VIC",
        "price": "900",
        "price_per_unit": "257",
        "price_unit": "G"
      },
      {
        "state": "VIC",
        "price": "900",
        "price_per_unit": "257",
        "price_unit": "G"
      },
      {
        "state": "QLD",
        "price": "900",
        "price_per_unit": "257",
        "price_unit": "G"
      },
      {
        "state": "QLD",
        "price": "900",
        "price_per_unit": "257",
        "price_unit": "G"
      },
      {
        "state": "SA",
        "price": "900",
        "price_per_unit": "257",
        "price_unit": "G"
      },
      {
        "state": "SA",
        "price": "900",
        "price_per_unit": "257",
        "price_unit": "G"
      },
      {
        "state": "TAS",
        "price": "900",
        "price_per_unit": "257",
        "price_unit": "G"
      },
      {
        "state": "TAS",
        "price": "900",
        "price_per_unit": "257",
        "price_unit": "G"
      },
      {
        "state": "ACT",
        "price": "900",
        "price_per_unit": "257",
        "price_unit": "G"
      },
      {
        "state": "ACT",
        "price": "900",
        "price_per_unit": "257",
        "price_unit": "G"
      }
    ]
  },
  {
    "source_url": "https://www.woolworths.com.au/shop/productdetails/354352/easy-eats-fried-chicken-potato-wedges",
    "name": "Easy Eats Fried Chicken & Potato Wedges 350g",
    "image_url": "https://cdn1.woolworths.media/content/wowproductimages/large/354352.jpg",
    "source_id": "Woolworths - 354352",
    "barcode": "793618109943",
    "shop": "Woolworths",
    "weight": "100G",
    "prices": [
      {
        "state": "NSW",
        "price": "900",
        "price_per_unit": "257",
        "price_unit": "G"
      },
      {
        "state": "NSW",
        "price": "900",
        "price_per_unit": "257",
        "price_unit": "G"
      },
      {
        "state": "VIC",
        "price": "900",
        "price_per_unit": "257",
        "price_unit": "G"
      },
      {
        "state": "VIC",
        "price": "900",
        "price_per_unit": "257",
        "price_unit": "G"
      },
      {
        "state": "QLD",
        "price": "900",
        "price_per_unit": "257",
        "price_unit": "G"
      },
      {
        "state": "QLD",
        "price": "900",
        "price_per_unit": "257",
        "price_unit": "G"
      },
      {
        "state": "WA",
        "price": "900",
        "price_per_unit": "257",
        "price_unit": "G"
      },
      {
        "state": "WA",
        "price": "900",
        "price_per_unit": "257",
        "price_unit": "G"
      },
      {
        "state": "SA",
        "price": "900",
        "price_per_unit": "257",
        "price_unit": "G"
      },
      {
        "state": "SA",
        "price": "900",
        "price_per_unit": "257",
        "price_unit": "G"
      },
      {
        "state": "TAS",
        "price": "900",
        "price_per_unit": "257",
        "price_unit": "G"
      },
      {
        "state": "TAS",
        "price": "900",
        "price_per_unit": "257",
        "price_unit": "G"
      },
      {
        "state": "ACT",
        "price": "900",
        "price_per_unit": "257",
        "price_unit": "G"
      },
      {
        "state": "ACT",
        "price": "900",
        "price_per_unit": "257",
        "price_unit": "G"
      }
    ]
  },
  {
    "source_url": "https://www.woolworths.com.au/shop/productdetails/278207/easy-eats-teriyaki-chicken-teriyaki-chicken",
    "name": "Easy Eats Teriyaki Chicken 350g",
    "image_url": "https://cdn1.woolworths.media/content/wowproductimages/large/278207.jpg",
    "source_id": "Woolworths - 278207",
    "barcode": "793618109851",
    "shop": "Woolworths",
    "weight": "100G",
    "prices": [
      {
        "state": "NSW",
        "price": "900",
        "price_per_unit": "257",
        "price_unit": "G"
      },
      {
        "state": "NSW",
        "price": "900",
        "price_per_unit": "257",
        "price_unit": "G"
      },
      {
        "state": "VIC",
        "price": "900",
        "price_per_unit": "257",
        "price_unit": "G"
      },
      {
        "state": "VIC",
        "price": "900",
        "price_per_unit": "257",
        "price_unit": "G"
      },
      {
        "state": "QLD",
        "price": "900",
        "price_per_unit": "257",
        "price_unit": "G"
      },
      {
        "state": "QLD",
        "price": "900",
        "price_per_unit": "257",
        "price_unit": "G"
      },
      {
        "state": "WA",
        "price": "900",
        "price_per_unit": "257",
        "price_unit": "G"
      },
      {
        "state": "WA",
        "price": "900",
        "price_per_unit": "257",
        "price_unit": "G"
      },
      {
        "state": "SA",
        "price": "900",
        "price_per_unit": "257",
        "price_unit": "G"
      },
      {
        "state": "SA",
        "price": "900",
        "price_per_unit": "257",
        "price_unit": "G"
      },
      {
        "state": "TAS",
        "price": "900",
        "price_per_unit": "257",
        "price_unit": "G"
      },
      {
        "state": "TAS",
        "price": "900",
        "price_per_unit": "257",
        "price_unit": "G"
      },
      {
        "state": "ACT",
        "price": "900",
        "price_per_unit": "257",
        "price_unit": "G"
      },
      {
        "state": "ACT",
        "price": "900",
        "price_per_unit": "257",
        "price_unit": "G"
      }
    ]
  },
  {
    "source_url": "https://www.woolworths.com.au/shop/productdetails/145566/fantastic-fresh-noodles-hokkien",
    "name": "Fantastic Fresh Noodles Hokkien 450g",
    "image_url": "https://cdn1.woolworths.media/content/wowproductimages/large/145566.jpg",
    "source_id": "Woolworths - 145566",
    "barcode": "9310155561624",
    "shop": "Woolworths",
    "weight": "100G",
    "prices": [
      {
        "state": "NSW",
        "price": "345",
        "price_per_unit": "77",
        "price_unit": "G"
      },
      {
        "state": "NSW",
        "price": "345",
        "price_per_unit": "77",
        "price_unit": "G"
      },
      {
        "state": "VIC",
        "price": "345",
        "price_per_unit": "77",
        "price_unit": "G"
      },
      {
        "state": "VIC",
        "price": "345",
        "price_per_unit": "77",
        "price_unit": "G"
      },
      {
        "state": "QLD",
        "price": "345",
        "price_per_unit": "77",
        "price_unit": "G"
      },
      {
        "state": "QLD",
        "price": "345",
        "price_per_unit": "77",
        "price_unit": "G"
      },
      {
        "state": "WA",
        "price": "345",
        "price_per_unit": "77",
        "price_unit": "G"
      },
      {
        "state": "WA",
        "price": "345",
        "price_per_unit": "77",
        "price_unit": "G"
      },
      {
        "state": "SA",
        "price": "345",
        "price_per_unit": "77",
        "price_unit": "G"
      },
      {
        "state": "SA",
        "price": "345",
        "price_per_unit": "77",
        "price_unit": "G"
      },
      {
        "state": "TAS",
        "price": "345",
        "price_per_unit": "77",
        "price_unit": "G"
      },
      {
        "state": "TAS",
        "price": "345",
        "price_per_unit": "77",
        "price_unit": "G"
      },
      {
        "state": "ACT",
        "price": "345",
        "price_per_unit": "77",
        "price_unit": "G"
      },
      {
        "state": "ACT",
        "price": "345",
        "price_per_unit": "77",
        "price_unit": "G"
      },
      {
        "state": "NT",
        "price": "345",
        "price_per_unit": "77",
        "price_unit": "G"
      },
      {
        "state": "NT",
        "price": "345",
        "price_per_unit": "77",
        "price_unit": "G"
      }
    ]
  },
  {
    "source_url": "https://www.woolworths.com.au/shop/productdetails/145567/fantastic-fresh-noodles-thin-hokkien",
    "name": "Fantastic Fresh Noodles Thin Hokkien 450g",
    "image_url": "https://cdn1.woolworths.media/content/wowproductimages/large/145567.jpg",
    "source_id": "Woolworths - 145567",
    "barcode": "9310155562621",
    "shop": "Woolworths",
    "weight": "100G",
    "prices": [
      {
        "state": "NSW",
        "price": "345",
        "price_per_unit": "77",
        "price_unit": "G"
      },
      {
        "state": "NSW",
        "price": "345",
        "price_per_unit": "77",
        "price_unit": "G"
      },
      {
        "state": "VIC",
        "price": "345",
        "price_per_unit": "77",
        "price_unit": "G"
      },
      {
        "state": "VIC",
        "price": "345",
        "price_per_unit": "77",
        "price_unit": "G"
      },
      {
        "state": "WA",
        "price": "345",
        "price_per_unit": "77",
        "price_unit": "G"
      },
      {
        "state": "WA",
        "price": "345",
        "price_per_unit": "77",
        "price_unit": "G"
      }
    ]
  },
  {
    "source_url": "https://www.woolworths.com.au/shop/productdetails/343250/fast-fuel-bbq-chicken-mac-cheese",
    "name": "Fast Fuel Bbq Chicken & Mac & Cheese 350g",
    "image_url": "https://cdn1.woolworths.media/content/wowproductimages/large/343250.jpg",
    "source_id": "Woolworths - 343250",
    "barcode": "793618109967",
    "shop": "Woolworths",
    "weight": "100G",
    "prices": [
      null,
      {
        "state": "QLD",
        "price": "995",
        "price_per_unit": "284",
        "price_unit": "G"
      },
      {
        "state": "QLD",
        "price": "995",
        "price_per_unit": "284",
        "price_unit": "G"
      },
      {
        "state": "ACT",
        "price": "995",
        "price_per_unit": "284",
        "price_unit": "G"
      },
      {
        "state": "ACT",
        "price": "995",
        "price_per_unit": "284",
        "price_unit": "G"
      }
    ]
  },
  {
    "source_url": "https://www.woolworths.com.au/shop/productdetails/240005/fast-fuel-chicken-katsudon-ready-meal",
    "name": "Fast Fuel Chicken Katsudon Ready Meal 350g",
    "image_url": "https://cdn1.woolworths.media/content/wowproductimages/large/240005.jpg",
    "source_id": "Woolworths - 240005",
    "barcode": "793618109691",
    "shop": "Woolworths",
    "weight": "100G",
    "prices": [
      {
        "state": "NSW",
        "price": "995",
        "price_per_unit": "284",
        "price_unit": "G"
      },
      {
        "state": "NSW",
        "price": "995",
        "price_per_unit": "284",
        "price_unit": "G"
      },
      {
        "state": "QLD",
        "price": "995",
        "price_per_unit": "284",
        "price_unit": "G"
      },
      {
        "state": "QLD",
        "price": "995",
        "price_per_unit": "284",
        "price_unit": "G"
      },
      {
        "state": "ACT",
        "price": "995",
        "price_per_unit": "284",
        "price_unit": "G"
      },
      {
        "state": "ACT",
        "price": "995",
        "price_per_unit": "284",
        "price_unit": "G"
      }
    ]
  },
  {
    "source_url": "https://www.woolworths.com.au/shop/productdetails/348599/fast-fuel-lemon-herb-schnitzel-rosemary-mash",
    "name": "Fast Fuel Lemon Herb Schnitzel & Rosemary Mash 350g",
    "image_url": "https://cdn1.woolworths.media/content/wowproductimages/large/348599.jpg",
    "source_id": "Woolworths - 348599",
    "barcode": "793618109950",
    "shop": "Woolworths",
    "weight": "100G",
    "prices": [
      {
        "state": "NSW",
        "price": "995",
        "price_per_unit": "284",
        "price_unit": "G"
      },
      {
        "state": "NSW",
        "price": "995",
        "price_per_unit": "284",
        "price_unit": "G"
      },
      {
        "state": "VIC",
        "price": "995",
        "price_per_unit": "284",
        "price_unit": "G"
      },
      {
        "state": "VIC",
        "price": "995",
        "price_per_unit": "284",
        "price_unit": "G"
      },
      {
        "state": "ACT",
        "price": "995",
        "price_per_unit": "284",
        "price_unit": "G"
      },
      {
        "state": "ACT",
        "price": "995",
        "price_per_unit": "284",
        "price_unit": "G"
      }
    ]
  },
  {
    "source_url": "https://www.woolworths.com.au/shop/productdetails/277321/fast-fuel-meals-south-fried-chicken",
    "name": "Fast Fuel Meals South Fried Chicken 350g",
    "image_url": "https://cdn1.woolworths.media/content/wowproductimages/large/277321.jpg",
    "source_id": "Woolworths - 277321",
    "barcode": "793618109769",
    "shop": "Woolworths",
    "weight": "100G",
    "prices": [
      {
        "state": "NSW",
        "price": "995",
        "price_per_unit": "284",
        "price_unit": "G"
      },
      {
        "state": "NSW",
        "price": "995",
        "price_per_unit": "284",
        "price_unit": "G"
      },
      {
        "state": "VIC",
        "price": "995",
        "price_per_unit": "284",
        "price_unit": "G"
      },
      {
        "state": "VIC",
        "price": "995",
        "price_per_unit": "284",
        "price_unit": "G"
      },
      {
        "state": "QLD",
        "price": "995",
        "price_per_unit": "284",
        "price_unit": "G"
      },
      {
        "state": "QLD",
        "price": "995",
        "price_per_unit": "284",
        "price_unit": "G"
      },
      {
        "state": "ACT",
        "price": "995",
        "price_per_unit": "284",
        "price_unit": "G"
      },
      {
        "state": "ACT",
        "price": "995",
        "price_per_unit": "284",
        "price_unit": "G"
      }
    ]
  },
  {
    "source_url": "https://www.woolworths.com.au/shop/productdetails/53030/fast-fuel-satay-chicken-hokkien-noodles",
    "name": "Fast Fuel Satay Chicken Hokkien Noodles 350g",
    "image_url": "https://cdn1.woolworths.media/content/wowproductimages/large/053030.jpg",
    "source_id": "Woolworths - 53030",
    "barcode": "781005646522",
    "shop": "Woolworths",
    "weight": "100G",
    "prices": [
      {
        "state": "NSW",
        "price": "995",
        "price_per_unit": "284",
        "price_unit": "G"
      },
      {
        "state": "NSW",
        "price": "995",
        "price_per_unit": "284",
        "price_unit": "G"
      },
      {
        "state": "QLD",
        "price": "995",
        "price_per_unit": "284",
        "price_unit": "G"
      },
      {
        "state": "QLD",
        "price": "995",
        "price_per_unit": "284",
        "price_unit": "G"
      },
      {
        "state": "ACT",
        "price": "995",
        "price_per_unit": "284",
        "price_unit": "G"
      },
      {
        "state": "ACT",
        "price": "995",
        "price_per_unit": "284",
        "price_unit": "G"
      }
    ]
  },
  {
    "source_url": "https://www.woolworths.com.au/shop/productdetails/88511/garlo-s-beef-sausage-roll-chilled-meal",
    "name": "Garlo's Beef Sausage Roll Chilled Meal 200g",
    "image_url": "https://cdn1.woolworths.media/content/wowproductimages/large/088511.jpg",
    "source_id": "Woolworths - 88511",
    "barcode": "9342546000498",
    "shop": "Woolworths",
    "weight": "100G",
    "prices": [
      {
        "state": "NSW",
        "price": "480",
        "price_per_unit": "240",
        "price_unit": "G"
      },
      {
        "state": "NSW",
        "price": "480",
        "price_per_unit": "240",
        "price_unit": "G"
      }
    ]
  },
  {
    "source_url": "https://www.woolworths.com.au/shop/productdetails/89332/garlo-s-chunky-steak-pie-null",
    "name": "Garlo's Chunky Steak Pie 200g",
    "image_url": "https://cdn1.woolworths.media/content/wowproductimages/large/089332.jpg",
    "source_id": "Woolworths - 89332",
    "barcode": "9342546002133",
    "shop": "Woolworths",
    "weight": "100G",
    "prices": [
      {
        "state": "NSW",
        "price": "540",
        "price_per_unit": "270",
        "price_unit": "G"
      },
      {
        "state": "NSW",
        "price": "540",
        "price_per_unit": "270",
        "price_unit": "G"
      }
    ]
  },
  {
    "source_url": "https://www.woolworths.com.au/shop/productdetails/89097/garlo-s-curry-beef-pie-null",
    "name": "Garlo's Curry Beef Pie 200g",
    "image_url": "https://cdn1.woolworths.media/content/wowproductimages/large/089097.jpg",
    "source_id": "Woolworths - 89097",
    "barcode": "9342546002102",
    "shop": "Woolworths",
    "weight": "100G",
    "prices": [
      {
        "state": "NSW",
        "price": "480",
        "price_per_unit": "240",
        "price_unit": "G"
      },
      {
        "state": "NSW",
        "price": "480",
        "price_per_unit": "240",
        "price_unit": "G"
      }
    ]
  },
  {
    "source_url": "https://www.woolworths.com.au/shop/productdetails/88508/garlo-s-family-pie-lean-beef-null",
    "name": "Garlo's Family Pie Lean Beef 550g",
    "image_url": "https://cdn1.woolworths.media/content/wowproductimages/large/088508.jpg",
    "source_id": "Woolworths - 88508",
    "barcode": "9342546000207",
    "shop": "Woolworths",
    "weight": "100G",
    "prices": [
      {
        "state": "NSW",
        "price": "1090",
        "price_per_unit": "198",
        "price_unit": "G"
      },
      {
        "state": "NSW",
        "price": "1090",
        "price_per_unit": "198",
        "price_unit": "G"
      }
    ]
  },
  {
    "source_url": "https://www.woolworths.com.au/shop/productdetails/394229/garlo-s-junior-beef-pies",
    "name": "Garlo's Junior Beef Pies 12 Pack",
    "image_url": "https://cdn1.woolworths.media/content/wowproductimages/large/394229.jpg",
    "source_id": "Woolworths - 394229",
    "barcode": "9342546002379",
    "shop": "Woolworths",
    "weight": "100G",
    "prices": [
      null
    ]
  },
  {
    "source_url": "https://www.woolworths.com.au/shop/productdetails/88507/garlo-s-junior-beef-sausage-rolls-chilled-meal",
    "name": "Garlo's Junior Beef Sausage Rolls Chilled Meal 12 Pack",
    "image_url": "https://cdn1.woolworths.media/content/wowproductimages/large/088507.jpg",
    "source_id": "Woolworths - 88507",
    "barcode": "9342546000320",
    "shop": "Woolworths",
    "weight": "100G",
    "prices": [
      {
        "state": "NSW",
        "price": "1190",
        "price_per_unit": "153",
        "price_unit": "G"
      },
      {
        "state": "NSW",
        "price": "1190",
        "price_per_unit": "153",
        "price_unit": "G"
      }
    ]
  },
  {
    "source_url": "https://www.woolworths.com.au/shop/productdetails/88999/garlo-s-lean-beef-pie-null",
    "name": "Garlo's Lean Beef Pie 200g",
    "image_url": "https://cdn1.woolworths.media/content/wowproductimages/large/088999.jpg",
    "source_id": "Woolworths - 88999",
    "barcode": "9342546002096",
    "shop": "Woolworths",
    "weight": "100G",
    "prices": [
      {
        "state": "NSW",
        "price": "480",
        "price_per_unit": "240",
        "price_unit": "G"
      },
      {
        "state": "NSW",
        "price": "480",
        "price_per_unit": "240",
        "price_unit": "G"
      }
    ]
  },
  {
    "source_url": "https://www.woolworths.com.au/shop/productdetails/162880/hedy-s-fresh-quiche-lorraine-chilled-meal",
    "name": "Hedy's Fresh Quiche Lorraine Chilled Meal 1.1kg",
    "image_url": "https://cdn1.woolworths.media/content/wowproductimages/large/162880.jpg",
    "source_id": "Woolworths - 162880",
    "barcode": "9315679214247",
    "shop": "Woolworths",
    "weight": "100G",
    "prices": [
      {
        "state": "NSW",
        "price": "1300",
        "price_per_unit": "118",
        "price_unit": "G"
      },
      {
        "state": "NSW",
        "price": "1300",
        "price_per_unit": "118",
        "price_unit": "G"
      },
      {
        "state": "QLD",
        "price": "1300",
        "price_per_unit": "118",
        "price_unit": "G"
      },
      {
        "state": "QLD",
        "price": "1300",
        "price_per_unit": "118",
        "price_unit": "G"
      },
      {
        "state": "WA",
        "price": "1300",
        "price_per_unit": "118",
        "price_unit": "G"
      },
      {
        "state": "WA",
        "price": "1300",
        "price_per_unit": "118",
        "price_unit": "G"
      },
      {
        "state": "SA",
        "price": "1300",
        "price_per_unit": "118",
        "price_unit": "G"
      },
      {
        "state": "SA",
        "price": "1300",
        "price_per_unit": "118",
        "price_unit": "G"
      },
      {
        "state": "TAS",
        "price": "1300",
        "price_per_unit": "118",
        "price_unit": "G"
      },
      {
        "state": "TAS",
        "price": "1300",
        "price_per_unit": "118",
        "price_unit": "G"
      },
      {
        "state": "ACT",
        "price": "1300",
        "price_per_unit": "118",
        "price_unit": "G"
      },
      {
        "state": "ACT",
        "price": "1300",
        "price_per_unit": "118",
        "price_unit": "G"
      },
      {
        "state": "NT",
        "price": "1300",
        "price_per_unit": "118",
        "price_unit": "G"
      },
      {
        "state": "NT",
        "price": "1300",
        "price_per_unit": "118",
        "price_unit": "G"
      }
    ]
  },
  {
    "source_url": "https://www.woolworths.com.au/shop/productdetails/669044/hedy-s-fresh-quiche-spinach-feta-chilled-meal",
    "name": "Hedy's Fresh Quiche Spinach & Feta Chilled Meal 1.1kg",
    "image_url": "https://cdn1.woolworths.media/content/wowproductimages/large/669044.jpg",
    "source_id": "Woolworths - 669044",
    "barcode": "9315679959599",
    "shop": "Woolworths",
    "weight": "100G",
    "prices": [
      {
        "state": "NSW",
        "price": "1300",
        "price_per_unit": "118",
        "price_unit": "G"
      },
      {
        "state": "NSW",
        "price": "1300",
        "price_per_unit": "118",
        "price_unit": "G"
      },
      {
        "state": "QLD",
        "price": "1300",
        "price_per_unit": "118",
        "price_unit": "G"
      },
      {
        "state": "QLD",
        "price": "1300",
        "price_per_unit": "118",
        "price_unit": "G"
      },
      {
        "state": "WA",
        "price": "1300",
        "price_per_unit": "118",
        "price_unit": "G"
      },
      {
        "state": "WA",
        "price": "1300",
        "price_per_unit": "118",
        "price_unit": "G"
      },
      {
        "state": "SA",
        "price": "1300",
        "price_per_unit": "118",
        "price_unit": "G"
      },
      {
        "state": "SA",
        "price": "1300",
        "price_per_unit": "118",
        "price_unit": "G"
      },
      {
        "state": "TAS",
        "price": "1300",
        "price_per_unit": "118",
        "price_unit": "G"
      },
      {
        "state": "TAS",
        "price": "1300",
        "price_per_unit": "118",
        "price_unit": "G"
      },
      {
        "state": "ACT",
        "price": "1300",
        "price_per_unit": "118",
        "price_unit": "G"
      },
      {
        "state": "ACT",
        "price": "1300",
        "price_per_unit": "118",
        "price_unit": "G"
      },
      {
        "state": "NT",
        "price": "1300",
        "price_per_unit": "118",
        "price_unit": "G"
      },
      {
        "state": "NT",
        "price": "1300",
        "price_per_unit": "118",
        "price_unit": "G"
      }
    ]
  },
  {
    "source_url": "https://www.woolworths.com.au/shop/productdetails/58383/fast-fuel-herb-roasted-chicken-with-mash-veg",
    "name": "Herb Roasted Chicken With Mash & Veg 1.7kg",
    "image_url": "https://cdn1.woolworths.media/content/wowproductimages/large/058383.jpg",
    "source_id": "Woolworths - 58383",
    "barcode": "781005646546",
    "shop": "Woolworths",
    "weight": "100G",
    "prices": [
      null,
      {
        "state": "QLD",
        "price": "2500",
        "price_per_unit": "147",
        "price_unit": "G"
      },
      {
        "state": "QLD",
        "price": "2500",
        "price_per_unit": "147",
        "price_unit": "G"
      },
      {
        "state": "ACT",
        "price": "2500",
        "price_per_unit": "147",
        "price_unit": "G"
      },
      {
        "state": "ACT",
        "price": "2500",
        "price_per_unit": "147",
        "price_unit": "G"
      }
    ]
  },
  {
    "source_url": "https://www.woolworths.com.au/shop/productdetails/907862/honey-chicken-with-vegetable-chow-mein-noodles",
    "name": "Honey Chicken With Vegetable Chow Mein Noodles 800g",
    "image_url": "https://cdn1.woolworths.media/content/wowproductimages/large/907862.jpg",
    "source_id": "Woolworths - 907862",
    "barcode": "781005646423",
    "shop": "Woolworths",
    "weight": "100G",
    "prices": [
      null,
      {
        "state": "QLD",
        "price": "2000",
        "price_per_unit": "250",
        "price_unit": "G"
      },
      {
        "state": "QLD",
        "price": "2000",
        "price_per_unit": "250",
        "price_unit": "G"
      },
      {
        "state": "ACT",
        "price": "2000",
        "price_per_unit": "250",
        "price_unit": "G"
      },
      {
        "state": "ACT",
        "price": "2000",
        "price_per_unit": "250",
        "price_unit": "G"
      }
    ]
  },
  {
    "source_url": "https://www.woolworths.com.au/shop/productdetails/277781/johnny-wong-hokkien-noodles",
    "name": "Johnny Wong Hokkien Noodles 500g",
    "image_url": "https://cdn1.woolworths.media/content/wowproductimages/large/277781.jpg",
    "source_id": "Woolworths - 277781",
    "barcode": "9358984000143",
    "shop": "Woolworths",
    "weight": "100G",
    "prices": [
      {
        "state": "NSW",
        "price": "500",
        "price_per_unit": "100",
        "price_unit": "G"
      },
      {
        "state": "NSW",
        "price": "500",
        "price_per_unit": "100",
        "price_unit": "G"
      },
      {
        "state": "VIC",
        "price": "500",
        "price_per_unit": "100",
        "price_unit": "G"
      },
      {
        "state": "VIC",
        "price": "500",
        "price_per_unit": "100",
        "price_unit": "G"
      },
      {
        "state": "QLD",
        "price": "500",
        "price_per_unit": "100",
        "price_unit": "G"
      },
      {
        "state": "QLD",
        "price": "500",
        "price_per_unit": "100",
        "price_unit": "G"
      }
    ]
  },
  {
    "source_url": "https://www.woolworths.com.au/shop/productdetails/278393/johnny-wong-singapore-noodles",
    "name": "Johnny Wong Singapore Noodles 500g",
    "image_url": "https://cdn1.woolworths.media/content/wowproductimages/large/278393.jpg",
    "source_id": "Woolworths - 278393",
    "barcode": "9358984000150",
    "shop": "Woolworths",
    "weight": "100G",
    "prices": [
      {
        "state": "NSW",
        "price": "500",
        "price_per_unit": "100",
        "price_unit": "G"
      },
      {
        "state": "NSW",
        "price": "500",
        "price_per_unit": "100",
        "price_unit": "G"
      },
      {
        "state": "VIC",
        "price": "500",
        "price_per_unit": "100",
        "price_unit": "G"
      },
      {
        "state": "VIC",
        "price": "500",
        "price_per_unit": "100",
        "price_unit": "G"
      },
      {
        "state": "QLD",
        "price": "500",
        "price_per_unit": "100",
        "price_unit": "G"
      },
      {
        "state": "QLD",
        "price": "500",
        "price_per_unit": "100",
        "price_unit": "G"
      }
    ]
  },
  {
    "source_url": "https://www.woolworths.com.au/shop/productdetails/278366/johnny-wong-stir-fry-rice-noodles",
    "name": "Johnny Wong Stir Fry Rice Noodles 400g",
    "image_url": "https://cdn1.woolworths.media/content/wowproductimages/large/278366.jpg",
    "source_id": "Woolworths - 278366",
    "barcode": "9358984000129",
    "shop": "Woolworths",
    "weight": "100G",
    "prices": [
      {
        "state": "NSW",
        "price": "500",
        "price_per_unit": "125",
        "price_unit": "G"
      },
      {
        "state": "NSW",
        "price": "500",
        "price_per_unit": "125",
        "price_unit": "G"
      },
      {
        "state": "VIC",
        "price": "500",
        "price_per_unit": "125",
        "price_unit": "G"
      },
      {
        "state": "VIC",
        "price": "500",
        "price_per_unit": "125",
        "price_unit": "G"
      }
    ]
  },
  {
    "source_url": "https://www.woolworths.com.au/shop/productdetails/845773/latina-fresh-gluten-free-ricotta-spinach-ravioli-pasta",
    "name": "Latina Fresh Gluten Free Ricotta & Spinach Ravioli Pasta 280g",
    "image_url": "https://cdn1.woolworths.media/content/wowproductimages/large/845773.jpg",
    "source_id": "Woolworths - 845773",
    "barcode": "9312353006150",
    "shop": "Woolworths",
    "weight": "100G",
    "prices": [
      {
        "state": "NSW",
        "price": "875",
        "price_per_unit": "313",
        "price_unit": "G"
      },
      {
        "state": "NSW",
        "price": "875",
        "price_per_unit": "313",
        "price_unit": "G"
      },
      {
        "state": "VIC",
        "price": "875",
        "price_per_unit": "313",
        "price_unit": "G"
      },
      {
        "state": "VIC",
        "price": "875",
        "price_per_unit": "313",
        "price_unit": "G"
      },
      {
        "state": "QLD",
        "price": "875",
        "price_per_unit": "313",
        "price_unit": "G"
      },
      {
        "state": "QLD",
        "price": "875",
        "price_per_unit": "313",
        "price_unit": "G"
      },
      {
        "state": "WA",
        "price": "875",
        "price_per_unit": "313",
        "price_unit": "G"
      },
      {
        "state": "WA",
        "price": "875",
        "price_per_unit": "313",
        "price_unit": "G"
      },
      {
        "state": "SA",
        "price": "875",
        "price_per_unit": "313",
        "price_unit": "G"
      },
      {
        "state": "SA",
        "price": "875",
        "price_per_unit": "313",
        "price_unit": "G"
      },
      {
        "state": "ACT",
        "price": "875",
        "price_per_unit": "313",
        "price_unit": "G"
      },
      {
        "state": "ACT",
        "price": "875",
        "price_per_unit": "313",
        "price_unit": "G"
      }
    ]
  },
  {
    "source_url": "https://www.woolworths.com.au/shop/productdetails/304116/latina-fresh-kids-mini-ravioli-pasta-beef-vegetable",
    "name": "Latina Fresh Kids Mini Ravioli Pasta Beef & Vegetable 200g",
    "image_url": "https://cdn1.woolworths.media/content/wowproductimages/large/304116.jpg",
    "source_id": "Woolworths - 304116",
    "barcode": "9312353004897",
    "shop": "Woolworths",
    "weight": "100G",
    "prices": [
      {
        "state": "NSW",
        "price": "600",
        "price_per_unit": "300",
        "price_unit": "G"
      },
      {
        "state": "NSW",
        "price": "600",
        "price_per_unit": "300",
        "price_unit": "G"
      },
      {
        "state": "VIC",
        "price": "600",
        "price_per_unit": "300",
        "price_unit": "G"
      },
      {
        "state": "VIC",
        "price": "600",
        "price_per_unit": "300",
        "price_unit": "G"
      },
      {
        "state": "QLD",
        "price": "600",
        "price_per_unit": "300",
        "price_unit": "G"
      },
      {
        "state": "QLD",
        "price": "600",
        "price_per_unit": "300",
        "price_unit": "G"
      },
      {
        "state": "WA",
        "price": "600",
        "price_per_unit": "300",
        "price_unit": "G"
      },
      {
        "state": "WA",
        "price": "600",
        "price_per_unit": "300",
        "price_unit": "G"
      },
      {
        "state": "SA",
        "price": "600",
        "price_per_unit": "300",
        "price_unit": "G"
      },
      {
        "state": "SA",
        "price": "600",
        "price_per_unit": "300",
        "price_unit": "G"
      },
      {
        "state": "TAS",
        "price": "600",
        "price_per_unit": "300",
        "price_unit": "G"
      },
      {
        "state": "TAS",
        "price": "600",
        "price_per_unit": "300",
        "price_unit": "G"
      },
      {
        "state": "ACT",
        "price": "600",
        "price_per_unit": "300",
        "price_unit": "G"
      },
      {
        "state": "ACT",
        "price": "600",
        "price_per_unit": "300",
        "price_unit": "G"
      },
      {
        "state": "NT",
        "price": "600",
        "price_per_unit": "300",
        "price_unit": "G"
      },
      {
        "state": "NT",
        "price": "600",
        "price_per_unit": "300",
        "price_unit": "G"
      }
    ]
  },
  {
    "source_url": "https://www.woolworths.com.au/shop/productdetails/304103/latina-fresh-kids-mini-ravioli-pasta-cheese-vegetable",
    "name": "Latina Fresh Kids Mini Ravioli Pasta Cheese & Vegetable 200g",
    "image_url": "https://cdn1.woolworths.media/content/wowproductimages/large/304103.jpg",
    "source_id": "Woolworths - 304103",
    "barcode": "9312353004880",
    "shop": "Woolworths",
    "weight": "100G",
    "prices": [
      {
        "state": "NSW",
        "price": "600",
        "price_per_unit": "300",
        "price_unit": "G"
      },
      {
        "state": "NSW",
        "price": "600",
        "price_per_unit": "300",
        "price_unit": "G"
      },
      {
        "state": "VIC",
        "price": "600",
        "price_per_unit": "300",
        "price_unit": "G"
      },
      {
        "state": "VIC",
        "price": "600",
        "price_per_unit": "300",
        "price_unit": "G"
      },
      {
        "state": "QLD",
        "price": "600",
        "price_per_unit": "300",
        "price_unit": "G"
      },
      {
        "state": "QLD",
        "price": "600",
        "price_per_unit": "300",
        "price_unit": "G"
      },
      {
        "state": "WA",
        "price": "600",
        "price_per_unit": "300",
        "price_unit": "G"
      },
      {
        "state": "WA",
        "price": "600",
        "price_per_unit": "300",
        "price_unit": "G"
      },
      {
        "state": "SA",
        "price": "600",
        "price_per_unit": "300",
        "price_unit": "G"
      },
      {
        "state": "SA",
        "price": "600",
        "price_per_unit": "300",
        "price_unit": "G"
      },
      {
        "state": "TAS",
        "price": "600",
        "price_per_unit": "300",
        "price_unit": "G"
      },
      {
        "state": "TAS",
        "price": "600",
        "price_per_unit": "300",
        "price_unit": "G"
      },
      {
        "state": "ACT",
        "price": "600",
        "price_per_unit": "300",
        "price_unit": "G"
      },
      {
        "state": "ACT",
        "price": "600",
        "price_per_unit": "300",
        "price_unit": "G"
      },
      {
        "state": "NT",
        "price": "600",
        "price_per_unit": "300",
        "price_unit": "G"
      },
      {
        "state": "NT",
        "price": "600",
        "price_per_unit": "300",
        "price_unit": "G"
      }
    ]
  },
  {
    "source_url": "https://www.woolworths.com.au/shop/productdetails/42092/latina-fresh-spinach-ricotta-agnolotti",
    "name": "Latina Fresh Spinach & Ricotta Agnolotti 375g",
    "image_url": "https://cdn1.woolworths.media/content/wowproductimages/large/042092.jpg",
    "source_id": "Woolworths - 42092",
    "barcode": "9312353000950",
    "shop": "Woolworths",
    "weight": "100G",
    "prices": [
      {
        "state": "NSW",
        "price": "800",
        "price_per_unit": "213",
        "price_unit": "G"
      },
      {
        "state": "NSW",
        "price": "800",
        "price_per_unit": "213",
        "price_unit": "G"
      },
      {
        "state": "TAS",
        "price": "800",
        "price_per_unit": "213",
        "price_unit": "G"
      },
      {
        "state": "TAS",
        "price": "800",
        "price_per_unit": "213",
        "price_unit": "G"
      },
      {
        "state": "NT",
        "price": "800",
        "price_per_unit": "213",
        "price_unit": "G"
      },
      {
        "state": "NT",
        "price": "800",
        "price_per_unit": "213",
        "price_unit": "G"
      }
    ]
  },
  {
    "source_url": "https://www.woolworths.com.au/shop/productdetails/958720/leggo-s-agnolotti-with-spinach-ricotta-parmesan",
    "name": "Leggo's Agnolotti With Spinach Ricotta & Parmesan 360g",
    "image_url": "https://cdn1.woolworths.media/content/wowproductimages/large/958720.jpg",
    "source_id": "Woolworths - 958720",
    "barcode": "9356335001498",
    "shop": "Woolworths",
    "weight": "100G",
    "prices": [
      {
        "state": "NSW",
        "price": "700",
        "price_per_unit": "194",
        "price_unit": "G"
      },
      {
        "state": "NSW",
        "price": "700",
        "price_per_unit": "194",
        "price_unit": "G"
      },
      {
        "state": "VIC",
        "price": "700",
        "price_per_unit": "194",
        "price_unit": "G"
      },
      {
        "state": "VIC",
        "price": "700",
        "price_per_unit": "194",
        "price_unit": "G"
      },
      {
        "state": "QLD",
        "price": "700",
        "price_per_unit": "194",
        "price_unit": "G"
      },
      {
        "state": "QLD",
        "price": "700",
        "price_per_unit": "194",
        "price_unit": "G"
      },
      {
        "state": "WA",
        "price": "700",
        "price_per_unit": "194",
        "price_unit": "G"
      },
      {
        "state": "WA",
        "price": "700",
        "price_per_unit": "194",
        "price_unit": "G"
      },
      {
        "state": "SA",
        "price": "700",
        "price_per_unit": "194",
        "price_unit": "G"
      },
      {
        "state": "SA",
        "price": "700",
        "price_per_unit": "194",
        "price_unit": "G"
      },
      {
        "state": "TAS",
        "price": "700",
        "price_per_unit": "194",
        "price_unit": "G"
      },
      {
        "state": "TAS",
        "price": "700",
        "price_per_unit": "194",
        "price_unit": "G"
      },
      {
        "state": "NT",
        "price": "700",
        "price_per_unit": "194",
        "price_unit": "G"
      },
      {
        "state": "NT",
        "price": "700",
        "price_per_unit": "194",
        "price_unit": "G"
      }
    ]
  },
  {
    "source_url": "https://www.woolworths.com.au/shop/productdetails/321835/leggo-s-ravioli-beef-tomato-parmesan",
    "name": "Leggo's Ravioli Beef Tomato & Parmesan 360g",
    "image_url": "https://cdn1.woolworths.media/content/wowproductimages/large/321835.jpg",
    "source_id": "Woolworths - 321835",
    "barcode": "9356335001443",
    "shop": "Woolworths",
    "weight": "100G",
    "prices": [
      {
        "state": "NSW",
        "price": "700",
        "price_per_unit": "194",
        "price_unit": "G"
      },
      {
        "state": "NSW",
        "price": "700",
        "price_per_unit": "194",
        "price_unit": "G"
      },
      {
        "state": "VIC",
        "price": "700",
        "price_per_unit": "194",
        "price_unit": "G"
      },
      {
        "state": "VIC",
        "price": "700",
        "price_per_unit": "194",
        "price_unit": "G"
      },
      {
        "state": "QLD",
        "price": "700",
        "price_per_unit": "194",
        "price_unit": "G"
      },
      {
        "state": "QLD",
        "price": "700",
        "price_per_unit": "194",
        "price_unit": "G"
      },
      {
        "state": "WA",
        "price": "700",
        "price_per_unit": "194",
        "price_unit": "G"
      },
      {
        "state": "WA",
        "price": "700",
        "price_per_unit": "194",
        "price_unit": "G"
      },
      {
        "state": "SA",
        "price": "700",
        "price_per_unit": "194",
        "price_unit": "G"
      },
      {
        "state": "SA",
        "price": "700",
        "price_per_unit": "194",
        "price_unit": "G"
      },
      {
        "state": "TAS",
        "price": "700",
        "price_per_unit": "194",
        "price_unit": "G"
      },
      {
        "state": "TAS",
        "price": "700",
        "price_per_unit": "194",
        "price_unit": "G"
      },
      {
        "state": "ACT",
        "price": "700",
        "price_per_unit": "194",
        "price_unit": "G"
      },
      {
        "state": "ACT",
        "price": "700",
        "price_per_unit": "194",
        "price_unit": "G"
      },
      {
        "state": "NT",
        "price": "700",
        "price_per_unit": "194",
        "price_unit": "G"
      },
      {
        "state": "NT",
        "price": "700",
        "price_per_unit": "194",
        "price_unit": "G"
      }
    ]
  },
  {
    "source_url": "https://www.woolworths.com.au/shop/productdetails/506569/loaded-jacket-potatoes-family-meal",
    "name": "Loaded Jacket Potatoes Family Meal 1.6kg",
    "image_url": "https://cdn1.woolworths.media/content/wowproductimages/large/506569.jpg",
    "source_id": "Woolworths - 506569",
    "barcode": "781005646171",
    "shop": "Woolworths",
    "weight": "100G",
    "prices": [
      {
        "state": "NSW",
        "price": "2500",
        "price_per_unit": "156",
        "price_unit": "G"
      },
      {
        "state": "NSW",
        "price": "2500",
        "price_per_unit": "156",
        "price_unit": "G"
      }
    ]
  },
  {
    "source_url": "https://www.woolworths.com.au/shop/productdetails/521129/mexican-chicken-fajita-tray-bake-family-meal",
    "name": "Mexican Chicken Fajita Tray Bake Family Meal 1.6kg",
    "image_url": "https://cdn1.woolworths.media/content/wowproductimages/large/521129.jpg",
    "source_id": "Woolworths - 521129",
    "barcode": "781005646164",
    "shop": "Woolworths",
    "weight": "100G",
    "prices": [
      {
        "state": "NSW",
        "price": "2500",
        "price_per_unit": "156",
        "price_unit": "G"
      },
      {
        "state": "NSW",
        "price": "2500",
        "price_per_unit": "156",
        "price_unit": "G"
      },
      {
        "state": "QLD",
        "price": "2500",
        "price_per_unit": "156",
        "price_unit": "G"
      },
      {
        "state": "QLD",
        "price": "2500",
        "price_per_unit": "156",
        "price_unit": "G"
      },
      {
        "state": "ACT",
        "price": "2500",
        "price_per_unit": "156",
        "price_unit": "G"
      },
      {
        "state": "ACT",
        "price": "2500",
        "price_per_unit": "156",
        "price_unit": "G"
      }
    ]
  },
  {
    "source_url": "https://www.woolworths.com.au/shop/productdetails/71723/my-muscle-chef-asian-chicken-stir-fry-high-protein",
    "name": "My Muscle Chef Asian Chicken Stir Fry High Protein 420g",
    "image_url": "https://cdn1.woolworths.media/content/wowproductimages/large/071723.jpg",
    "source_id": "Woolworths - 71723",
    "barcode": "9353333006913",
    "shop": "Woolworths",
    "weight": "100G",
    "prices": [
      {
        "state": "NSW",
        "price": "1195",
        "price_per_unit": "285",
        "price_unit": "G"
      },
      {
        "state": "NSW",
        "price": "1195",
        "price_per_unit": "285",
        "price_unit": "G"
      },
      {
        "state": "QLD",
        "price": "1195",
        "price_per_unit": "285",
        "price_unit": "G"
      },
      {
        "state": "QLD",
        "price": "1195",
        "price_per_unit": "285",
        "price_unit": "G"
      },
      {
        "state": "ACT",
        "price": "1195",
        "price_per_unit": "285",
        "price_unit": "G"
      },
      {
        "state": "ACT",
        "price": "1195",
        "price_per_unit": "285",
        "price_unit": "G"
      }
    ]
  },
  {
    "source_url": "https://www.woolworths.com.au/shop/productdetails/278049/my-muscle-chef-beef-ravioli-with-napolitana-sauce",
    "name": "My Muscle Chef Beef Ravioli With Napolitana Sauce 380g",
    "image_url": "https://cdn1.woolworths.media/content/wowproductimages/large/278049.jpg",
    "source_id": "Woolworths - 278049",
    "barcode": "9353333004001",
    "shop": "Woolworths",
    "weight": "100G",
    "prices": [
      {
        "state": "NSW",
        "price": "1195",
        "price_per_unit": "314",
        "price_unit": "G"
      },
      {
        "state": "NSW",
        "price": "1195",
        "price_per_unit": "314",
        "price_unit": "G"
      },
      {
        "state": "VIC",
        "price": "1195",
        "price_per_unit": "314",
        "price_unit": "G"
      },
      {
        "state": "VIC",
        "price": "1195",
        "price_per_unit": "314",
        "price_unit": "G"
      },
      {
        "state": "QLD",
        "price": "1195",
        "price_per_unit": "314",
        "price_unit": "G"
      },
      {
        "state": "QLD",
        "price": "1195",
        "price_per_unit": "314",
        "price_unit": "G"
      },
      {
        "state": "WA",
        "price": "1195",
        "price_per_unit": "314",
        "price_unit": "G"
      },
      {
        "state": "WA",
        "price": "1195",
        "price_per_unit": "314",
        "price_unit": "G"
      },
      {
        "state": "ACT",
        "price": "1195",
        "price_per_unit": "314",
        "price_unit": "G"
      },
      {
        "state": "ACT",
        "price": "1195",
        "price_per_unit": "314",
        "price_unit": "G"
      }
    ]
  },
  {
    "source_url": "https://www.woolworths.com.au/shop/productdetails/60974/my-muscle-chef-chicken-vodka-penne-high-protein",
    "name": "My Muscle Chef Chicken Vodka Penne High Protein 350g",
    "image_url": "https://cdn1.woolworths.media/content/wowproductimages/large/060974.jpg",
    "source_id": "Woolworths - 60974",
    "barcode": "9353333005312",
    "shop": "Woolworths",
    "weight": "100G",
    "prices": [
      null,
      {
        "state": "VIC",
        "price": "1195",
        "price_per_unit": "341",
        "price_unit": "G"
      },
      {
        "state": "VIC",
        "price": "1195",
        "price_per_unit": "341",
        "price_unit": "G"
      },
      {
        "state": "QLD",
        "price": "1195",
        "price_per_unit": "341",
        "price_unit": "G"
      },
      {
        "state": "QLD",
        "price": "1195",
        "price_per_unit": "341",
        "price_unit": "G"
      },
      {
        "state": "SA",
        "price": "1195",
        "price_per_unit": "341",
        "price_unit": "G"
      },
      {
        "state": "SA",
        "price": "1195",
        "price_per_unit": "341",
        "price_unit": "G"
      },
      {
        "state": "ACT",
        "price": "1195",
        "price_per_unit": "341",
        "price_unit": "G"
      },
      {
        "state": "ACT",
        "price": "1195",
        "price_per_unit": "341",
        "price_unit": "G"
      }
    ]
  },
  {
    "source_url": "https://www.woolworths.com.au/shop/productdetails/91648/my-muscle-chef-chipotle-chick-burrito-bowl-chilled-meal",
    "name": "My Muscle Chef Chipotle Chick Burrito Bowl Chilled Meal 450g",
    "image_url": "https://cdn1.woolworths.media/content/wowproductimages/large/091648.jpg",
    "source_id": "Woolworths - 91648",
    "barcode": "9353333000638",
    "shop": "Woolworths",
    "weight": "100G",
    "prices": [
      {
        "state": "NSW",
        "price": "1195",
        "price_per_unit": "266",
        "price_unit": "G"
      },
      {
        "state": "NSW",
        "price": "1195",
        "price_per_unit": "266",
        "price_unit": "G"
      },
      {
        "state": "VIC",
        "price": "1195",
        "price_per_unit": "266",
        "price_unit": "G"
      },
      {
        "state": "VIC",
        "price": "1195",
        "price_per_unit": "266",
        "price_unit": "G"
      },
      {
        "state": "QLD",
        "price": "1195",
        "price_per_unit": "266",
        "price_unit": "G"
      },
      {
        "state": "QLD",
        "price": "1195",
        "price_per_unit": "266",
        "price_unit": "G"
      },
      {
        "state": "WA",
        "price": "1195",
        "price_per_unit": "266",
        "price_unit": "G"
      },
      {
        "state": "WA",
        "price": "1195",
        "price_per_unit": "266",
        "price_unit": "G"
      },
      {
        "state": "SA",
        "price": "1195",
        "price_per_unit": "266",
        "price_unit": "G"
      },
      {
        "state": "SA",
        "price": "1195",
        "price_per_unit": "266",
        "price_unit": "G"
      },
      {
        "state": "ACT",
        "price": "1195",
        "price_per_unit": "266",
        "price_unit": "G"
      },
      {
        "state": "ACT",
        "price": "1195",
        "price_per_unit": "266",
        "price_unit": "G"
      },
      {
        "state": "NT",
        "price": "1195",
        "price_per_unit": "266",
        "price_unit": "G"
      },
      {
        "state": "NT",
        "price": "1195",
        "price_per_unit": "266",
        "price_unit": "G"
      }
    ]
  },
  {
    "source_url": "https://www.woolworths.com.au/shop/productdetails/279762/my-muscle-chef-creamy-chicken-mushroom-pasta",
    "name": "My Muscle Chef Creamy Chicken & Mushroom Pasta 320g",
    "image_url": "https://cdn1.woolworths.media/content/wowproductimages/large/279762.jpg",
    "source_id": "Woolworths - 279762",
    "barcode": "9353333004292",
    "shop": "Woolworths",
    "weight": "100G",
    "prices": [
      {
        "state": "NSW",
        "price": "1195",
        "price_per_unit": "373",
        "price_unit": "G"
      },
      {
        "state": "NSW",
        "price": "1195",
        "price_per_unit": "373",
        "price_unit": "G"
      },
      {
        "state": "VIC",
        "price": "1195",
        "price_per_unit": "373",
        "price_unit": "G"
      },
      {
        "state": "VIC",
        "price": "1195",
        "price_per_unit": "373",
        "price_unit": "G"
      },
      {
        "state": "QLD",
        "price": "1195",
        "price_per_unit": "373",
        "price_unit": "G"
      },
      {
        "state": "QLD",
        "price": "1195",
        "price_per_unit": "373",
        "price_unit": "G"
      },
      {
        "state": "SA",
        "price": "1195",
        "price_per_unit": "373",
        "price_unit": "G"
      },
      {
        "state": "SA",
        "price": "1195",
        "price_per_unit": "373",
        "price_unit": "G"
      },
      {
        "state": "ACT",
        "price": "1195",
        "price_per_unit": "373",
        "price_unit": "G"
      },
      {
        "state": "ACT",
        "price": "1195",
        "price_per_unit": "373",
        "price_unit": "G"
      }
    ]
  },
  {
    "source_url": "https://www.woolworths.com.au/shop/productdetails/123591/my-muscle-chef-crumbed-chicken-roasted-potatoes-chilled-meal",
    "name": "My Muscle Chef Crumbed Chicken Roasted Potatoes Chilled Meal 340g",
    "image_url": "https://cdn1.woolworths.media/content/wowproductimages/large/123591.jpg",
    "source_id": "Woolworths - 123591",
    "barcode": "9353333000775",
    "shop": "Woolworths",
    "weight": "100G",
    "prices": [
      {
        "state": "NSW",
        "price": "1195",
        "price_per_unit": "351",
        "price_unit": "G"
      },
      {
        "state": "NSW",
        "price": "1195",
        "price_per_unit": "351",
        "price_unit": "G"
      },
      {
        "state": "VIC",
        "price": "1195",
        "price_per_unit": "351",
        "price_unit": "G"
      },
      {
        "state": "VIC",
        "price": "1195",
        "price_per_unit": "351",
        "price_unit": "G"
      },
      {
        "state": "QLD",
        "price": "1195",
        "price_per_unit": "351",
        "price_unit": "G"
      },
      {
        "state": "QLD",
        "price": "1195",
        "price_per_unit": "351",
        "price_unit": "G"
      },
      {
        "state": "WA",
        "price": "1195",
        "price_per_unit": "351",
        "price_unit": "G"
      },
      {
        "state": "WA",
        "price": "1195",
        "price_per_unit": "351",
        "price_unit": "G"
      },
      {
        "state": "SA",
        "price": "1195",
        "price_per_unit": "351",
        "price_unit": "G"
      },
      {
        "state": "SA",
        "price": "1195",
        "price_per_unit": "351",
        "price_unit": "G"
      },
      {
        "state": "ACT",
        "price": "1195",
        "price_per_unit": "351",
        "price_unit": "G"
      },
      {
        "state": "ACT",
        "price": "1195",
        "price_per_unit": "351",
        "price_unit": "G"
      },
      {
        "state": "NT",
        "price": "1195",
        "price_per_unit": "351",
        "price_unit": "G"
      },
      {
        "state": "NT",
        "price": "1195",
        "price_per_unit": "351",
        "price_unit": "G"
      }
    ]
  },
  {
    "source_url": "https://www.woolworths.com.au/shop/productdetails/91226/my-muscle-chef-pesto-chicken-pasta-chilled-meal",
    "name": "My Muscle Chef Pesto Chicken Pasta Chilled Meal 330g",
    "image_url": "https://cdn1.woolworths.media/content/wowproductimages/large/091226.jpg",
    "source_id": "Woolworths - 91226",
    "barcode": "9353333004360",
    "shop": "Woolworths",
    "weight": "100G",
    "prices": [
      {
        "state": "NSW",
        "price": "1195",
        "price_per_unit": "362",
        "price_unit": "G"
      },
      {
        "state": "NSW",
        "price": "1195",
        "price_per_unit": "362",
        "price_unit": "G"
      },
      {
        "state": "VIC",
        "price": "1195",
        "price_per_unit": "362",
        "price_unit": "G"
      },
      {
        "state": "VIC",
        "price": "1195",
        "price_per_unit": "362",
        "price_unit": "G"
      },
      {
        "state": "QLD",
        "price": "1195",
        "price_per_unit": "362",
        "price_unit": "G"
      },
      {
        "state": "QLD",
        "price": "1195",
        "price_per_unit": "362",
        "price_unit": "G"
      },
      {
        "state": "WA",
        "price": "1195",
        "price_per_unit": "362",
        "price_unit": "G"
      },
      {
        "state": "WA",
        "price": "1195",
        "price_per_unit": "362",
        "price_unit": "G"
      },
      {
        "state": "SA",
        "price": "1195",
        "price_per_unit": "362",
        "price_unit": "G"
      },
      {
        "state": "SA",
        "price": "1195",
        "price_per_unit": "362",
        "price_unit": "G"
      },
      {
        "state": "ACT",
        "price": "1195",
        "price_per_unit": "362",
        "price_unit": "G"
      },
      {
        "state": "ACT",
        "price": "1195",
        "price_per_unit": "362",
        "price_unit": "G"
      }
    ]
  },
  {
    "source_url": "https://www.woolworths.com.au/shop/productdetails/92802/my-muscle-chef-satay-chicken-with-basmati-rice-green-peas",
    "name": "My Muscle Chef Satay Chicken With Basmati Rice & Green Peas 330g",
    "image_url": "https://cdn1.woolworths.media/content/wowproductimages/large/092802.jpg",
    "source_id": "Woolworths - 92802",
    "barcode": "9353333000027",
    "shop": "Woolworths",
    "weight": "100G",
    "prices": [
      {
        "state": "NSW",
        "price": "1195",
        "price_per_unit": "362",
        "price_unit": "G"
      },
      {
        "state": "NSW",
        "price": "1195",
        "price_per_unit": "362",
        "price_unit": "G"
      },
      {
        "state": "VIC",
        "price": "1195",
        "price_per_unit": "362",
        "price_unit": "G"
      },
      {
        "state": "VIC",
        "price": "1195",
        "price_per_unit": "362",
        "price_unit": "G"
      },
      {
        "state": "QLD",
        "price": "1195",
        "price_per_unit": "362",
        "price_unit": "G"
      },
      {
        "state": "QLD",
        "price": "1195",
        "price_per_unit": "362",
        "price_unit": "G"
      },
      {
        "state": "WA",
        "price": "1195",
        "price_per_unit": "362",
        "price_unit": "G"
      },
      {
        "state": "WA",
        "price": "1195",
        "price_per_unit": "362",
        "price_unit": "G"
      },
      {
        "state": "SA",
        "price": "1195",
        "price_per_unit": "362",
        "price_unit": "G"
      },
      {
        "state": "SA",
        "price": "1195",
        "price_per_unit": "362",
        "price_unit": "G"
      },
      {
        "state": "ACT",
        "price": "1195",
        "price_per_unit": "362",
        "price_unit": "G"
      },
      {
        "state": "ACT",
        "price": "1195",
        "price_per_unit": "362",
        "price_unit": "G"
      }
    ]
  },
  {
    "source_url": "https://www.woolworths.com.au/shop/productdetails/178806/my-muscle-chef-spaghetti-bolognese",
    "name": "My Muscle Chef Spaghetti Bolognese 330g",
    "image_url": "https://cdn1.woolworths.media/content/wowproductimages/large/178806.jpg",
    "source_id": "Woolworths - 178806",
    "barcode": "9353333000133",
    "shop": "Woolworths",
    "weight": "100G",
    "prices": [
      null,
      {
        "state": "VIC",
        "price": "1195",
        "price_per_unit": "362",
        "price_unit": "G"
      },
      {
        "state": "VIC",
        "price": "1195",
        "price_per_unit": "362",
        "price_unit": "G"
      },
      {
        "state": "QLD",
        "price": "1195",
        "price_per_unit": "362",
        "price_unit": "G"
      },
      {
        "state": "QLD",
        "price": "1195",
        "price_per_unit": "362",
        "price_unit": "G"
      },
      {
        "state": "WA",
        "price": "1195",
        "price_per_unit": "362",
        "price_unit": "G"
      },
      {
        "state": "WA",
        "price": "1195",
        "price_per_unit": "362",
        "price_unit": "G"
      },
      {
        "state": "SA",
        "price": "1195",
        "price_per_unit": "362",
        "price_unit": "G"
      },
      {
        "state": "SA",
        "price": "1195",
        "price_per_unit": "362",
        "price_unit": "G"
      },
      {
        "state": "ACT",
        "price": "1195",
        "price_per_unit": "362",
        "price_unit": "G"
      },
      {
        "state": "ACT",
        "price": "1195",
        "price_per_unit": "362",
        "price_unit": "G"
      }
    ]
  },
  {
    "source_url": "https://www.woolworths.com.au/shop/productdetails/278461/my-muscle-chef-thai-green-chicken-curry-with-rice",
    "name": "My Muscle Chef Thai Green Chicken Curry With Rice 320g",
    "image_url": "https://cdn1.woolworths.media/content/wowproductimages/large/278461.jpg",
    "source_id": "Woolworths - 278461",
    "barcode": "9353333004049",
    "shop": "Woolworths",
    "weight": "100G",
    "prices": [
      {
        "state": "NSW",
        "price": "1195",
        "price_per_unit": "373",
        "price_unit": "G"
      },
      {
        "state": "NSW",
        "price": "1195",
        "price_per_unit": "373",
        "price_unit": "G"
      },
      {
        "state": "QLD",
        "price": "1195",
        "price_per_unit": "373",
        "price_unit": "G"
      },
      {
        "state": "QLD",
        "price": "1195",
        "price_per_unit": "373",
        "price_unit": "G"
      },
      {
        "state": "WA",
        "price": "1195",
        "price_per_unit": "373",
        "price_unit": "G"
      },
      {
        "state": "WA",
        "price": "1195",
        "price_per_unit": "373",
        "price_unit": "G"
      },
      {
        "state": "SA",
        "price": "1195",
        "price_per_unit": "373",
        "price_unit": "G"
      },
      {
        "state": "SA",
        "price": "1195",
        "price_per_unit": "373",
        "price_unit": "G"
      },
      {
        "state": "ACT",
        "price": "1195",
        "price_per_unit": "373",
        "price_unit": "G"
      },
      {
        "state": "ACT",
        "price": "1195",
        "price_per_unit": "373",
        "price_unit": "G"
      }
    ]
  },
  {
    "source_url": "https://www.woolworths.com.au/shop/productdetails/520213/national-curried-chicken-pies-null",
    "name": "National Curried Chicken Pies 2 Pack",
    "image_url": "https://cdn1.woolworths.media/content/wowproductimages/large/520213.jpg",
    "source_id": "Woolworths - 520213",
    "barcode": "9310795003645",
    "shop": "Woolworths",
    "weight": "100G",
    "prices": [
      {
        "state": "NSW",
        "price": "800",
        "price_per_unit": "222",
        "price_unit": "G"
      },
      {
        "state": "NSW",
        "price": "800",
        "price_per_unit": "222",
        "price_unit": "G"
      },
      {
        "state": "QLD",
        "price": "800",
        "price_per_unit": "222",
        "price_unit": "G"
      },
      {
        "state": "QLD",
        "price": "800",
        "price_per_unit": "222",
        "price_unit": "G"
      },
      {
        "state": "WA",
        "price": "800",
        "price_per_unit": "222",
        "price_unit": "G"
      },
      {
        "state": "WA",
        "price": "800",
        "price_per_unit": "222",
        "price_unit": "G"
      },
      {
        "state": "TAS",
        "price": "800",
        "price_per_unit": "222",
        "price_unit": "G"
      },
      {
        "state": "TAS",
        "price": "800",
        "price_per_unit": "222",
        "price_unit": "G"
      }
    ]
  },
  {
    "source_url": "https://www.woolworths.com.au/shop/productdetails/159266/national-pies-meat-pie-null",
    "name": "National Pies Meat Pie 2 Pack",
    "image_url": "https://cdn1.woolworths.media/content/wowproductimages/large/159266.jpg",
    "source_id": "Woolworths - 159266",
    "barcode": "9310795008404",
    "shop": "Woolworths",
    "weight": "1EA",
    "prices": [
      null,
      {
        "state": "VIC",
        "price": "800",
        "price_per_unit": "400",
        "price_unit": "EA"
      },
      {
        "state": "VIC",
        "price": "800",
        "price_per_unit": "400",
        "price_unit": "EA"
      },
      {
        "state": "WA",
        "price": "800",
        "price_per_unit": "400",
        "price_unit": "EA"
      },
      {
        "state": "WA",
        "price": "800",
        "price_per_unit": "400",
        "price_unit": "EA"
      }
    ]
  },
  {
    "source_url": "https://www.woolworths.com.au/shop/productdetails/159384/national-pies-meat-pie-party-null",
    "name": "National Pies Meat Pie Party 12 Pack",
    "image_url": "https://cdn1.woolworths.media/content/wowproductimages/large/159384.jpg",
    "source_id": "Woolworths - 159384",
    "barcode": "9310795003300",
    "shop": "Woolworths",
    "weight": "1EA",
    "prices": [
      {
        "state": "NSW",
        "price": "1100",
        "price_per_unit": "92",
        "price_unit": "EA"
      },
      {
        "state": "NSW",
        "price": "1100",
        "price_per_unit": "92",
        "price_unit": "EA"
      },
      {
        "state": "VIC",
        "price": "1000",
        "price_per_unit": "83",
        "price_unit": "EA"
      },
      {
        "state": "VIC",
        "price": "1000",
        "price_per_unit": "83",
        "price_unit": "EA"
      },
      {
        "state": "QLD",
        "price": "1000",
        "price_per_unit": "83",
        "price_unit": "EA"
      },
      {
        "state": "QLD",
        "price": "1000",
        "price_per_unit": "83",
        "price_unit": "EA"
      },
      {
        "state": "WA",
        "price": "1000",
        "price_per_unit": "83",
        "price_unit": "EA"
      },
      {
        "state": "WA",
        "price": "1000",
        "price_per_unit": "83",
        "price_unit": "EA"
      },
      {
        "state": "TAS",
        "price": "900",
        "price_per_unit": "75",
        "price_unit": "EA"
      },
      {
        "state": "TAS",
        "price": "900",
        "price_per_unit": "75",
        "price_unit": "EA"
      }
    ]
  },
  {
    "source_url": "https://www.woolworths.com.au/shop/productdetails/159251/national-pies-sausage-roll-party-chilled-meal",
    "name": "National Pies Sausage Roll Party Chilled Meal 12 Pack",
    "image_url": "https://cdn1.woolworths.media/content/wowproductimages/large/159251.jpg",
    "source_id": "Woolworths - 159251",
    "barcode": "9310795003317",
    "shop": "Woolworths",
    "weight": "100G",
    "prices": [
      {
        "state": "NSW",
        "price": "1100",
        "price_per_unit": "153",
        "price_unit": "G"
      },
      {
        "state": "NSW",
        "price": "1100",
        "price_per_unit": "153",
        "price_unit": "G"
      },
      {
        "state": "TAS",
        "price": "900",
        "price_per_unit": "125",
        "price_unit": "G"
      },
      {
        "state": "TAS",
        "price": "900",
        "price_per_unit": "125",
        "price_unit": "G"
      }
    ]
  },
  {
    "source_url": "https://www.woolworths.com.au/shop/productdetails/528648/portuguese-chicken-dinner-with-roast-veg",
    "name": "Portuguese Chicken Dinner With Roast Veg 1.6kg",
    "image_url": "https://cdn1.woolworths.media/content/wowproductimages/large/528648.jpg",
    "source_id": "Woolworths - 528648",
    "barcode": "781005646157",
    "shop": "Woolworths",
    "weight": "100G",
    "prices": [
      {
        "state": "NSW",
        "price": "2500",
        "price_per_unit": "156",
        "price_unit": "G"
      },
      {
        "state": "NSW",
        "price": "2500",
        "price_per_unit": "156",
        "price_unit": "G"
      }
    ]
  },
  {
    "source_url": "https://www.woolworths.com.au/shop/productdetails/907534/portuguese-chicken-with-spiced-rice-corn",
    "name": "Portuguese Chicken With Spiced Rice & Corn 800g",
    "image_url": "https://cdn1.woolworths.media/content/wowproductimages/large/907534.jpg",
    "source_id": "Woolworths - 907534",
    "barcode": "781005646393",
    "shop": "Woolworths",
    "weight": "100G",
    "prices": [
      {
        "state": "NSW",
        "price": "2000",
        "price_per_unit": "250",
        "price_unit": "G"
      },
      {
        "state": "NSW",
        "price": "2000",
        "price_per_unit": "250",
        "price_unit": "G"
      },
      {
        "state": "QLD",
        "price": "2000",
        "price_per_unit": "250",
        "price_unit": "G"
      },
      {
        "state": "QLD",
        "price": "2000",
        "price_per_unit": "250",
        "price_unit": "G"
      },
      {
        "state": "ACT",
        "price": "2000",
        "price_per_unit": "250",
        "price_unit": "G"
      },
      {
        "state": "ACT",
        "price": "2000",
        "price_per_unit": "250",
        "price_unit": "G"
      }
    ]
  },
  {
    "source_url": "https://www.woolworths.com.au/shop/productdetails/28325/rana-basil-pine-nuts-tortellini-pasta",
    "name": "Rana Basil & Pine Nuts Tortellini Pasta 325g",
    "image_url": "https://cdn1.woolworths.media/content/wowproductimages/large/028325.jpg",
    "source_id": "Woolworths - 28325",
    "barcode": "8001665705219",
    "shop": "Woolworths",
    "weight": "100G",
    "prices": [
      {
        "state": "NSW",
        "price": "800",
        "price_per_unit": "246",
        "price_unit": "G"
      },
      {
        "state": "NSW",
        "price": "800",
        "price_per_unit": "246",
        "price_unit": "G"
      },
      {
        "state": "VIC",
        "price": "800",
        "price_per_unit": "246",
        "price_unit": "G"
      },
      {
        "state": "VIC",
        "price": "800",
        "price_per_unit": "246",
        "price_unit": "G"
      },
      {
        "state": "QLD",
        "price": "800",
        "price_per_unit": "246",
        "price_unit": "G"
      },
      {
        "state": "QLD",
        "price": "800",
        "price_per_unit": "246",
        "price_unit": "G"
      },
      {
        "state": "WA",
        "price": "800",
        "price_per_unit": "246",
        "price_unit": "G"
      },
      {
        "state": "WA",
        "price": "800",
        "price_per_unit": "246",
        "price_unit": "G"
      },
      {
        "state": "SA",
        "price": "800",
        "price_per_unit": "246",
        "price_unit": "G"
      },
      {
        "state": "SA",
        "price": "800",
        "price_per_unit": "246",
        "price_unit": "G"
      },
      {
        "state": "ACT",
        "price": "800",
        "price_per_unit": "246",
        "price_unit": "G"
      },
      {
        "state": "ACT",
        "price": "800",
        "price_per_unit": "246",
        "price_unit": "G"
      }
    ]
  },
  {
    "source_url": "https://www.woolworths.com.au/shop/productdetails/810868/rana-porcini-mushroom-ravioli-pasta",
    "name": "Rana Porcini Mushroom Ravioli Pasta 325g",
    "image_url": "https://cdn1.woolworths.media/content/wowproductimages/large/810868.jpg",
    "source_id": "Woolworths - 810868",
    "barcode": "8001665705233",
    "shop": "Woolworths",
    "weight": "100G",
    "prices": [
      {
        "state": "NSW",
        "price": "800",
        "price_per_unit": "246",
        "price_unit": "G"
      },
      {
        "state": "NSW",
        "price": "800",
        "price_per_unit": "246",
        "price_unit": "G"
      },
      {
        "state": "VIC",
        "price": "800",
        "price_per_unit": "246",
        "price_unit": "G"
      },
      {
        "state": "VIC",
        "price": "800",
        "price_per_unit": "246",
        "price_unit": "G"
      },
      {
        "state": "QLD",
        "price": "800",
        "price_per_unit": "246",
        "price_unit": "G"
      },
      {
        "state": "QLD",
        "price": "800",
        "price_per_unit": "246",
        "price_unit": "G"
      },
      {
        "state": "WA",
        "price": "800",
        "price_per_unit": "246",
        "price_unit": "G"
      },
      {
        "state": "WA",
        "price": "800",
        "price_per_unit": "246",
        "price_unit": "G"
      },
      {
        "state": "SA",
        "price": "800",
        "price_per_unit": "246",
        "price_unit": "G"
      },
      {
        "state": "SA",
        "price": "800",
        "price_per_unit": "246",
        "price_unit": "G"
      },
      {
        "state": "ACT",
        "price": "800",
        "price_per_unit": "246",
        "price_unit": "G"
      },
      {
        "state": "ACT",
        "price": "800",
        "price_per_unit": "246",
        "price_unit": "G"
      }
    ]
  },
  {
    "source_url": "https://www.woolworths.com.au/shop/productdetails/810775/rana-pumpkin-onion-ravioli-pasta",
    "name": "Rana Pumpkin & Onion Ravioli Pasta 325g",
    "image_url": "https://cdn1.woolworths.media/content/wowproductimages/large/810775.jpg",
    "source_id": "Woolworths - 810775",
    "barcode": "8001665705257",
    "shop": "Woolworths",
    "weight": "100G",
    "prices": [
      {
        "state": "NSW",
        "price": "800",
        "price_per_unit": "246",
        "price_unit": "G"
      },
      {
        "state": "NSW",
        "price": "800",
        "price_per_unit": "246",
        "price_unit": "G"
      },
      {
        "state": "VIC",
        "price": "800",
        "price_per_unit": "246",
        "price_unit": "G"
      },
      {
        "state": "VIC",
        "price": "800",
        "price_per_unit": "246",
        "price_unit": "G"
      },
      {
        "state": "QLD",
        "price": "800",
        "price_per_unit": "246",
        "price_unit": "G"
      },
      {
        "state": "QLD",
        "price": "800",
        "price_per_unit": "246",
        "price_unit": "G"
      },
      {
        "state": "WA",
        "price": "800",
        "price_per_unit": "246",
        "price_unit": "G"
      },
      {
        "state": "WA",
        "price": "800",
        "price_per_unit": "246",
        "price_unit": "G"
      },
      {
        "state": "SA",
        "price": "800",
        "price_per_unit": "246",
        "price_unit": "G"
      },
      {
        "state": "SA",
        "price": "800",
        "price_per_unit": "246",
        "price_unit": "G"
      },
      {
        "state": "ACT",
        "price": "800",
        "price_per_unit": "246",
        "price_unit": "G"
      },
      {
        "state": "ACT",
        "price": "800",
        "price_per_unit": "246",
        "price_unit": "G"
      },
      {
        "state": "NT",
        "price": "800",
        "price_per_unit": "246",
        "price_unit": "G"
      },
      {
        "state": "NT",
        "price": "800",
        "price_per_unit": "246",
        "price_unit": "G"
      }
    ]
  },
  {
    "source_url": "https://www.woolworths.com.au/shop/productdetails/810774/rana-ricotta-spinach-tortellini-pasta",
    "name": "Rana Ricotta & Spinach Tortellini Pasta 325g",
    "image_url": "https://cdn1.woolworths.media/content/wowproductimages/large/810774.jpg",
    "source_id": "Woolworths - 810774",
    "barcode": "8001665705189",
    "shop": "Woolworths",
    "weight": "100G",
    "prices": [
      {
        "state": "NSW",
        "price": "800",
        "price_per_unit": "246",
        "price_unit": "G"
      },
      {
        "state": "NSW",
        "price": "800",
        "price_per_unit": "246",
        "price_unit": "G"
      },
      {
        "state": "VIC",
        "price": "800",
        "price_per_unit": "246",
        "price_unit": "G"
      },
      {
        "state": "VIC",
        "price": "800",
        "price_per_unit": "246",
        "price_unit": "G"
      },
      {
        "state": "QLD",
        "price": "800",
        "price_per_unit": "246",
        "price_unit": "G"
      },
      {
        "state": "QLD",
        "price": "800",
        "price_per_unit": "246",
        "price_unit": "G"
      },
      {
        "state": "WA",
        "price": "800",
        "price_per_unit": "246",
        "price_unit": "G"
      },
      {
        "state": "WA",
        "price": "800",
        "price_per_unit": "246",
        "price_unit": "G"
      },
      {
        "state": "SA",
        "price": "800",
        "price_per_unit": "246",
        "price_unit": "G"
      },
      {
        "state": "SA",
        "price": "800",
        "price_per_unit": "246",
        "price_unit": "G"
      },
      {
        "state": "TAS",
        "price": "800",
        "price_per_unit": "246",
        "price_unit": "G"
      },
      {
        "state": "TAS",
        "price": "800",
        "price_per_unit": "246",
        "price_unit": "G"
      },
      {
        "state": "ACT",
        "price": "800",
        "price_per_unit": "246",
        "price_unit": "G"
      },
      {
        "state": "ACT",
        "price": "800",
        "price_per_unit": "246",
        "price_unit": "G"
      }
    ]
  },
  {
    "source_url": "https://www.woolworths.com.au/shop/productdetails/620087/ready-chef-spinach-fetta-quiche",
    "name": "Ready Chef Spinach & Fetta Quiche 200g",
    "image_url": "https://cdn1.woolworths.media/content/wowproductimages/large/620087.jpg",
    "source_id": "Woolworths - 620087",
    "barcode": "9319946009093",
    "shop": "Woolworths",
    "weight": "100G",
    "prices": [
      {
        "state": "NSW",
        "price": "475",
        "price_per_unit": "238",
        "price_unit": "G"
      },
      {
        "state": "NSW",
        "price": "475",
        "price_per_unit": "238",
        "price_unit": "G"
      },
      {
        "state": "QLD",
        "price": "475",
        "price_per_unit": "238",
        "price_unit": "G"
      },
      {
        "state": "QLD",
        "price": "475",
        "price_per_unit": "238",
        "price_unit": "G"
      },
      {
        "state": "WA",
        "price": "475",
        "price_per_unit": "238",
        "price_unit": "G"
      },
      {
        "state": "WA",
        "price": "475",
        "price_per_unit": "238",
        "price_unit": "G"
      },
      {
        "state": "SA",
        "price": "475",
        "price_per_unit": "238",
        "price_unit": "G"
      },
      {
        "state": "SA",
        "price": "475",
        "price_per_unit": "238",
        "price_unit": "G"
      },
      {
        "state": "ACT",
        "price": "475",
        "price_per_unit": "238",
        "price_unit": "G"
      },
      {
        "state": "ACT",
        "price": "475",
        "price_per_unit": "238",
        "price_unit": "G"
      }
    ]
  },
  {
    "source_url": "https://www.woolworths.com.au/shop/productdetails/507626/roast-chicken-dinner-with-roast-veg-family-meal",
    "name": "Roast Chicken Dinner With Roast Veg Family Meal 1.6kg",
    "image_url": "https://cdn1.woolworths.media/content/wowproductimages/large/507626.jpg",
    "source_id": "Woolworths - 507626",
    "barcode": "781005646133",
    "shop": "Woolworths",
    "weight": "100G",
    "prices": [
      {
        "state": "NSW",
        "price": "2500",
        "price_per_unit": "156",
        "price_unit": "G"
      },
      {
        "state": "NSW",
        "price": "2500",
        "price_per_unit": "156",
        "price_unit": "G"
      }
    ]
  },
  {
    "source_url": "https://www.woolworths.com.au/shop/productdetails/805079/ruffie-rustic-foods-smoky-bacon-leek-cheddar-quiche",
    "name": "Ruffie Rustic Foods Smoky Bacon Leek & Cheddar Quiche 2 Pack",
    "image_url": "https://cdn1.woolworths.media/content/wowproductimages/large/805079.jpg",
    "source_id": "Woolworths - 805079",
    "barcode": "9311008110013",
    "shop": "Woolworths",
    "weight": "100G",
    "prices": [
      {
        "state": "NSW",
        "price": "1400",
        "price_per_unit": "350",
        "price_unit": "G"
      },
      {
        "state": "NSW",
        "price": "1400",
        "price_per_unit": "350",
        "price_unit": "G"
      },
      {
        "state": "QLD",
        "price": "1400",
        "price_per_unit": "350",
        "price_unit": "G"
      },
      {
        "state": "QLD",
        "price": "1400",
        "price_per_unit": "350",
        "price_unit": "G"
      },
      {
        "state": "WA",
        "price": "1400",
        "price_per_unit": "350",
        "price_unit": "G"
      },
      {
        "state": "WA",
        "price": "1400",
        "price_per_unit": "350",
        "price_unit": "G"
      },
      {
        "state": "SA",
        "price": "1400",
        "price_per_unit": "350",
        "price_unit": "G"
      },
      {
        "state": "SA",
        "price": "1400",
        "price_per_unit": "350",
        "price_unit": "G"
      },
      {
        "state": "TAS",
        "price": "1400",
        "price_per_unit": "350",
        "price_unit": "G"
      },
      {
        "state": "TAS",
        "price": "1400",
        "price_per_unit": "350",
        "price_unit": "G"
      },
      {
        "state": "ACT",
        "price": "1400",
        "price_per_unit": "350",
        "price_unit": "G"
      },
      {
        "state": "ACT",
        "price": "1400",
        "price_per_unit": "350",
        "price_unit": "G"
      }
    ]
  },
  {
    "source_url": "https://www.woolworths.com.au/shop/productdetails/178902/ruffie-rustic-foods-smoky-bacon-swiss-cheese-sweet-corn-frittata",
    "name": "Ruffie Rustic Foods Smoky Bacon, Swiss Cheese & Sweet Corn Frittata 2 Pack",
    "image_url": "https://cdn1.woolworths.media/content/wowproductimages/large/178902.jpg",
    "source_id": "Woolworths - 178902",
    "barcode": "9356335002112",
    "shop": "Woolworths",
    "weight": "100G",
    "prices": [
      {
        "state": "NSW",
        "price": "1400",
        "price_per_unit": "350",
        "price_unit": "G"
      },
      {
        "state": "NSW",
        "price": "1400",
        "price_per_unit": "350",
        "price_unit": "G"
      },
      {
        "state": "VIC",
        "price": "1400",
        "price_per_unit": "350",
        "price_unit": "G"
      },
      {
        "state": "VIC",
        "price": "1400",
        "price_per_unit": "350",
        "price_unit": "G"
      },
      {
        "state": "QLD",
        "price": "1400",
        "price_per_unit": "350",
        "price_unit": "G"
      },
      {
        "state": "QLD",
        "price": "1400",
        "price_per_unit": "350",
        "price_unit": "G"
      },
      {
        "state": "WA",
        "price": "1400",
        "price_per_unit": "350",
        "price_unit": "G"
      },
      {
        "state": "WA",
        "price": "1400",
        "price_per_unit": "350",
        "price_unit": "G"
      },
      {
        "state": "SA",
        "price": "1400",
        "price_per_unit": "350",
        "price_unit": "G"
      },
      {
        "state": "SA",
        "price": "1400",
        "price_per_unit": "350",
        "price_unit": "G"
      },
      {
        "state": "TAS",
        "price": "1400",
        "price_per_unit": "350",
        "price_unit": "G"
      },
      {
        "state": "TAS",
        "price": "1400",
        "price_per_unit": "350",
        "price_unit": "G"
      },
      {
        "state": "ACT",
        "price": "1400",
        "price_per_unit": "350",
        "price_unit": "G"
      },
      {
        "state": "ACT",
        "price": "1400",
        "price_per_unit": "350",
        "price_unit": "G"
      }
    ]
  },
  {
    "source_url": "https://www.woolworths.com.au/shop/productdetails/805078/ruffie-rustic-foods-zucchini-frittata",
    "name": "Ruffie Rustic Foods Zucchini Frittata 2 Pack",
    "image_url": "https://cdn1.woolworths.media/content/wowproductimages/large/805078.jpg",
    "source_id": "Woolworths - 805078",
    "barcode": "9311008110051",
    "shop": "Woolworths",
    "weight": "100G",
    "prices": [
      {
        "state": "NSW",
        "price": "1400",
        "price_per_unit": "350",
        "price_unit": "G"
      },
      {
        "state": "NSW",
        "price": "1400",
        "price_per_unit": "350",
        "price_unit": "G"
      },
      {
        "state": "QLD",
        "price": "1100",
        "price_per_unit": "275",
        "price_unit": "G"
      },
      {
        "state": "QLD",
        "price": "1100",
        "price_per_unit": "275",
        "price_unit": "G"
      },
      {
        "state": "WA",
        "price": "1400",
        "price_per_unit": "350",
        "price_unit": "G"
      },
      {
        "state": "WA",
        "price": "1400",
        "price_per_unit": "350",
        "price_unit": "G"
      },
      {
        "state": "SA",
        "price": "1400",
        "price_per_unit": "350",
        "price_unit": "G"
      },
      {
        "state": "SA",
        "price": "1400",
        "price_per_unit": "350",
        "price_unit": "G"
      },
      {
        "state": "TAS",
        "price": "1400",
        "price_per_unit": "350",
        "price_unit": "G"
      },
      {
        "state": "TAS",
        "price": "1400",
        "price_per_unit": "350",
        "price_unit": "G"
      },
      {
        "state": "ACT",
        "price": "1400",
        "price_per_unit": "350",
        "price_unit": "G"
      },
      {
        "state": "ACT",
        "price": "1400",
        "price_per_unit": "350",
        "price_unit": "G"
      }
    ]
  },
  {
    "source_url": "https://www.woolworths.com.au/shop/productdetails/907649/slow-cooked-bbq-brisket-with-macaroni-cheese-corn-cob",
    "name": "Slow Cooked BBQ Brisket With Macaroni Cheese & Corn Cob 800g",
    "image_url": "https://cdn1.woolworths.media/content/wowproductimages/large/907649.jpg",
    "source_id": "Woolworths - 907649",
    "barcode": "781005646386",
    "shop": "Woolworths",
    "weight": "100G",
    "prices": [
      null,
      {
        "state": "QLD",
        "price": "2000",
        "price_per_unit": "250",
        "price_unit": "G"
      },
      {
        "state": "QLD",
        "price": "2000",
        "price_per_unit": "250",
        "price_unit": "G"
      },
      {
        "state": "ACT",
        "price": "2000",
        "price_per_unit": "250",
        "price_unit": "G"
      },
      {
        "state": "ACT",
        "price": "2000",
        "price_per_unit": "250",
        "price_unit": "G"
      }
    ]
  },
  {
    "source_url": "https://www.woolworths.com.au/shop/productdetails/317090/steggles-chicken-breast-enchilada-mexican-style",
    "name": "Steggles Chicken Breast Enchilada Mexican Style 500g",
    "image_url": "https://cdn1.woolworths.media/content/wowproductimages/large/317090.jpg",
    "source_id": "Woolworths - 317090",
    "barcode": "9310213844126",
    "shop": "Woolworths",
    "weight": "1KG",
    "prices": [
      {
        "state": "NSW",
        "price": "1050",
        "price_per_unit": "2100",
        "price_unit": "KG"
      },
      {
        "state": "NSW",
        "price": "1050",
        "price_per_unit": "2100",
        "price_unit": "KG"
      },
      {
        "state": "QLD",
        "price": "1050",
        "price_per_unit": "2100",
        "price_unit": "KG"
      },
      {
        "state": "QLD",
        "price": "1050",
        "price_per_unit": "2100",
        "price_unit": "KG"
      },
      {
        "state": "ACT",
        "price": "1050",
        "price_per_unit": "2100",
        "price_unit": "KG"
      },
      {
        "state": "ACT",
        "price": "1050",
        "price_per_unit": "2100",
        "price_unit": "KG"
      }
    ]
  },
  {
    "source_url": "https://www.woolworths.com.au/shop/productdetails/238625/strength-meals-co-bbq-chicken-rice-with-roasted-vegetables",
    "name": "Strength Meals Co Bbq Chicken & Rice With Roasted Vegetables 350g",
    "image_url": "https://cdn1.woolworths.media/content/wowproductimages/large/238625.jpg",
    "source_id": "Woolworths - 238625",
    "barcode": "9319946007952",
    "shop": "Woolworths",
    "weight": "100G",
    "prices": [
      {
        "state": "NSW",
        "price": "995",
        "price_per_unit": "284",
        "price_unit": "G"
      },
      {
        "state": "NSW",
        "price": "995",
        "price_per_unit": "284",
        "price_unit": "G"
      },
      {
        "state": "VIC",
        "price": "995",
        "price_per_unit": "284",
        "price_unit": "G"
      },
      {
        "state": "VIC",
        "price": "995",
        "price_per_unit": "284",
        "price_unit": "G"
      },
      {
        "state": "WA",
        "price": "995",
        "price_per_unit": "284",
        "price_unit": "G"
      },
      {
        "state": "WA",
        "price": "995",
        "price_per_unit": "284",
        "price_unit": "G"
      },
      {
        "state": "SA",
        "price": "995",
        "price_per_unit": "284",
        "price_unit": "G"
      },
      {
        "state": "SA",
        "price": "995",
        "price_per_unit": "284",
        "price_unit": "G"
      },
      {
        "state": "TAS",
        "price": "995",
        "price_per_unit": "284",
        "price_unit": "G"
      },
      {
        "state": "TAS",
        "price": "995",
        "price_per_unit": "284",
        "price_unit": "G"
      },
      {
        "state": "ACT",
        "price": "995",
        "price_per_unit": "284",
        "price_unit": "G"
      },
      {
        "state": "ACT",
        "price": "995",
        "price_per_unit": "284",
        "price_unit": "G"
      }
    ]
  },
  {
    "source_url": "https://www.woolworths.com.au/shop/productdetails/353746/strength-meals-co-beef-tortellini-bolognese",
    "name": "Strength Meals Co Beef Tortellini Bolognese 350g",
    "image_url": "https://cdn1.woolworths.media/content/wowproductimages/large/353746.jpg",
    "source_id": "Woolworths - 353746",
    "barcode": "9319946008492",
    "shop": "Woolworths",
    "weight": "100G",
    "prices": [
      {
        "state": "NSW",
        "price": "995",
        "price_per_unit": "284",
        "price_unit": "G"
      },
      {
        "state": "NSW",
        "price": "995",
        "price_per_unit": "284",
        "price_unit": "G"
      },
      {
        "state": "TAS",
        "price": "995",
        "price_per_unit": "284",
        "price_unit": "G"
      },
      {
        "state": "TAS",
        "price": "995",
        "price_per_unit": "284",
        "price_unit": "G"
      },
      {
        "state": "ACT",
        "price": "995",
        "price_per_unit": "284",
        "price_unit": "G"
      },
      {
        "state": "ACT",
        "price": "995",
        "price_per_unit": "284",
        "price_unit": "G"
      }
    ]
  },
  {
    "source_url": "https://www.woolworths.com.au/shop/productdetails/110876/strength-meals-co-braised-beef-ragu-chilled-meal",
    "name": "Strength Meals Co Braised Beef Ragu Chilled Meal 350g",
    "image_url": "https://cdn1.woolworths.media/content/wowproductimages/large/110876.jpg",
    "source_id": "Woolworths - 110876",
    "barcode": "9319946006382",
    "shop": "Woolworths",
    "weight": "100G",
    "prices": [
      {
        "state": "NSW",
        "price": "995",
        "price_per_unit": "284",
        "price_unit": "G"
      },
      {
        "state": "NSW",
        "price": "995",
        "price_per_unit": "284",
        "price_unit": "G"
      },
      {
        "state": "VIC",
        "price": "995",
        "price_per_unit": "284",
        "price_unit": "G"
      },
      {
        "state": "VIC",
        "price": "995",
        "price_per_unit": "284",
        "price_unit": "G"
      },
      {
        "state": "SA",
        "price": "995",
        "price_per_unit": "284",
        "price_unit": "G"
      },
      {
        "state": "SA",
        "price": "995",
        "price_per_unit": "284",
        "price_unit": "G"
      },
      {
        "state": "TAS",
        "price": "995",
        "price_per_unit": "284",
        "price_unit": "G"
      },
      {
        "state": "TAS",
        "price": "995",
        "price_per_unit": "284",
        "price_unit": "G"
      },
      {
        "state": "ACT",
        "price": "995",
        "price_per_unit": "284",
        "price_unit": "G"
      },
      {
        "state": "ACT",
        "price": "995",
        "price_per_unit": "284",
        "price_unit": "G"
      }
    ]
  },
  {
    "source_url": "https://www.woolworths.com.au/shop/productdetails/354412/strength-meals-co-chicken-burrito-bowl",
    "name": "Strength Meals Co Chicken Burrito Bowl 350g",
    "image_url": "https://cdn1.woolworths.media/content/wowproductimages/large/354412.jpg",
    "source_id": "Woolworths - 354412",
    "barcode": "9319946008560",
    "shop": "Woolworths",
    "weight": "100G",
    "prices": [
      {
        "state": "NSW",
        "price": "995",
        "price_per_unit": "284",
        "price_unit": "G"
      },
      {
        "state": "NSW",
        "price": "995",
        "price_per_unit": "284",
        "price_unit": "G"
      },
      {
        "state": "VIC",
        "price": "995",
        "price_per_unit": "284",
        "price_unit": "G"
      },
      {
        "state": "VIC",
        "price": "995",
        "price_per_unit": "284",
        "price_unit": "G"
      },
      {
        "state": "SA",
        "price": "995",
        "price_per_unit": "284",
        "price_unit": "G"
      },
      {
        "state": "SA",
        "price": "995",
        "price_per_unit": "284",
        "price_unit": "G"
      },
      {
        "state": "TAS",
        "price": "995",
        "price_per_unit": "284",
        "price_unit": "G"
      },
      {
        "state": "TAS",
        "price": "995",
        "price_per_unit": "284",
        "price_unit": "G"
      },
      {
        "state": "ACT",
        "price": "995",
        "price_per_unit": "284",
        "price_unit": "G"
      },
      {
        "state": "ACT",
        "price": "995",
        "price_per_unit": "284",
        "price_unit": "G"
      }
    ]
  },
  {
    "source_url": "https://www.woolworths.com.au/shop/productdetails/110892/strength-meals-co-chicken-stroganoff-chilled-meal",
    "name": "Strength Meals Co Chicken Stroganoff Chilled Meal 350g",
    "image_url": "https://cdn1.woolworths.media/content/wowproductimages/large/110892.jpg",
    "source_id": "Woolworths - 110892",
    "barcode": "9319946006368",
    "shop": "Woolworths",
    "weight": "100G",
    "prices": [
      {
        "state": "NSW",
        "price": "995",
        "price_per_unit": "284",
        "price_unit": "G"
      },
      {
        "state": "NSW",
        "price": "995",
        "price_per_unit": "284",
        "price_unit": "G"
      },
      {
        "state": "VIC",
        "price": "995",
        "price_per_unit": "284",
        "price_unit": "G"
      },
      {
        "state": "VIC",
        "price": "995",
        "price_per_unit": "284",
        "price_unit": "G"
      },
      {
        "state": "QLD",
        "price": "995",
        "price_per_unit": "284",
        "price_unit": "G"
      },
      {
        "state": "QLD",
        "price": "995",
        "price_per_unit": "284",
        "price_unit": "G"
      },
      {
        "state": "WA",
        "price": "995",
        "price_per_unit": "284",
        "price_unit": "G"
      },
      {
        "state": "WA",
        "price": "995",
        "price_per_unit": "284",
        "price_unit": "G"
      },
      {
        "state": "SA",
        "price": "995",
        "price_per_unit": "284",
        "price_unit": "G"
      },
      {
        "state": "SA",
        "price": "995",
        "price_per_unit": "284",
        "price_unit": "G"
      },
      {
        "state": "TAS",
        "price": "995",
        "price_per_unit": "284",
        "price_unit": "G"
      },
      {
        "state": "TAS",
        "price": "995",
        "price_per_unit": "284",
        "price_unit": "G"
      },
      {
        "state": "ACT",
        "price": "995",
        "price_per_unit": "284",
        "price_unit": "G"
      },
      {
        "state": "ACT",
        "price": "995",
        "price_per_unit": "284",
        "price_unit": "G"
      },
      {
        "state": "NT",
        "price": "995",
        "price_per_unit": "284",
        "price_unit": "G"
      },
      {
        "state": "NT",
        "price": "995",
        "price_per_unit": "284",
        "price_unit": "G"
      }
    ]
  },
  {
    "source_url": "https://www.woolworths.com.au/shop/productdetails/349220/strength-meals-co-classic-chicken-dinner-with-gravy",
    "name": "Strength Meals Co Classic Chicken Dinner With Gravy 350g",
    "image_url": "https://cdn1.woolworths.media/content/wowproductimages/large/349220.jpg",
    "source_id": "Woolworths - 349220",
    "barcode": "9319946008485",
    "shop": "Woolworths",
    "weight": "100G",
    "prices": [
      {
        "state": "NSW",
        "price": "995",
        "price_per_unit": "284",
        "price_unit": "G"
      },
      {
        "state": "NSW",
        "price": "995",
        "price_per_unit": "284",
        "price_unit": "G"
      },
      {
        "state": "VIC",
        "price": "995",
        "price_per_unit": "284",
        "price_unit": "G"
      },
      {
        "state": "VIC",
        "price": "995",
        "price_per_unit": "284",
        "price_unit": "G"
      },
      {
        "state": "QLD",
        "price": "995",
        "price_per_unit": "284",
        "price_unit": "G"
      },
      {
        "state": "QLD",
        "price": "995",
        "price_per_unit": "284",
        "price_unit": "G"
      },
      {
        "state": "SA",
        "price": "995",
        "price_per_unit": "284",
        "price_unit": "G"
      },
      {
        "state": "SA",
        "price": "995",
        "price_per_unit": "284",
        "price_unit": "G"
      },
      {
        "state": "TAS",
        "price": "995",
        "price_per_unit": "284",
        "price_unit": "G"
      },
      {
        "state": "TAS",
        "price": "995",
        "price_per_unit": "284",
        "price_unit": "G"
      },
      {
        "state": "ACT",
        "price": "995",
        "price_per_unit": "284",
        "price_unit": "G"
      },
      {
        "state": "ACT",
        "price": "995",
        "price_per_unit": "284",
        "price_unit": "G"
      }
    ]
  },
  {
    "source_url": "https://www.woolworths.com.au/shop/productdetails/214085/strength-meals-co-high-protein-cajun-chicken",
    "name": "Strength Meals Co High Protein Cajun Chicken 350g",
    "image_url": "https://cdn1.woolworths.media/content/wowproductimages/large/214085.jpg",
    "source_id": "Woolworths - 214085",
    "barcode": "9319946007297",
    "shop": "Woolworths",
    "weight": "100G",
    "prices": [
      {
        "state": "NSW",
        "price": "995",
        "price_per_unit": "284",
        "price_unit": "G"
      },
      {
        "state": "NSW",
        "price": "995",
        "price_per_unit": "284",
        "price_unit": "G"
      },
      {
        "state": "VIC",
        "price": "995",
        "price_per_unit": "284",
        "price_unit": "G"
      },
      {
        "state": "VIC",
        "price": "995",
        "price_per_unit": "284",
        "price_unit": "G"
      },
      {
        "state": "WA",
        "price": "995",
        "price_per_unit": "284",
        "price_unit": "G"
      },
      {
        "state": "WA",
        "price": "995",
        "price_per_unit": "284",
        "price_unit": "G"
      },
      {
        "state": "SA",
        "price": "995",
        "price_per_unit": "284",
        "price_unit": "G"
      },
      {
        "state": "SA",
        "price": "995",
        "price_per_unit": "284",
        "price_unit": "G"
      },
      {
        "state": "TAS",
        "price": "995",
        "price_per_unit": "284",
        "price_unit": "G"
      },
      {
        "state": "TAS",
        "price": "995",
        "price_per_unit": "284",
        "price_unit": "G"
      },
      {
        "state": "ACT",
        "price": "995",
        "price_per_unit": "284",
        "price_unit": "G"
      },
      {
        "state": "ACT",
        "price": "995",
        "price_per_unit": "284",
        "price_unit": "G"
      }
    ]
  },
  {
    "source_url": "https://www.woolworths.com.au/shop/productdetails/52711/strength-meals-co-korean-style-bbq-chicken-with-rice",
    "name": "Strength Meals Co Korean Style BBQ Chicken With Rice 350g",
    "image_url": "https://cdn1.woolworths.media/content/wowproductimages/large/052711.jpg",
    "source_id": "Woolworths - 52711",
    "barcode": "9319946009314",
    "shop": "Woolworths",
    "weight": "100G",
    "prices": [
      {
        "state": "NSW",
        "price": "995",
        "price_per_unit": "284",
        "price_unit": "G"
      },
      {
        "state": "NSW",
        "price": "995",
        "price_per_unit": "284",
        "price_unit": "G"
      },
      {
        "state": "VIC",
        "price": "995",
        "price_per_unit": "284",
        "price_unit": "G"
      },
      {
        "state": "VIC",
        "price": "995",
        "price_per_unit": "284",
        "price_unit": "G"
      },
      {
        "state": "QLD",
        "price": "995",
        "price_per_unit": "284",
        "price_unit": "G"
      },
      {
        "state": "QLD",
        "price": "995",
        "price_per_unit": "284",
        "price_unit": "G"
      },
      {
        "state": "SA",
        "price": "995",
        "price_per_unit": "284",
        "price_unit": "G"
      },
      {
        "state": "SA",
        "price": "995",
        "price_per_unit": "284",
        "price_unit": "G"
      },
      {
        "state": "TAS",
        "price": "995",
        "price_per_unit": "284",
        "price_unit": "G"
      },
      {
        "state": "TAS",
        "price": "995",
        "price_per_unit": "284",
        "price_unit": "G"
      },
      {
        "state": "ACT",
        "price": "995",
        "price_per_unit": "284",
        "price_unit": "G"
      },
      {
        "state": "ACT",
        "price": "995",
        "price_per_unit": "284",
        "price_unit": "G"
      }
    ]
  },
  {
    "source_url": "https://www.woolworths.com.au/shop/productdetails/110878/strength-meals-co-lemon-herb-chicken-chilled-meal",
    "name": "Strength Meals Co Lemon Herb Chicken Chilled Meal 350g",
    "image_url": "https://cdn1.woolworths.media/content/wowproductimages/large/110878.jpg",
    "source_id": "Woolworths - 110878",
    "barcode": "9319946006405",
    "shop": "Woolworths",
    "weight": "100G",
    "prices": [
      {
        "state": "NSW",
        "price": "995",
        "price_per_unit": "284",
        "price_unit": "G"
      },
      {
        "state": "NSW",
        "price": "995",
        "price_per_unit": "284",
        "price_unit": "G"
      },
      {
        "state": "VIC",
        "price": "995",
        "price_per_unit": "284",
        "price_unit": "G"
      },
      {
        "state": "VIC",
        "price": "995",
        "price_per_unit": "284",
        "price_unit": "G"
      },
      {
        "state": "SA",
        "price": "995",
        "price_per_unit": "284",
        "price_unit": "G"
      },
      {
        "state": "SA",
        "price": "995",
        "price_per_unit": "284",
        "price_unit": "G"
      },
      {
        "state": "TAS",
        "price": "995",
        "price_per_unit": "284",
        "price_unit": "G"
      },
      {
        "state": "TAS",
        "price": "995",
        "price_per_unit": "284",
        "price_unit": "G"
      },
      {
        "state": "ACT",
        "price": "995",
        "price_per_unit": "284",
        "price_unit": "G"
      },
      {
        "state": "ACT",
        "price": "995",
        "price_per_unit": "284",
        "price_unit": "G"
      },
      {
        "state": "NT",
        "price": "995",
        "price_per_unit": "284",
        "price_unit": "G"
      },
      {
        "state": "NT",
        "price": "995",
        "price_per_unit": "284",
        "price_unit": "G"
      }
    ]
  },
  {
    "source_url": "https://www.woolworths.com.au/shop/productdetails/277297/strength-meals-co-slow-cooked-beef-lasagne-beef-lasagne",
    "name": "Strength Meals Co Slow Cooked Beef Lasagne Beef Lasagne 350g",
    "image_url": "https://cdn1.woolworths.media/content/wowproductimages/large/277297.jpg",
    "source_id": "Woolworths - 277297",
    "barcode": "9319946008140",
    "shop": "Woolworths",
    "weight": "100G",
    "prices": [
      {
        "state": "NSW",
        "price": "995",
        "price_per_unit": "284",
        "price_unit": "G"
      },
      {
        "state": "NSW",
        "price": "995",
        "price_per_unit": "284",
        "price_unit": "G"
      },
      {
        "state": "VIC",
        "price": "995",
        "price_per_unit": "284",
        "price_unit": "G"
      },
      {
        "state": "VIC",
        "price": "995",
        "price_per_unit": "284",
        "price_unit": "G"
      },
      {
        "state": "QLD",
        "price": "995",
        "price_per_unit": "284",
        "price_unit": "G"
      },
      {
        "state": "QLD",
        "price": "995",
        "price_per_unit": "284",
        "price_unit": "G"
      },
      {
        "state": "WA",
        "price": "995",
        "price_per_unit": "284",
        "price_unit": "G"
      },
      {
        "state": "WA",
        "price": "995",
        "price_per_unit": "284",
        "price_unit": "G"
      },
      {
        "state": "SA",
        "price": "995",
        "price_per_unit": "284",
        "price_unit": "G"
      },
      {
        "state": "SA",
        "price": "995",
        "price_per_unit": "284",
        "price_unit": "G"
      },
      {
        "state": "TAS",
        "price": "995",
        "price_per_unit": "284",
        "price_unit": "G"
      },
      {
        "state": "TAS",
        "price": "995",
        "price_per_unit": "284",
        "price_unit": "G"
      },
      {
        "state": "ACT",
        "price": "995",
        "price_per_unit": "284",
        "price_unit": "G"
      },
      {
        "state": "ACT",
        "price": "995",
        "price_per_unit": "284",
        "price_unit": "G"
      }
    ]
  },
  {
    "source_url": "https://www.woolworths.com.au/shop/productdetails/908422/sweet-sour-pork-with-egg-fried-rice",
    "name": "Sweet & Sour Pork With Egg Fried Rice 800g",
    "image_url": "https://cdn1.woolworths.media/content/wowproductimages/large/908422.jpg",
    "source_id": "Woolworths - 908422",
    "barcode": "781005646379",
    "shop": "Woolworths",
    "weight": "100G",
    "prices": [
      null,
      {
        "state": "QLD",
        "price": "2000",
        "price_per_unit": "250",
        "price_unit": "G"
      },
      {
        "state": "QLD",
        "price": "2000",
        "price_per_unit": "250",
        "price_unit": "G"
      },
      {
        "state": "ACT",
        "price": "2000",
        "price_per_unit": "250",
        "price_unit": "G"
      },
      {
        "state": "ACT",
        "price": "2000",
        "price_per_unit": "250",
        "price_unit": "G"
      }
    ]
  },
  {
    "source_url": "https://www.woolworths.com.au/shop/productdetails/908424/tandoori-chicken-with-kashmiri-rice",
    "name": "Tandoori Chicken With Kashmiri Rice 800g",
    "image_url": "https://cdn1.woolworths.media/content/wowproductimages/large/908424.jpg",
    "source_id": "Woolworths - 908424",
    "barcode": "781005646416",
    "shop": "Woolworths",
    "weight": "100G",
    "prices": [
      {
        "state": "NSW",
        "price": "2000",
        "price_per_unit": "250",
        "price_unit": "G"
      },
      {
        "state": "NSW",
        "price": "2000",
        "price_per_unit": "250",
        "price_unit": "G"
      },
      {
        "state": "ACT",
        "price": "2000",
        "price_per_unit": "250",
        "price_unit": "G"
      },
      {
        "state": "ACT",
        "price": "2000",
        "price_per_unit": "250",
        "price_unit": "G"
      }
    ]
  },
  {
    "source_url": "https://www.woolworths.com.au/shop/productdetails/693324/woolworths-bangers-mash-chilled-meal",
    "name": "Woolworths Bangers & Mash Chilled Meal 350g",
    "image_url": "https://cdn1.woolworths.media/content/wowproductimages/large/693324.jpg",
    "source_id": "Woolworths - 693324",
    "barcode": "9339687216482",
    "shop": "Woolworths",
    "weight": "100G",
    "prices": [
      {
        "state": "NSW",
        "price": "800",
        "price_per_unit": "229",
        "price_unit": "G"
      },
      {
        "state": "NSW",
        "price": "800",
        "price_per_unit": "229",
        "price_unit": "G"
      },
      {
        "state": "VIC",
        "price": "800",
        "price_per_unit": "229",
        "price_unit": "G"
      },
      {
        "state": "VIC",
        "price": "800",
        "price_per_unit": "229",
        "price_unit": "G"
      },
      {
        "state": "QLD",
        "price": "800",
        "price_per_unit": "229",
        "price_unit": "G"
      },
      {
        "state": "QLD",
        "price": "800",
        "price_per_unit": "229",
        "price_unit": "G"
      },
      {
        "state": "WA",
        "price": "800",
        "price_per_unit": "229",
        "price_unit": "G"
      },
      {
        "state": "WA",
        "price": "800",
        "price_per_unit": "229",
        "price_unit": "G"
      },
      {
        "state": "TAS",
        "price": "800",
        "price_per_unit": "229",
        "price_unit": "G"
      },
      {
        "state": "TAS",
        "price": "800",
        "price_per_unit": "229",
        "price_unit": "G"
      },
      {
        "state": "ACT",
        "price": "800",
        "price_per_unit": "229",
        "price_unit": "G"
      },
      {
        "state": "ACT",
        "price": "800",
        "price_per_unit": "229",
        "price_unit": "G"
      }
    ]
  },
  {
    "source_url": "https://www.woolworths.com.au/shop/productdetails/824696/woolworths-beef-casserole-chilled-meal",
    "name": "Woolworths Beef Casserole Chilled Meal 800g",
    "image_url": "https://cdn1.woolworths.media/content/wowproductimages/large/824696.jpg",
    "source_id": "Woolworths - 824696",
    "barcode": "9339687081950",
    "shop": "Woolworths",
    "weight": "100G",
    "prices": [
      {
        "state": "NSW",
        "price": "1800",
        "price_per_unit": "225",
        "price_unit": "G"
      },
      {
        "state": "NSW",
        "price": "1800",
        "price_per_unit": "225",
        "price_unit": "G"
      },
      {
        "state": "QLD",
        "price": "1800",
        "price_per_unit": "225",
        "price_unit": "G"
      },
      {
        "state": "QLD",
        "price": "1800",
        "price_per_unit": "225",
        "price_unit": "G"
      },
      {
        "state": "SA",
        "price": "1800",
        "price_per_unit": "225",
        "price_unit": "G"
      },
      {
        "state": "SA",
        "price": "1800",
        "price_per_unit": "225",
        "price_unit": "G"
      },
      {
        "state": "TAS",
        "price": "1800",
        "price_per_unit": "225",
        "price_unit": "G"
      },
      {
        "state": "TAS",
        "price": "1800",
        "price_per_unit": "225",
        "price_unit": "G"
      },
      {
        "state": "ACT",
        "price": "1800",
        "price_per_unit": "225",
        "price_unit": "G"
      },
      {
        "state": "ACT",
        "price": "1800",
        "price_per_unit": "225",
        "price_unit": "G"
      }
    ]
  },
  {
    "source_url": "https://www.woolworths.com.au/shop/productdetails/161979/woolworths-beef-lasagne-null",
    "name": "Woolworths Beef Lasagne 350g",
    "image_url": "https://cdn1.woolworths.media/content/wowproductimages/large/161979.jpg",
    "source_id": "Woolworths - 161979",
    "barcode": "9339687264018",
    "shop": "Woolworths",
    "weight": "100G",
    "prices": [
      {
        "state": "NSW",
        "price": "800",
        "price_per_unit": "229",
        "price_unit": "G"
      },
      {
        "state": "NSW",
        "price": "800",
        "price_per_unit": "229",
        "price_unit": "G"
      },
      {
        "state": "VIC",
        "price": "800",
        "price_per_unit": "229",
        "price_unit": "G"
      },
      {
        "state": "VIC",
        "price": "800",
        "price_per_unit": "229",
        "price_unit": "G"
      },
      {
        "state": "QLD",
        "price": "800",
        "price_per_unit": "229",
        "price_unit": "G"
      },
      {
        "state": "QLD",
        "price": "800",
        "price_per_unit": "229",
        "price_unit": "G"
      },
      {
        "state": "TAS",
        "price": "800",
        "price_per_unit": "229",
        "price_unit": "G"
      },
      {
        "state": "TAS",
        "price": "800",
        "price_per_unit": "229",
        "price_unit": "G"
      }
    ]
  },
  {
    "source_url": "https://www.woolworths.com.au/shop/productdetails/253231/woolworths-beef-mince-pie",
    "name": "Woolworths Beef Mince Pie 700g",
    "image_url": "https://cdn1.woolworths.media/content/wowproductimages/large/253231.jpg",
    "source_id": "Woolworths - 253231",
    "barcode": "9339687319558",
    "shop": "Woolworths",
    "weight": "100G",
    "prices": [
      {
        "state": "NSW",
        "price": "1400",
        "price_per_unit": "200",
        "price_unit": "G"
      },
      {
        "state": "NSW",
        "price": "1400",
        "price_per_unit": "200",
        "price_unit": "G"
      },
      {
        "state": "QLD",
        "price": "1400",
        "price_per_unit": "200",
        "price_unit": "G"
      },
      {
        "state": "QLD",
        "price": "1400",
        "price_per_unit": "200",
        "price_unit": "G"
      },
      {
        "state": "WA",
        "price": "1400",
        "price_per_unit": "200",
        "price_unit": "G"
      },
      {
        "state": "WA",
        "price": "1400",
        "price_per_unit": "200",
        "price_unit": "G"
      },
      {
        "state": "SA",
        "price": "1400",
        "price_per_unit": "200",
        "price_unit": "G"
      },
      {
        "state": "SA",
        "price": "1400",
        "price_per_unit": "200",
        "price_unit": "G"
      },
      {
        "state": "ACT",
        "price": "1400",
        "price_per_unit": "200",
        "price_unit": "G"
      },
      {
        "state": "ACT",
        "price": "1400",
        "price_per_unit": "200",
        "price_unit": "G"
      }
    ]
  },
  {
    "source_url": "https://www.woolworths.com.au/shop/productdetails/254074/woolworths-beef-sausage-rolls",
    "name": "Woolworths Beef Sausage Rolls 6 Pack",
    "image_url": "https://cdn1.woolworths.media/content/wowproductimages/large/254074.jpg",
    "source_id": "Woolworths - 254074",
    "barcode": "9339687319589",
    "shop": "Woolworths",
    "weight": "100G",
    "prices": [
      {
        "state": "NSW",
        "price": "850",
        "price_per_unit": "258",
        "price_unit": "G"
      },
      {
        "state": "NSW",
        "price": "850",
        "price_per_unit": "258",
        "price_unit": "G"
      },
      {
        "state": "QLD",
        "price": "850",
        "price_per_unit": "258",
        "price_unit": "G"
      },
      {
        "state": "QLD",
        "price": "850",
        "price_per_unit": "258",
        "price_unit": "G"
      },
      {
        "state": "WA",
        "price": "850",
        "price_per_unit": "258",
        "price_unit": "G"
      },
      {
        "state": "WA",
        "price": "850",
        "price_per_unit": "258",
        "price_unit": "G"
      },
      {
        "state": "SA",
        "price": "850",
        "price_per_unit": "258",
        "price_unit": "G"
      },
      {
        "state": "SA",
        "price": "850",
        "price_per_unit": "258",
        "price_unit": "G"
      },
      {
        "state": "TAS",
        "price": "850",
        "price_per_unit": "258",
        "price_unit": "G"
      },
      {
        "state": "TAS",
        "price": "850",
        "price_per_unit": "258",
        "price_unit": "G"
      },
      {
        "state": "ACT",
        "price": "850",
        "price_per_unit": "258",
        "price_unit": "G"
      },
      {
        "state": "ACT",
        "price": "850",
        "price_per_unit": "258",
        "price_unit": "G"
      }
    ]
  },
  {
    "source_url": "https://www.woolworths.com.au/shop/productdetails/827205/woolworths-beef-tortellini-with-creamy-mushroom-sauce-chilled-meal",
    "name": "Woolworths Beef Tortellini With Creamy Mushroom Sauce Chilled Meal 350g",
    "image_url": "https://cdn1.woolworths.media/content/wowproductimages/large/827205.jpg",
    "source_id": "Woolworths - 827205",
    "barcode": "9300633718367",
    "shop": "Woolworths",
    "weight": "100G",
    "prices": [
      null,
      {
        "state": "VIC",
        "price": "800",
        "price_per_unit": "229",
        "price_unit": "G"
      },
      {
        "state": "VIC",
        "price": "800",
        "price_per_unit": "229",
        "price_unit": "G"
      },
      {
        "state": "QLD",
        "price": "800",
        "price_per_unit": "229",
        "price_unit": "G"
      },
      {
        "state": "QLD",
        "price": "800",
        "price_per_unit": "229",
        "price_unit": "G"
      },
      {
        "state": "SA",
        "price": "800",
        "price_per_unit": "229",
        "price_unit": "G"
      },
      {
        "state": "SA",
        "price": "800",
        "price_per_unit": "229",
        "price_unit": "G"
      },
      {
        "state": "ACT",
        "price": "800",
        "price_per_unit": "229",
        "price_unit": "G"
      },
      {
        "state": "ACT",
        "price": "800",
        "price_per_unit": "229",
        "price_unit": "G"
      }
    ]
  },
  {
    "source_url": "https://www.woolworths.com.au/shop/productdetails/504928/woolworths-braised-beef-with-creamy-mash",
    "name": "Woolworths Braised Beef With Creamy Mash 350g",
    "image_url": "https://cdn1.woolworths.media/content/wowproductimages/large/504928.jpg",
    "source_id": "Woolworths - 504928",
    "barcode": "9339687362950",
    "shop": "Woolworths",
    "weight": "100G",
    "prices": [
      {
        "state": "NSW",
        "price": "800",
        "price_per_unit": "229",
        "price_unit": "G"
      },
      {
        "state": "NSW",
        "price": "800",
        "price_per_unit": "229",
        "price_unit": "G"
      },
      {
        "state": "VIC",
        "price": "800",
        "price_per_unit": "229",
        "price_unit": "G"
      },
      {
        "state": "VIC",
        "price": "800",
        "price_per_unit": "229",
        "price_unit": "G"
      },
      {
        "state": "QLD",
        "price": "800",
        "price_per_unit": "229",
        "price_unit": "G"
      },
      {
        "state": "QLD",
        "price": "800",
        "price_per_unit": "229",
        "price_unit": "G"
      },
      {
        "state": "WA",
        "price": "800",
        "price_per_unit": "229",
        "price_unit": "G"
      },
      {
        "state": "WA",
        "price": "800",
        "price_per_unit": "229",
        "price_unit": "G"
      },
      {
        "state": "SA",
        "price": "800",
        "price_per_unit": "229",
        "price_unit": "G"
      },
      {
        "state": "SA",
        "price": "800",
        "price_per_unit": "229",
        "price_unit": "G"
      },
      {
        "state": "ACT",
        "price": "800",
        "price_per_unit": "229",
        "price_unit": "G"
      },
      {
        "state": "ACT",
        "price": "800",
        "price_per_unit": "229",
        "price_unit": "G"
      }
    ]
  },
  {
    "source_url": "https://www.woolworths.com.au/shop/productdetails/830497/woolworths-butter-chicken-with-rice-chilled-meal",
    "name": "Woolworths Butter Chicken With Rice Chilled Meal 350g",
    "image_url": "https://cdn1.woolworths.media/content/wowproductimages/large/830497.jpg",
    "source_id": "Woolworths - 830497",
    "barcode": "9339687216529",
    "shop": "Woolworths",
    "weight": "100G",
    "prices": [
      {
        "state": "NSW",
        "price": "800",
        "price_per_unit": "229",
        "price_unit": "G"
      },
      {
        "state": "NSW",
        "price": "800",
        "price_per_unit": "229",
        "price_unit": "G"
      },
      {
        "state": "VIC",
        "price": "800",
        "price_per_unit": "229",
        "price_unit": "G"
      },
      {
        "state": "VIC",
        "price": "800",
        "price_per_unit": "229",
        "price_unit": "G"
      },
      {
        "state": "QLD",
        "price": "800",
        "price_per_unit": "229",
        "price_unit": "G"
      },
      {
        "state": "QLD",
        "price": "800",
        "price_per_unit": "229",
        "price_unit": "G"
      },
      {
        "state": "WA",
        "price": "800",
        "price_per_unit": "229",
        "price_unit": "G"
      },
      {
        "state": "WA",
        "price": "800",
        "price_per_unit": "229",
        "price_unit": "G"
      },
      {
        "state": "SA",
        "price": "800",
        "price_per_unit": "229",
        "price_unit": "G"
      },
      {
        "state": "SA",
        "price": "800",
        "price_per_unit": "229",
        "price_unit": "G"
      },
      {
        "state": "TAS",
        "price": "800",
        "price_per_unit": "229",
        "price_unit": "G"
      },
      {
        "state": "TAS",
        "price": "800",
        "price_per_unit": "229",
        "price_unit": "G"
      },
      {
        "state": "ACT",
        "price": "800",
        "price_per_unit": "229",
        "price_unit": "G"
      },
      {
        "state": "ACT",
        "price": "800",
        "price_per_unit": "229",
        "price_unit": "G"
      },
      {
        "state": "NT",
        "price": "800",
        "price_per_unit": "229",
        "price_unit": "G"
      },
      {
        "state": "NT",
        "price": "800",
        "price_per_unit": "229",
        "price_unit": "G"
      }
    ]
  },
  {
    "source_url": "https://www.woolworths.com.au/shop/productdetails/183797/woolworths-calorie-controlled-beef-casserole-with-mash",
    "name": "Woolworths Calorie Controlled Beef Casserole With Mash 350g",
    "image_url": "https://cdn1.woolworths.media/content/wowproductimages/large/183797.jpg",
    "source_id": "Woolworths - 183797",
    "barcode": "9339687276424",
    "shop": "Woolworths",
    "weight": "100G",
    "prices": [
      {
        "state": "NSW",
        "price": "800",
        "price_per_unit": "229",
        "price_unit": "G"
      },
      {
        "state": "NSW",
        "price": "800",
        "price_per_unit": "229",
        "price_unit": "G"
      },
      {
        "state": "VIC",
        "price": "800",
        "price_per_unit": "229",
        "price_unit": "G"
      },
      {
        "state": "VIC",
        "price": "800",
        "price_per_unit": "229",
        "price_unit": "G"
      },
      {
        "state": "QLD",
        "price": "800",
        "price_per_unit": "229",
        "price_unit": "G"
      },
      {
        "state": "QLD",
        "price": "800",
        "price_per_unit": "229",
        "price_unit": "G"
      },
      {
        "state": "WA",
        "price": "800",
        "price_per_unit": "229",
        "price_unit": "G"
      },
      {
        "state": "WA",
        "price": "800",
        "price_per_unit": "229",
        "price_unit": "G"
      },
      {
        "state": "SA",
        "price": "800",
        "price_per_unit": "229",
        "price_unit": "G"
      },
      {
        "state": "SA",
        "price": "800",
        "price_per_unit": "229",
        "price_unit": "G"
      },
      {
        "state": "ACT",
        "price": "800",
        "price_per_unit": "229",
        "price_unit": "G"
      },
      {
        "state": "ACT",
        "price": "800",
        "price_per_unit": "229",
        "price_unit": "G"
      }
    ]
  },
  {
    "source_url": "https://www.woolworths.com.au/shop/productdetails/248072/woolworths-chargrilled-sage-onion-stuffed-chicken-breast",
    "name": "Woolworths Chargrilled Sage & Onion Stuffed Chicken Breast 400g",
    "image_url": "https://cdn1.woolworths.media/content/wowproductimages/large/248072.jpg",
    "source_id": "Woolworths - 248072",
    "barcode": "9339687315963",
    "shop": "Woolworths",
    "weight": "100G",
    "prices": [
      {
        "state": "NSW",
        "price": "1300",
        "price_per_unit": "325",
        "price_unit": "G"
      },
      {
        "state": "NSW",
        "price": "1300",
        "price_per_unit": "325",
        "price_unit": "G"
      },
      {
        "state": "QLD",
        "price": "1300",
        "price_per_unit": "325",
        "price_unit": "G"
      },
      {
        "state": "QLD",
        "price": "1300",
        "price_per_unit": "325",
        "price_unit": "G"
      },
      {
        "state": "WA",
        "price": "1300",
        "price_per_unit": "325",
        "price_unit": "G"
      },
      {
        "state": "WA",
        "price": "1300",
        "price_per_unit": "325",
        "price_unit": "G"
      },
      {
        "state": "SA",
        "price": "1300",
        "price_per_unit": "325",
        "price_unit": "G"
      },
      {
        "state": "SA",
        "price": "1300",
        "price_per_unit": "325",
        "price_unit": "G"
      },
      {
        "state": "ACT",
        "price": "1300",
        "price_per_unit": "325",
        "price_unit": "G"
      },
      {
        "state": "ACT",
        "price": "1300",
        "price_per_unit": "325",
        "price_unit": "G"
      }
    ]
  },
  {
    "source_url": "https://www.woolworths.com.au/shop/productdetails/502338/woolworths-chicken-leek-potato-pie",
    "name": "Woolworths Chicken & Leek Potato Pie 350g",
    "image_url": "https://cdn1.woolworths.media/content/wowproductimages/large/502338.jpg",
    "source_id": "Woolworths - 502338",
    "barcode": "9339687362967",
    "shop": "Woolworths",
    "weight": "100G",
    "prices": [
      {
        "state": "NSW",
        "price": "800",
        "price_per_unit": "229",
        "price_unit": "G"
      },
      {
        "state": "NSW",
        "price": "800",
        "price_per_unit": "229",
        "price_unit": "G"
      },
      {
        "state": "VIC",
        "price": "800",
        "price_per_unit": "229",
        "price_unit": "G"
      },
      {
        "state": "VIC",
        "price": "800",
        "price_per_unit": "229",
        "price_unit": "G"
      },
      {
        "state": "QLD",
        "price": "800",
        "price_per_unit": "229",
        "price_unit": "G"
      },
      {
        "state": "QLD",
        "price": "800",
        "price_per_unit": "229",
        "price_unit": "G"
      },
      {
        "state": "WA",
        "price": "800",
        "price_per_unit": "229",
        "price_unit": "G"
      },
      {
        "state": "WA",
        "price": "800",
        "price_per_unit": "229",
        "price_unit": "G"
      },
      {
        "state": "SA",
        "price": "800",
        "price_per_unit": "229",
        "price_unit": "G"
      },
      {
        "state": "SA",
        "price": "800",
        "price_per_unit": "229",
        "price_unit": "G"
      },
      {
        "state": "TAS",
        "price": "800",
        "price_per_unit": "229",
        "price_unit": "G"
      },
      {
        "state": "TAS",
        "price": "800",
        "price_per_unit": "229",
        "price_unit": "G"
      },
      {
        "state": "ACT",
        "price": "800",
        "price_per_unit": "229",
        "price_unit": "G"
      },
      {
        "state": "ACT",
        "price": "800",
        "price_per_unit": "229",
        "price_unit": "G"
      }
    ]
  },
  {
    "source_url": "https://www.woolworths.com.au/shop/productdetails/254076/woolworths-chicken-vegetable-pie",
    "name": "Woolworths Chicken & Vegetable Pie 700g",
    "image_url": "https://cdn1.woolworths.media/content/wowproductimages/large/254076.jpg",
    "source_id": "Woolworths - 254076",
    "barcode": "9339687319602",
    "shop": "Woolworths",
    "weight": "100G",
    "prices": [
      {
        "state": "NSW",
        "price": "1550",
        "price_per_unit": "221",
        "price_unit": "G"
      },
      {
        "state": "NSW",
        "price": "1550",
        "price_per_unit": "221",
        "price_unit": "G"
      },
      {
        "state": "WA",
        "price": "1550",
        "price_per_unit": "221",
        "price_unit": "G"
      },
      {
        "state": "WA",
        "price": "1550",
        "price_per_unit": "221",
        "price_unit": "G"
      },
      {
        "state": "SA",
        "price": "1550",
        "price_per_unit": "221",
        "price_unit": "G"
      },
      {
        "state": "SA",
        "price": "1550",
        "price_per_unit": "221",
        "price_unit": "G"
      },
      {
        "state": "TAS",
        "price": "1550",
        "price_per_unit": "221",
        "price_unit": "G"
      },
      {
        "state": "TAS",
        "price": "1550",
        "price_per_unit": "221",
        "price_unit": "G"
      },
      {
        "state": "ACT",
        "price": "1550",
        "price_per_unit": "221",
        "price_unit": "G"
      },
      {
        "state": "ACT",
        "price": "1550",
        "price_per_unit": "221",
        "price_unit": "G"
      }
    ]
  },
  {
    "source_url": "https://www.woolworths.com.au/shop/productdetails/507409/woolworths-chicken-casserole-with-mash",
    "name": "Woolworths Chicken Casserole With Mash 350g",
    "image_url": "https://cdn1.woolworths.media/content/wowproductimages/large/507409.jpg",
    "source_id": "Woolworths - 507409",
    "barcode": "9339687362998",
    "shop": "Woolworths",
    "weight": "100G",
    "prices": [
      {
        "state": "NSW",
        "price": "800",
        "price_per_unit": "229",
        "price_unit": "G"
      },
      {
        "state": "NSW",
        "price": "800",
        "price_per_unit": "229",
        "price_unit": "G"
      },
      {
        "state": "VIC",
        "price": "800",
        "price_per_unit": "229",
        "price_unit": "G"
      },
      {
        "state": "VIC",
        "price": "800",
        "price_per_unit": "229",
        "price_unit": "G"
      },
      {
        "state": "QLD",
        "price": "800",
        "price_per_unit": "229",
        "price_unit": "G"
      },
      {
        "state": "QLD",
        "price": "800",
        "price_per_unit": "229",
        "price_unit": "G"
      },
      {
        "state": "WA",
        "price": "800",
        "price_per_unit": "229",
        "price_unit": "G"
      },
      {
        "state": "WA",
        "price": "800",
        "price_per_unit": "229",
        "price_unit": "G"
      },
      {
        "state": "SA",
        "price": "800",
        "price_per_unit": "229",
        "price_unit": "G"
      },
      {
        "state": "SA",
        "price": "800",
        "price_per_unit": "229",
        "price_unit": "G"
      },
      {
        "state": "TAS",
        "price": "800",
        "price_per_unit": "229",
        "price_unit": "G"
      },
      {
        "state": "TAS",
        "price": "800",
        "price_per_unit": "229",
        "price_unit": "G"
      },
      {
        "state": "ACT",
        "price": "800",
        "price_per_unit": "229",
        "price_unit": "G"
      },
      {
        "state": "ACT",
        "price": "800",
        "price_per_unit": "229",
        "price_unit": "G"
      }
    ]
  },
  {
    "source_url": "https://www.woolworths.com.au/shop/productdetails/281010/woolworths-chicken-stroganoff-rice",
    "name": "Woolworths Chicken Stroganoff & Rice 350g",
    "image_url": "https://cdn1.woolworths.media/content/wowproductimages/large/281010.jpg",
    "source_id": "Woolworths - 281010",
    "barcode": "9339687338726",
    "shop": "Woolworths",
    "weight": "100G",
    "prices": [
      {
        "state": "NSW",
        "price": "800",
        "price_per_unit": "229",
        "price_unit": "G"
      },
      {
        "state": "NSW",
        "price": "800",
        "price_per_unit": "229",
        "price_unit": "G"
      },
      {
        "state": "VIC",
        "price": "800",
        "price_per_unit": "229",
        "price_unit": "G"
      },
      {
        "state": "VIC",
        "price": "800",
        "price_per_unit": "229",
        "price_unit": "G"
      },
      {
        "state": "QLD",
        "price": "800",
        "price_per_unit": "229",
        "price_unit": "G"
      },
      {
        "state": "QLD",
        "price": "800",
        "price_per_unit": "229",
        "price_unit": "G"
      },
      {
        "state": "WA",
        "price": "800",
        "price_per_unit": "229",
        "price_unit": "G"
      },
      {
        "state": "WA",
        "price": "800",
        "price_per_unit": "229",
        "price_unit": "G"
      },
      {
        "state": "SA",
        "price": "800",
        "price_per_unit": "229",
        "price_unit": "G"
      },
      {
        "state": "SA",
        "price": "800",
        "price_per_unit": "229",
        "price_unit": "G"
      },
      {
        "state": "TAS",
        "price": "800",
        "price_per_unit": "229",
        "price_unit": "G"
      },
      {
        "state": "TAS",
        "price": "800",
        "price_per_unit": "229",
        "price_unit": "G"
      },
      {
        "state": "ACT",
        "price": "800",
        "price_per_unit": "229",
        "price_unit": "G"
      },
      {
        "state": "ACT",
        "price": "800",
        "price_per_unit": "229",
        "price_unit": "G"
      }
    ]
  },
  {
    "source_url": "https://www.woolworths.com.au/shop/productdetails/281009/woolworths-chilli-con-carne-rice",
    "name": "Woolworths Chilli Con Carne & Rice 350g",
    "image_url": "https://cdn1.woolworths.media/content/wowproductimages/large/281009.jpg",
    "source_id": "Woolworths - 281009",
    "barcode": "9339687338719",
    "shop": "Woolworths",
    "weight": "100G",
    "prices": [
      {
        "state": "NSW",
        "price": "800",
        "price_per_unit": "229",
        "price_unit": "G"
      },
      {
        "state": "NSW",
        "price": "800",
        "price_per_unit": "229",
        "price_unit": "G"
      },
      {
        "state": "VIC",
        "price": "800",
        "price_per_unit": "229",
        "price_unit": "G"
      },
      {
        "state": "VIC",
        "price": "800",
        "price_per_unit": "229",
        "price_unit": "G"
      },
      {
        "state": "QLD",
        "price": "800",
        "price_per_unit": "229",
        "price_unit": "G"
      },
      {
        "state": "QLD",
        "price": "800",
        "price_per_unit": "229",
        "price_unit": "G"
      },
      {
        "state": "WA",
        "price": "800",
        "price_per_unit": "229",
        "price_unit": "G"
      },
      {
        "state": "WA",
        "price": "800",
        "price_per_unit": "229",
        "price_unit": "G"
      },
      {
        "state": "SA",
        "price": "800",
        "price_per_unit": "229",
        "price_unit": "G"
      },
      {
        "state": "SA",
        "price": "800",
        "price_per_unit": "229",
        "price_unit": "G"
      },
      {
        "state": "TAS",
        "price": "800",
        "price_per_unit": "229",
        "price_unit": "G"
      },
      {
        "state": "TAS",
        "price": "800",
        "price_per_unit": "229",
        "price_unit": "G"
      },
      {
        "state": "ACT",
        "price": "800",
        "price_per_unit": "229",
        "price_unit": "G"
      },
      {
        "state": "ACT",
        "price": "800",
        "price_per_unit": "229",
        "price_unit": "G"
      }
    ]
  },
  {
    "source_url": "https://www.woolworths.com.au/shop/productdetails/211613/woolworths-chilli-con-carne",
    "name": "Woolworths Chilli Con Carne 800g",
    "image_url": "https://cdn1.woolworths.media/content/wowproductimages/large/211613.jpg",
    "source_id": "Woolworths - 211613",
    "barcode": "9339687301683",
    "shop": "Woolworths",
    "weight": "100G",
    "prices": [
      {
        "state": "NSW",
        "price": "1400",
        "price_per_unit": "175",
        "price_unit": "G"
      },
      {
        "state": "NSW",
        "price": "1400",
        "price_per_unit": "175",
        "price_unit": "G"
      },
      {
        "state": "VIC",
        "price": "1400",
        "price_per_unit": "175",
        "price_unit": "G"
      },
      {
        "state": "VIC",
        "price": "1400",
        "price_per_unit": "175",
        "price_unit": "G"
      },
      {
        "state": "SA",
        "price": "1400",
        "price_per_unit": "175",
        "price_unit": "G"
      },
      {
        "state": "SA",
        "price": "1400",
        "price_per_unit": "175",
        "price_unit": "G"
      },
      {
        "state": "TAS",
        "price": "1400",
        "price_per_unit": "175",
        "price_unit": "G"
      },
      {
        "state": "TAS",
        "price": "1400",
        "price_per_unit": "175",
        "price_unit": "G"
      }
    ]
  },
  {
    "source_url": "https://www.woolworths.com.au/shop/productdetails/254078/woolworths-chunky-beef-vegetable-pie",
    "name": "Woolworths Chunky Beef & Vegetable Pie 700g",
    "image_url": "https://cdn1.woolworths.media/content/wowproductimages/large/254078.jpg",
    "source_id": "Woolworths - 254078",
    "barcode": "9339687319619",
    "shop": "Woolworths",
    "weight": "100G",
    "prices": [
      {
        "state": "NSW",
        "price": "1550",
        "price_per_unit": "221",
        "price_unit": "G"
      },
      {
        "state": "NSW",
        "price": "1550",
        "price_per_unit": "221",
        "price_unit": "G"
      },
      {
        "state": "QLD",
        "price": "1550",
        "price_per_unit": "221",
        "price_unit": "G"
      },
      {
        "state": "QLD",
        "price": "1550",
        "price_per_unit": "221",
        "price_unit": "G"
      },
      {
        "state": "WA",
        "price": "1550",
        "price_per_unit": "221",
        "price_unit": "G"
      },
      {
        "state": "WA",
        "price": "1550",
        "price_per_unit": "221",
        "price_unit": "G"
      },
      {
        "state": "SA",
        "price": "1550",
        "price_per_unit": "221",
        "price_unit": "G"
      },
      {
        "state": "SA",
        "price": "1550",
        "price_per_unit": "221",
        "price_unit": "G"
      },
      {
        "state": "ACT",
        "price": "1550",
        "price_per_unit": "221",
        "price_unit": "G"
      },
      {
        "state": "ACT",
        "price": "1550",
        "price_per_unit": "221",
        "price_unit": "G"
      }
    ]
  },
  {
    "source_url": "https://www.woolworths.com.au/shop/productdetails/127095/woolworths-classic-butter-chicken-chilled-meal",
    "name": "Woolworths Classic Butter Chicken Chilled Meal 400g",
    "image_url": "https://cdn1.woolworths.media/content/wowproductimages/large/127095.jpg",
    "source_id": "Woolworths - 127095",
    "barcode": "9339687216413",
    "shop": "Woolworths",
    "weight": "100G",
    "prices": [
      {
        "state": "NSW",
        "price": "890",
        "price_per_unit": "223",
        "price_unit": "G"
      },
      {
        "state": "NSW",
        "price": "890",
        "price_per_unit": "223",
        "price_unit": "G"
      },
      {
        "state": "VIC",
        "price": "890",
        "price_per_unit": "223",
        "price_unit": "G"
      },
      {
        "state": "VIC",
        "price": "890",
        "price_per_unit": "223",
        "price_unit": "G"
      },
      {
        "state": "WA",
        "price": "890",
        "price_per_unit": "223",
        "price_unit": "G"
      },
      {
        "state": "WA",
        "price": "890",
        "price_per_unit": "223",
        "price_unit": "G"
      },
      {
        "state": "SA",
        "price": "890",
        "price_per_unit": "223",
        "price_unit": "G"
      },
      {
        "state": "SA",
        "price": "890",
        "price_per_unit": "223",
        "price_unit": "G"
      },
      {
        "state": "TAS",
        "price": "890",
        "price_per_unit": "223",
        "price_unit": "G"
      },
      {
        "state": "TAS",
        "price": "890",
        "price_per_unit": "223",
        "price_unit": "G"
      },
      {
        "state": "ACT",
        "price": "890",
        "price_per_unit": "223",
        "price_unit": "G"
      },
      {
        "state": "ACT",
        "price": "890",
        "price_per_unit": "223",
        "price_unit": "G"
      }
    ]
  },
  {
    "source_url": "https://www.woolworths.com.au/shop/productdetails/693325/woolworths-cottage-pie-null",
    "name": "Woolworths Cottage Pie 350g",
    "image_url": "https://cdn1.woolworths.media/content/wowproductimages/large/693325.jpg",
    "source_id": "Woolworths - 693325",
    "barcode": "9339687216499",
    "shop": "Woolworths",
    "weight": "100G",
    "prices": [
      {
        "state": "NSW",
        "price": "800",
        "price_per_unit": "229",
        "price_unit": "G"
      },
      {
        "state": "NSW",
        "price": "800",
        "price_per_unit": "229",
        "price_unit": "G"
      },
      {
        "state": "QLD",
        "price": "800",
        "price_per_unit": "229",
        "price_unit": "G"
      },
      {
        "state": "QLD",
        "price": "800",
        "price_per_unit": "229",
        "price_unit": "G"
      },
      {
        "state": "WA",
        "price": "800",
        "price_per_unit": "229",
        "price_unit": "G"
      },
      {
        "state": "WA",
        "price": "800",
        "price_per_unit": "229",
        "price_unit": "G"
      },
      {
        "state": "SA",
        "price": "800",
        "price_per_unit": "229",
        "price_unit": "G"
      },
      {
        "state": "SA",
        "price": "800",
        "price_per_unit": "229",
        "price_unit": "G"
      },
      {
        "state": "TAS",
        "price": "800",
        "price_per_unit": "229",
        "price_unit": "G"
      },
      {
        "state": "TAS",
        "price": "800",
        "price_per_unit": "229",
        "price_unit": "G"
      },
      {
        "state": "ACT",
        "price": "800",
        "price_per_unit": "229",
        "price_unit": "G"
      },
      {
        "state": "ACT",
        "price": "800",
        "price_per_unit": "229",
        "price_unit": "G"
      },
      {
        "state": "NT",
        "price": "800",
        "price_per_unit": "229",
        "price_unit": "G"
      },
      {
        "state": "NT",
        "price": "800",
        "price_per_unit": "229",
        "price_unit": "G"
      }
    ]
  },
  {
    "source_url": "https://www.woolworths.com.au/shop/productdetails/281011/woolworths-cottage-pie-with-sweet-potato-mash",
    "name": "Woolworths Cottage Pie With Sweet Potato Mash 350g",
    "image_url": "https://cdn1.woolworths.media/content/wowproductimages/large/281011.jpg",
    "source_id": "Woolworths - 281011",
    "barcode": "9339687338733",
    "shop": "Woolworths",
    "weight": "100G",
    "prices": [
      {
        "state": "NSW",
        "price": "800",
        "price_per_unit": "229",
        "price_unit": "G"
      },
      {
        "state": "NSW",
        "price": "800",
        "price_per_unit": "229",
        "price_unit": "G"
      },
      {
        "state": "VIC",
        "price": "800",
        "price_per_unit": "229",
        "price_unit": "G"
      },
      {
        "state": "VIC",
        "price": "800",
        "price_per_unit": "229",
        "price_unit": "G"
      },
      {
        "state": "QLD",
        "price": "800",
        "price_per_unit": "229",
        "price_unit": "G"
      },
      {
        "state": "QLD",
        "price": "800",
        "price_per_unit": "229",
        "price_unit": "G"
      },
      {
        "state": "WA",
        "price": "800",
        "price_per_unit": "229",
        "price_unit": "G"
      },
      {
        "state": "WA",
        "price": "800",
        "price_per_unit": "229",
        "price_unit": "G"
      },
      {
        "state": "TAS",
        "price": "800",
        "price_per_unit": "229",
        "price_unit": "G"
      },
      {
        "state": "TAS",
        "price": "800",
        "price_per_unit": "229",
        "price_unit": "G"
      },
      {
        "state": "ACT",
        "price": "800",
        "price_per_unit": "229",
        "price_unit": "G"
      },
      {
        "state": "ACT",
        "price": "800",
        "price_per_unit": "229",
        "price_unit": "G"
      }
    ]
  },
  {
    "source_url": "https://www.woolworths.com.au/shop/productdetails/281007/woolworths-curried-sausages-mash",
    "name": "Woolworths Curried Sausages & Mash 350g",
    "image_url": "https://cdn1.woolworths.media/content/wowproductimages/large/281007.jpg",
    "source_id": "Woolworths - 281007",
    "barcode": "9339687338702",
    "shop": "Woolworths",
    "weight": "100G",
    "prices": [
      {
        "state": "NSW",
        "price": "800",
        "price_per_unit": "229",
        "price_unit": "G"
      },
      {
        "state": "NSW",
        "price": "800",
        "price_per_unit": "229",
        "price_unit": "G"
      },
      {
        "state": "VIC",
        "price": "800",
        "price_per_unit": "229",
        "price_unit": "G"
      },
      {
        "state": "VIC",
        "price": "800",
        "price_per_unit": "229",
        "price_unit": "G"
      },
      {
        "state": "SA",
        "price": "800",
        "price_per_unit": "229",
        "price_unit": "G"
      },
      {
        "state": "SA",
        "price": "800",
        "price_per_unit": "229",
        "price_unit": "G"
      },
      {
        "state": "TAS",
        "price": "800",
        "price_per_unit": "229",
        "price_unit": "G"
      },
      {
        "state": "TAS",
        "price": "800",
        "price_per_unit": "229",
        "price_unit": "G"
      }
    ]
  },
  {
    "source_url": "https://www.woolworths.com.au/shop/productdetails/306330/woolworths-curried-sausages",
    "name": "Woolworths Curried Sausages 800g",
    "image_url": "https://cdn1.woolworths.media/content/wowproductimages/large/306330.jpg",
    "source_id": "Woolworths - 306330",
    "barcode": "9339687344451",
    "shop": "Woolworths",
    "weight": "100G",
    "prices": [
      {
        "state": "NSW",
        "price": "1400",
        "price_per_unit": "175",
        "price_unit": "G"
      },
      {
        "state": "NSW",
        "price": "1400",
        "price_per_unit": "175",
        "price_unit": "G"
      },
      {
        "state": "VIC",
        "price": "1400",
        "price_per_unit": "175",
        "price_unit": "G"
      },
      {
        "state": "VIC",
        "price": "1400",
        "price_per_unit": "175",
        "price_unit": "G"
      },
      {
        "state": "WA",
        "price": "1400",
        "price_per_unit": "175",
        "price_unit": "G"
      },
      {
        "state": "WA",
        "price": "1400",
        "price_per_unit": "175",
        "price_unit": "G"
      },
      {
        "state": "SA",
        "price": "1400",
        "price_per_unit": "175",
        "price_unit": "G"
      },
      {
        "state": "SA",
        "price": "1400",
        "price_per_unit": "175",
        "price_unit": "G"
      },
      {
        "state": "TAS",
        "price": "1400",
        "price_per_unit": "175",
        "price_unit": "G"
      },
      {
        "state": "TAS",
        "price": "1400",
        "price_per_unit": "175",
        "price_unit": "G"
      },
      {
        "state": "ACT",
        "price": "1400",
        "price_per_unit": "175",
        "price_unit": "G"
      },
      {
        "state": "ACT",
        "price": "1400",
        "price_per_unit": "175",
        "price_unit": "G"
      }
    ]
  },
  {
    "source_url": "https://www.woolworths.com.au/shop/productdetails/681569/woolworths-family-classics-cottage-pie-null",
    "name": "Woolworths Family Classics Cottage Pie 1.1kg",
    "image_url": "https://cdn1.woolworths.media/content/wowproductimages/large/681569.jpg",
    "source_id": "Woolworths - 681569",
    "barcode": "9339687040377",
    "shop": "Woolworths",
    "weight": "100G",
    "prices": [
      {
        "state": "NSW",
        "price": "1400",
        "price_per_unit": "127",
        "price_unit": "G"
      },
      {
        "state": "NSW",
        "price": "1400",
        "price_per_unit": "127",
        "price_unit": "G"
      },
      {
        "state": "VIC",
        "price": "1400",
        "price_per_unit": "127",
        "price_unit": "G"
      },
      {
        "state": "VIC",
        "price": "1400",
        "price_per_unit": "127",
        "price_unit": "G"
      },
      {
        "state": "QLD",
        "price": "1400",
        "price_per_unit": "127",
        "price_unit": "G"
      },
      {
        "state": "QLD",
        "price": "1400",
        "price_per_unit": "127",
        "price_unit": "G"
      },
      {
        "state": "WA",
        "price": "1400",
        "price_per_unit": "127",
        "price_unit": "G"
      },
      {
        "state": "WA",
        "price": "1400",
        "price_per_unit": "127",
        "price_unit": "G"
      },
      {
        "state": "SA",
        "price": "1400",
        "price_per_unit": "127",
        "price_unit": "G"
      },
      {
        "state": "SA",
        "price": "1400",
        "price_per_unit": "127",
        "price_unit": "G"
      },
      {
        "state": "TAS",
        "price": "1400",
        "price_per_unit": "127",
        "price_unit": "G"
      },
      {
        "state": "TAS",
        "price": "1400",
        "price_per_unit": "127",
        "price_unit": "G"
      },
      {
        "state": "ACT",
        "price": "1400",
        "price_per_unit": "127",
        "price_unit": "G"
      },
      {
        "state": "ACT",
        "price": "1400",
        "price_per_unit": "127",
        "price_unit": "G"
      },
      {
        "state": "NT",
        "price": "1400",
        "price_per_unit": "127",
        "price_unit": "G"
      },
      {
        "state": "NT",
        "price": "1400",
        "price_per_unit": "127",
        "price_unit": "G"
      }
    ]
  },
  {
    "source_url": "https://www.woolworths.com.au/shop/productdetails/652062/woolworths-fettuccine-carbonara-chilled-meal",
    "name": "Woolworths Fettuccine Carbonara Chilled Meal 350g",
    "image_url": "https://cdn1.woolworths.media/content/wowproductimages/large/652062.jpg",
    "source_id": "Woolworths - 652062",
    "barcode": "9300633686451",
    "shop": "Woolworths",
    "weight": "100G",
    "prices": [
      {
        "state": "NSW",
        "price": "800",
        "price_per_unit": "229",
        "price_unit": "G"
      },
      {
        "state": "NSW",
        "price": "800",
        "price_per_unit": "229",
        "price_unit": "G"
      },
      {
        "state": "VIC",
        "price": "800",
        "price_per_unit": "229",
        "price_unit": "G"
      },
      {
        "state": "VIC",
        "price": "800",
        "price_per_unit": "229",
        "price_unit": "G"
      },
      {
        "state": "QLD",
        "price": "800",
        "price_per_unit": "229",
        "price_unit": "G"
      },
      {
        "state": "QLD",
        "price": "800",
        "price_per_unit": "229",
        "price_unit": "G"
      },
      {
        "state": "WA",
        "price": "800",
        "price_per_unit": "229",
        "price_unit": "G"
      },
      {
        "state": "WA",
        "price": "800",
        "price_per_unit": "229",
        "price_unit": "G"
      },
      {
        "state": "SA",
        "price": "800",
        "price_per_unit": "229",
        "price_unit": "G"
      },
      {
        "state": "SA",
        "price": "800",
        "price_per_unit": "229",
        "price_unit": "G"
      },
      {
        "state": "TAS",
        "price": "800",
        "price_per_unit": "229",
        "price_unit": "G"
      },
      {
        "state": "TAS",
        "price": "800",
        "price_per_unit": "229",
        "price_unit": "G"
      },
      {
        "state": "ACT",
        "price": "800",
        "price_per_unit": "229",
        "price_unit": "G"
      },
      {
        "state": "ACT",
        "price": "800",
        "price_per_unit": "229",
        "price_unit": "G"
      },
      {
        "state": "NT",
        "price": "800",
        "price_per_unit": "229",
        "price_unit": "G"
      },
      {
        "state": "NT",
        "price": "800",
        "price_per_unit": "229",
        "price_unit": "G"
      }
    ]
  },
  {
    "source_url": "https://www.woolworths.com.au/shop/productdetails/505747/woolworths-lamb-moussaka-with-panko-herb-crumb",
    "name": "Woolworths Lamb Moussaka With Panko Herb Crumb 700g",
    "image_url": "https://cdn1.woolworths.media/content/wowproductimages/large/505747.jpg",
    "source_id": "Woolworths - 505747",
    "barcode": "9339687362882",
    "shop": "Woolworths",
    "weight": "100G",
    "prices": [
      {
        "state": "NSW",
        "price": "1450",
        "price_per_unit": "207",
        "price_unit": "G"
      },
      {
        "state": "NSW",
        "price": "1450",
        "price_per_unit": "207",
        "price_unit": "G"
      },
      {
        "state": "WA",
        "price": "1450",
        "price_per_unit": "207",
        "price_unit": "G"
      },
      {
        "state": "WA",
        "price": "1450",
        "price_per_unit": "207",
        "price_unit": "G"
      },
      {
        "state": "SA",
        "price": "1450",
        "price_per_unit": "207",
        "price_unit": "G"
      },
      {
        "state": "SA",
        "price": "1450",
        "price_per_unit": "207",
        "price_unit": "G"
      },
      {
        "state": "TAS",
        "price": "1450",
        "price_per_unit": "207",
        "price_unit": "G"
      },
      {
        "state": "TAS",
        "price": "1450",
        "price_per_unit": "207",
        "price_unit": "G"
      },
      {
        "state": "ACT",
        "price": "1450",
        "price_per_unit": "207",
        "price_unit": "G"
      },
      {
        "state": "ACT",
        "price": "1450",
        "price_per_unit": "207",
        "price_unit": "G"
      }
    ]
  },
  {
    "source_url": "https://www.woolworths.com.au/shop/productdetails/161980/woolworths-macaroni-cheese-chilled-meal",
    "name": "Woolworths Macaroni & Cheese Chilled Meal 1.1kg",
    "image_url": "https://cdn1.woolworths.media/content/wowproductimages/large/161980.jpg",
    "source_id": "Woolworths - 161980",
    "barcode": "9339687264025",
    "shop": "Woolworths",
    "weight": "100G",
    "prices": [
      {
        "state": "NSW",
        "price": "1400",
        "price_per_unit": "127",
        "price_unit": "G"
      },
      {
        "state": "NSW",
        "price": "1400",
        "price_per_unit": "127",
        "price_unit": "G"
      },
      {
        "state": "VIC",
        "price": "1400",
        "price_per_unit": "127",
        "price_unit": "G"
      },
      {
        "state": "VIC",
        "price": "1400",
        "price_per_unit": "127",
        "price_unit": "G"
      },
      {
        "state": "WA",
        "price": "1400",
        "price_per_unit": "127",
        "price_unit": "G"
      },
      {
        "state": "WA",
        "price": "1400",
        "price_per_unit": "127",
        "price_unit": "G"
      },
      {
        "state": "SA",
        "price": "1400",
        "price_per_unit": "127",
        "price_unit": "G"
      },
      {
        "state": "SA",
        "price": "1400",
        "price_per_unit": "127",
        "price_unit": "G"
      },
      {
        "state": "TAS",
        "price": "1400",
        "price_per_unit": "127",
        "price_unit": "G"
      },
      {
        "state": "TAS",
        "price": "1400",
        "price_per_unit": "127",
        "price_unit": "G"
      },
      {
        "state": "ACT",
        "price": "1400",
        "price_per_unit": "127",
        "price_unit": "G"
      },
      {
        "state": "ACT",
        "price": "1400",
        "price_per_unit": "127",
        "price_unit": "G"
      }
    ]
  },
  {
    "source_url": "https://www.woolworths.com.au/shop/productdetails/827222/woolworths-macaroni-cheese-chilled-meal",
    "name": "Woolworths Macaroni & Cheese Chilled Meal 350g",
    "image_url": "https://cdn1.woolworths.media/content/wowproductimages/large/827222.jpg",
    "source_id": "Woolworths - 827222",
    "barcode": "9300633718398",
    "shop": "Woolworths",
    "weight": "100G",
    "prices": [
      {
        "state": "NSW",
        "price": "800",
        "price_per_unit": "229",
        "price_unit": "G"
      },
      {
        "state": "NSW",
        "price": "800",
        "price_per_unit": "229",
        "price_unit": "G"
      },
      {
        "state": "VIC",
        "price": "800",
        "price_per_unit": "229",
        "price_unit": "G"
      },
      {
        "state": "VIC",
        "price": "800",
        "price_per_unit": "229",
        "price_unit": "G"
      },
      {
        "state": "QLD",
        "price": "800",
        "price_per_unit": "229",
        "price_unit": "G"
      },
      {
        "state": "QLD",
        "price": "800",
        "price_per_unit": "229",
        "price_unit": "G"
      },
      {
        "state": "WA",
        "price": "800",
        "price_per_unit": "229",
        "price_unit": "G"
      },
      {
        "state": "WA",
        "price": "800",
        "price_per_unit": "229",
        "price_unit": "G"
      },
      {
        "state": "SA",
        "price": "800",
        "price_per_unit": "229",
        "price_unit": "G"
      },
      {
        "state": "SA",
        "price": "800",
        "price_per_unit": "229",
        "price_unit": "G"
      },
      {
        "state": "TAS",
        "price": "800",
        "price_per_unit": "229",
        "price_unit": "G"
      },
      {
        "state": "TAS",
        "price": "800",
        "price_per_unit": "229",
        "price_unit": "G"
      },
      {
        "state": "ACT",
        "price": "800",
        "price_per_unit": "229",
        "price_unit": "G"
      },
      {
        "state": "ACT",
        "price": "800",
        "price_per_unit": "229",
        "price_unit": "G"
      },
      {
        "state": "NT",
        "price": "800",
        "price_per_unit": "229",
        "price_unit": "G"
      },
      {
        "state": "NT",
        "price": "800",
        "price_per_unit": "229",
        "price_unit": "G"
      }
    ]
  },
  {
    "source_url": "https://www.woolworths.com.au/shop/productdetails/827477/woolworths-new-york-pepper-steak-chilled-meal",
    "name": "Woolworths New York Pepper Steak Chilled Meal 400g",
    "image_url": "https://cdn1.woolworths.media/content/wowproductimages/large/827477.jpg",
    "source_id": "Woolworths - 827477",
    "barcode": "9300633717025",
    "shop": "Woolworths",
    "weight": "100G",
    "prices": [
      {
        "state": "NSW",
        "price": "1300",
        "price_per_unit": "325",
        "price_unit": "G"
      },
      {
        "state": "NSW",
        "price": "1300",
        "price_per_unit": "325",
        "price_unit": "G"
      },
      {
        "state": "QLD",
        "price": "1300",
        "price_per_unit": "325",
        "price_unit": "G"
      },
      {
        "state": "QLD",
        "price": "1300",
        "price_per_unit": "325",
        "price_unit": "G"
      },
      {
        "state": "WA",
        "price": "1300",
        "price_per_unit": "325",
        "price_unit": "G"
      },
      {
        "state": "WA",
        "price": "1300",
        "price_per_unit": "325",
        "price_unit": "G"
      },
      {
        "state": "SA",
        "price": "1300",
        "price_per_unit": "325",
        "price_unit": "G"
      },
      {
        "state": "SA",
        "price": "1300",
        "price_per_unit": "325",
        "price_unit": "G"
      },
      {
        "state": "TAS",
        "price": "1300",
        "price_per_unit": "325",
        "price_unit": "G"
      },
      {
        "state": "TAS",
        "price": "1300",
        "price_per_unit": "325",
        "price_unit": "G"
      },
      {
        "state": "ACT",
        "price": "1300",
        "price_per_unit": "325",
        "price_unit": "G"
      },
      {
        "state": "ACT",
        "price": "1300",
        "price_per_unit": "325",
        "price_unit": "G"
      }
    ]
  },
  {
    "source_url": "https://www.woolworths.com.au/shop/productdetails/827476/woolworths-prosciutto-wrapped-chicken-chilled-meal",
    "name": "Woolworths Prosciutto Wrapped Chicken Chilled Meal 400g",
    "image_url": "https://cdn1.woolworths.media/content/wowproductimages/large/827476.jpg",
    "source_id": "Woolworths - 827476",
    "barcode": "9300633717018",
    "shop": "Woolworths",
    "weight": "100G",
    "prices": [
      {
        "state": "NSW",
        "price": "1300",
        "price_per_unit": "325",
        "price_unit": "G"
      },
      {
        "state": "NSW",
        "price": "1300",
        "price_per_unit": "325",
        "price_unit": "G"
      },
      {
        "state": "QLD",
        "price": "1300",
        "price_per_unit": "325",
        "price_unit": "G"
      },
      {
        "state": "QLD",
        "price": "1300",
        "price_per_unit": "325",
        "price_unit": "G"
      },
      {
        "state": "WA",
        "price": "1300",
        "price_per_unit": "325",
        "price_unit": "G"
      },
      {
        "state": "WA",
        "price": "1300",
        "price_per_unit": "325",
        "price_unit": "G"
      },
      {
        "state": "SA",
        "price": "1300",
        "price_per_unit": "325",
        "price_unit": "G"
      },
      {
        "state": "SA",
        "price": "1300",
        "price_per_unit": "325",
        "price_unit": "G"
      },
      {
        "state": "TAS",
        "price": "1300",
        "price_per_unit": "325",
        "price_unit": "G"
      },
      {
        "state": "TAS",
        "price": "1300",
        "price_per_unit": "325",
        "price_unit": "G"
      },
      {
        "state": "ACT",
        "price": "1300",
        "price_per_unit": "325",
        "price_unit": "G"
      },
      {
        "state": "ACT",
        "price": "1300",
        "price_per_unit": "325",
        "price_unit": "G"
      }
    ]
  },
  {
    "source_url": "https://www.woolworths.com.au/shop/productdetails/466234/woolworths-quiche-lorraine",
    "name": "Woolworths Quiche Lorraine 2 Pack",
    "image_url": "https://cdn1.woolworths.media/content/wowproductimages/large/466234.jpg",
    "source_id": "Woolworths - 466234",
    "barcode": "9339687361847",
    "shop": "Woolworths",
    "weight": "100G",
    "prices": [
      {
        "state": "NSW",
        "price": "900",
        "price_per_unit": "200",
        "price_unit": "G"
      },
      {
        "state": "NSW",
        "price": "900",
        "price_per_unit": "200",
        "price_unit": "G"
      },
      {
        "state": "QLD",
        "price": "900",
        "price_per_unit": "200",
        "price_unit": "G"
      },
      {
        "state": "QLD",
        "price": "900",
        "price_per_unit": "200",
        "price_unit": "G"
      },
      {
        "state": "ACT",
        "price": "900",
        "price_per_unit": "200",
        "price_unit": "G"
      },
      {
        "state": "ACT",
        "price": "900",
        "price_per_unit": "200",
        "price_unit": "G"
      }
    ]
  },
  {
    "source_url": "https://www.woolworths.com.au/shop/productdetails/134251/woolworths-roasted-garlic-mash-lamb-shepherd-s-pie",
    "name": "Woolworths Roasted Garlic Mash Lamb Shepherd's Pie 700g",
    "image_url": "https://cdn1.woolworths.media/content/wowproductimages/large/134251.jpg",
    "source_id": "Woolworths - 134251",
    "barcode": "9339687224272",
    "shop": "Woolworths",
    "weight": "100G",
    "prices": [
      {
        "state": "NSW",
        "price": "1450",
        "price_per_unit": "207",
        "price_unit": "G"
      },
      {
        "state": "NSW",
        "price": "1450",
        "price_per_unit": "207",
        "price_unit": "G"
      },
      {
        "state": "VIC",
        "price": "1450",
        "price_per_unit": "207",
        "price_unit": "G"
      },
      {
        "state": "VIC",
        "price": "1450",
        "price_per_unit": "207",
        "price_unit": "G"
      },
      {
        "state": "SA",
        "price": "1450",
        "price_per_unit": "207",
        "price_unit": "G"
      },
      {
        "state": "SA",
        "price": "1450",
        "price_per_unit": "207",
        "price_unit": "G"
      },
      {
        "state": "TAS",
        "price": "1450",
        "price_per_unit": "207",
        "price_unit": "G"
      },
      {
        "state": "TAS",
        "price": "1450",
        "price_per_unit": "207",
        "price_unit": "G"
      },
      {
        "state": "ACT",
        "price": "1450",
        "price_per_unit": "207",
        "price_unit": "G"
      },
      {
        "state": "ACT",
        "price": "1450",
        "price_per_unit": "207",
        "price_unit": "G"
      }
    ]
  },
  {
    "source_url": "https://www.woolworths.com.au/shop/productdetails/827474/woolworths-rosemary-lamb-shanks-chilled-meal",
    "name": "Woolworths Rosemary Lamb Shanks Chilled Meal 800g",
    "image_url": "https://cdn1.woolworths.media/content/wowproductimages/large/827474.jpg",
    "source_id": "Woolworths - 827474",
    "barcode": "9300633716998",
    "shop": "Woolworths",
    "weight": "100G",
    "prices": [
      {
        "state": "NSW",
        "price": "1800",
        "price_per_unit": "225",
        "price_unit": "G"
      },
      {
        "state": "NSW",
        "price": "1800",
        "price_per_unit": "225",
        "price_unit": "G"
      },
      {
        "state": "QLD",
        "price": "1800",
        "price_per_unit": "225",
        "price_unit": "G"
      },
      {
        "state": "QLD",
        "price": "1800",
        "price_per_unit": "225",
        "price_unit": "G"
      },
      {
        "state": "WA",
        "price": "1800",
        "price_per_unit": "225",
        "price_unit": "G"
      },
      {
        "state": "WA",
        "price": "1800",
        "price_per_unit": "225",
        "price_unit": "G"
      },
      {
        "state": "SA",
        "price": "1800",
        "price_per_unit": "225",
        "price_unit": "G"
      },
      {
        "state": "SA",
        "price": "1800",
        "price_per_unit": "225",
        "price_unit": "G"
      },
      {
        "state": "TAS",
        "price": "1800",
        "price_per_unit": "225",
        "price_unit": "G"
      },
      {
        "state": "TAS",
        "price": "1800",
        "price_per_unit": "225",
        "price_unit": "G"
      },
      {
        "state": "ACT",
        "price": "1800",
        "price_per_unit": "225",
        "price_unit": "G"
      },
      {
        "state": "ACT",
        "price": "1800",
        "price_per_unit": "225",
        "price_unit": "G"
      }
    ]
  },
  {
    "source_url": "https://www.woolworths.com.au/shop/productdetails/810227/woolworths-singapore-noodles-chilled-meal",
    "name": "Woolworths Singapore Noodles Chilled Meal 350g",
    "image_url": "https://cdn1.woolworths.media/content/wowproductimages/large/810227.jpg",
    "source_id": "Woolworths - 810227",
    "barcode": "9339687216468",
    "shop": "Woolworths",
    "weight": "100G",
    "prices": [
      {
        "state": "NSW",
        "price": "800",
        "price_per_unit": "229",
        "price_unit": "G"
      },
      {
        "state": "NSW",
        "price": "800",
        "price_per_unit": "229",
        "price_unit": "G"
      },
      {
        "state": "VIC",
        "price": "800",
        "price_per_unit": "229",
        "price_unit": "G"
      },
      {
        "state": "VIC",
        "price": "800",
        "price_per_unit": "229",
        "price_unit": "G"
      },
      {
        "state": "WA",
        "price": "800",
        "price_per_unit": "229",
        "price_unit": "G"
      },
      {
        "state": "WA",
        "price": "800",
        "price_per_unit": "229",
        "price_unit": "G"
      },
      {
        "state": "SA",
        "price": "800",
        "price_per_unit": "229",
        "price_unit": "G"
      },
      {
        "state": "SA",
        "price": "800",
        "price_per_unit": "229",
        "price_unit": "G"
      },
      {
        "state": "TAS",
        "price": "800",
        "price_per_unit": "229",
        "price_unit": "G"
      },
      {
        "state": "TAS",
        "price": "800",
        "price_per_unit": "229",
        "price_unit": "G"
      },
      {
        "state": "ACT",
        "price": "800",
        "price_per_unit": "229",
        "price_unit": "G"
      },
      {
        "state": "ACT",
        "price": "800",
        "price_per_unit": "229",
        "price_unit": "G"
      }
    ]
  },
  {
    "source_url": "https://www.woolworths.com.au/shop/productdetails/248073/woolworths-slow-cooked-bbq-beef-brisket-with-sweet-potato-mash",
    "name": "Woolworths Slow Cooked Bbq Beef Brisket With Sweet Potato Mash 400g",
    "image_url": "https://cdn1.woolworths.media/content/wowproductimages/large/248073.jpg",
    "source_id": "Woolworths - 248073",
    "barcode": "9339687315970",
    "shop": "Woolworths",
    "weight": "100G",
    "prices": [
      {
        "state": "NSW",
        "price": "1300",
        "price_per_unit": "325",
        "price_unit": "G"
      },
      {
        "state": "NSW",
        "price": "1300",
        "price_per_unit": "325",
        "price_unit": "G"
      },
      {
        "state": "WA",
        "price": "1300",
        "price_per_unit": "325",
        "price_unit": "G"
      },
      {
        "state": "WA",
        "price": "1300",
        "price_per_unit": "325",
        "price_unit": "G"
      },
      {
        "state": "SA",
        "price": "1300",
        "price_per_unit": "325",
        "price_unit": "G"
      },
      {
        "state": "SA",
        "price": "1300",
        "price_per_unit": "325",
        "price_unit": "G"
      },
      {
        "state": "TAS",
        "price": "1300",
        "price_per_unit": "325",
        "price_unit": "G"
      },
      {
        "state": "TAS",
        "price": "1300",
        "price_per_unit": "325",
        "price_unit": "G"
      },
      {
        "state": "ACT",
        "price": "1300",
        "price_per_unit": "325",
        "price_unit": "G"
      },
      {
        "state": "ACT",
        "price": "1300",
        "price_per_unit": "325",
        "price_unit": "G"
      }
    ]
  },
  {
    "source_url": "https://www.woolworths.com.au/shop/productdetails/248178/woolworths-slow-cooked-beef-bourguignon-with-roasted-garlic-mash",
    "name": "Woolworths Slow Cooked Beef Bourguignon With Roasted Garlic Mash 400g",
    "image_url": "https://cdn1.woolworths.media/content/wowproductimages/large/248178.jpg",
    "source_id": "Woolworths - 248178",
    "barcode": "9339687316007",
    "shop": "Woolworths",
    "weight": "100G",
    "prices": [
      {
        "state": "NSW",
        "price": "1300",
        "price_per_unit": "325",
        "price_unit": "G"
      },
      {
        "state": "NSW",
        "price": "1300",
        "price_per_unit": "325",
        "price_unit": "G"
      },
      {
        "state": "VIC",
        "price": "1300",
        "price_per_unit": "325",
        "price_unit": "G"
      },
      {
        "state": "VIC",
        "price": "1300",
        "price_per_unit": "325",
        "price_unit": "G"
      },
      {
        "state": "WA",
        "price": "1300",
        "price_per_unit": "325",
        "price_unit": "G"
      },
      {
        "state": "WA",
        "price": "1300",
        "price_per_unit": "325",
        "price_unit": "G"
      },
      {
        "state": "SA",
        "price": "1300",
        "price_per_unit": "325",
        "price_unit": "G"
      },
      {
        "state": "SA",
        "price": "1300",
        "price_per_unit": "325",
        "price_unit": "G"
      },
      {
        "state": "TAS",
        "price": "1300",
        "price_per_unit": "325",
        "price_unit": "G"
      },
      {
        "state": "TAS",
        "price": "1300",
        "price_per_unit": "325",
        "price_unit": "G"
      },
      {
        "state": "ACT",
        "price": "1300",
        "price_per_unit": "325",
        "price_unit": "G"
      },
      {
        "state": "ACT",
        "price": "1300",
        "price_per_unit": "325",
        "price_unit": "G"
      }
    ]
  },
  {
    "source_url": "https://www.woolworths.com.au/shop/productdetails/161993/woolworths-slow-cooked-beef-ragu-lasagne-null",
    "name": "Woolworths Slow Cooked Beef Ragu Lasagne 700g",
    "image_url": "https://cdn1.woolworths.media/content/wowproductimages/large/161993.jpg",
    "source_id": "Woolworths - 161993",
    "barcode": "9339687264049",
    "shop": "Woolworths",
    "weight": "1KG",
    "prices": [
      {
        "state": "NSW",
        "price": "1450",
        "price_per_unit": "2071",
        "price_unit": "KG"
      },
      {
        "state": "NSW",
        "price": "1450",
        "price_per_unit": "2071",
        "price_unit": "KG"
      },
      {
        "state": "QLD",
        "price": "1450",
        "price_per_unit": "2071",
        "price_unit": "KG"
      },
      {
        "state": "QLD",
        "price": "1450",
        "price_per_unit": "2071",
        "price_unit": "KG"
      },
      {
        "state": "WA",
        "price": "1450",
        "price_per_unit": "2071",
        "price_unit": "KG"
      },
      {
        "state": "WA",
        "price": "1450",
        "price_per_unit": "2071",
        "price_unit": "KG"
      },
      {
        "state": "SA",
        "price": "1450",
        "price_per_unit": "2071",
        "price_unit": "KG"
      },
      {
        "state": "SA",
        "price": "1450",
        "price_per_unit": "2071",
        "price_unit": "KG"
      },
      {
        "state": "TAS",
        "price": "1450",
        "price_per_unit": "2071",
        "price_unit": "KG"
      },
      {
        "state": "TAS",
        "price": "1450",
        "price_per_unit": "2071",
        "price_unit": "KG"
      },
      {
        "state": "ACT",
        "price": "1450",
        "price_per_unit": "2071",
        "price_unit": "KG"
      },
      {
        "state": "ACT",
        "price": "1450",
        "price_per_unit": "2071",
        "price_unit": "KG"
      }
    ]
  },
  {
    "source_url": "https://www.woolworths.com.au/shop/productdetails/507632/woolworths-slow-cooked-lamb-with-gravy-roasted-garlic-mash-peas",
    "name": "Woolworths Slow Cooked Lamb With Gravy Roasted Garlic Mash & Peas 400g",
    "image_url": "https://cdn1.woolworths.media/content/wowproductimages/large/507632.jpg",
    "source_id": "Woolworths - 507632",
    "barcode": "9339687362899",
    "shop": "Woolworths",
    "weight": "100G",
    "prices": [
      {
        "state": "NSW",
        "price": "1300",
        "price_per_unit": "325",
        "price_unit": "G"
      },
      {
        "state": "NSW",
        "price": "1300",
        "price_per_unit": "325",
        "price_unit": "G"
      },
      {
        "state": "VIC",
        "price": "1300",
        "price_per_unit": "325",
        "price_unit": "G"
      },
      {
        "state": "VIC",
        "price": "1300",
        "price_per_unit": "325",
        "price_unit": "G"
      },
      {
        "state": "QLD",
        "price": "1300",
        "price_per_unit": "325",
        "price_unit": "G"
      },
      {
        "state": "QLD",
        "price": "1300",
        "price_per_unit": "325",
        "price_unit": "G"
      },
      {
        "state": "SA",
        "price": "1300",
        "price_per_unit": "325",
        "price_unit": "G"
      },
      {
        "state": "SA",
        "price": "1300",
        "price_per_unit": "325",
        "price_unit": "G"
      },
      {
        "state": "TAS",
        "price": "1300",
        "price_per_unit": "325",
        "price_unit": "G"
      },
      {
        "state": "TAS",
        "price": "1300",
        "price_per_unit": "325",
        "price_unit": "G"
      },
      {
        "state": "ACT",
        "price": "1300",
        "price_per_unit": "325",
        "price_unit": "G"
      },
      {
        "state": "ACT",
        "price": "1300",
        "price_per_unit": "325",
        "price_unit": "G"
      }
    ]
  },
  {
    "source_url": "https://www.woolworths.com.au/shop/productdetails/646134/woolworths-spaghetti-bolognese-chilled-meal",
    "name": "Woolworths Spaghetti Bolognese Chilled Meal 350g",
    "image_url": "https://cdn1.woolworths.media/content/wowproductimages/large/646134.jpg",
    "source_id": "Woolworths - 646134",
    "barcode": "9300633686901",
    "shop": "Woolworths",
    "weight": "100G",
    "prices": [
      {
        "state": "NSW",
        "price": "800",
        "price_per_unit": "229",
        "price_unit": "G"
      },
      {
        "state": "NSW",
        "price": "800",
        "price_per_unit": "229",
        "price_unit": "G"
      },
      {
        "state": "VIC",
        "price": "800",
        "price_per_unit": "229",
        "price_unit": "G"
      },
      {
        "state": "VIC",
        "price": "800",
        "price_per_unit": "229",
        "price_unit": "G"
      },
      {
        "state": "QLD",
        "price": "800",
        "price_per_unit": "229",
        "price_unit": "G"
      },
      {
        "state": "QLD",
        "price": "800",
        "price_per_unit": "229",
        "price_unit": "G"
      },
      {
        "state": "WA",
        "price": "800",
        "price_per_unit": "229",
        "price_unit": "G"
      },
      {
        "state": "WA",
        "price": "800",
        "price_per_unit": "229",
        "price_unit": "G"
      },
      {
        "state": "SA",
        "price": "800",
        "price_per_unit": "229",
        "price_unit": "G"
      },
      {
        "state": "SA",
        "price": "800",
        "price_per_unit": "229",
        "price_unit": "G"
      },
      {
        "state": "TAS",
        "price": "800",
        "price_per_unit": "229",
        "price_unit": "G"
      },
      {
        "state": "TAS",
        "price": "800",
        "price_per_unit": "229",
        "price_unit": "G"
      },
      {
        "state": "ACT",
        "price": "800",
        "price_per_unit": "229",
        "price_unit": "G"
      },
      {
        "state": "ACT",
        "price": "800",
        "price_per_unit": "229",
        "price_unit": "G"
      },
      {
        "state": "NT",
        "price": "800",
        "price_per_unit": "229",
        "price_unit": "G"
      },
      {
        "state": "NT",
        "price": "800",
        "price_per_unit": "229",
        "price_unit": "G"
      }
    ]
  },
  {
    "source_url": "https://www.woolworths.com.au/shop/productdetails/673742/woolworths-tasmanian-salmon-with-rice-chilled-meal",
    "name": "Woolworths Tasmanian Salmon With Rice Chilled Meal 400g",
    "image_url": "https://cdn1.woolworths.media/content/wowproductimages/large/673742.jpg",
    "source_id": "Woolworths - 673742",
    "barcode": "9339687028306",
    "shop": "Woolworths",
    "weight": "100G",
    "prices": [
      {
        "state": "NSW",
        "price": "1300",
        "price_per_unit": "325",
        "price_unit": "G"
      },
      {
        "state": "NSW",
        "price": "1300",
        "price_per_unit": "325",
        "price_unit": "G"
      },
      {
        "state": "QLD",
        "price": "1300",
        "price_per_unit": "325",
        "price_unit": "G"
      },
      {
        "state": "QLD",
        "price": "1300",
        "price_per_unit": "325",
        "price_unit": "G"
      },
      {
        "state": "WA",
        "price": "1300",
        "price_per_unit": "325",
        "price_unit": "G"
      },
      {
        "state": "WA",
        "price": "1300",
        "price_per_unit": "325",
        "price_unit": "G"
      },
      {
        "state": "SA",
        "price": "1300",
        "price_per_unit": "325",
        "price_unit": "G"
      },
      {
        "state": "SA",
        "price": "1300",
        "price_per_unit": "325",
        "price_unit": "G"
      },
      {
        "state": "TAS",
        "price": "1300",
        "price_per_unit": "325",
        "price_unit": "G"
      },
      {
        "state": "TAS",
        "price": "1300",
        "price_per_unit": "325",
        "price_unit": "G"
      },
      {
        "state": "ACT",
        "price": "1300",
        "price_per_unit": "325",
        "price_unit": "G"
      },
      {
        "state": "ACT",
        "price": "1300",
        "price_per_unit": "325",
        "price_unit": "G"
      }
    ]
  },
  {
    "source_url": "https://www.woolworths.com.au/shop/productdetails/504795/woolworths-thai-satay-chicken-with-rice-chilled-meal",
    "name": "Woolworths Thai Satay Chicken With Rice Chilled Meal 350g",
    "image_url": "https://cdn1.woolworths.media/content/wowproductimages/large/504795.jpg",
    "source_id": "Woolworths - 504795",
    "barcode": "9339687216444",
    "shop": "Woolworths",
    "weight": "100G",
    "prices": [
      {
        "state": "NSW",
        "price": "800",
        "price_per_unit": "229",
        "price_unit": "G"
      },
      {
        "state": "NSW",
        "price": "800",
        "price_per_unit": "229",
        "price_unit": "G"
      },
      {
        "state": "VIC",
        "price": "800",
        "price_per_unit": "229",
        "price_unit": "G"
      },
      {
        "state": "VIC",
        "price": "800",
        "price_per_unit": "229",
        "price_unit": "G"
      },
      {
        "state": "QLD",
        "price": "800",
        "price_per_unit": "229",
        "price_unit": "G"
      },
      {
        "state": "QLD",
        "price": "800",
        "price_per_unit": "229",
        "price_unit": "G"
      },
      {
        "state": "WA",
        "price": "800",
        "price_per_unit": "229",
        "price_unit": "G"
      },
      {
        "state": "WA",
        "price": "800",
        "price_per_unit": "229",
        "price_unit": "G"
      },
      {
        "state": "SA",
        "price": "800",
        "price_per_unit": "229",
        "price_unit": "G"
      },
      {
        "state": "SA",
        "price": "800",
        "price_per_unit": "229",
        "price_unit": "G"
      },
      {
        "state": "TAS",
        "price": "800",
        "price_per_unit": "229",
        "price_unit": "G"
      },
      {
        "state": "TAS",
        "price": "800",
        "price_per_unit": "229",
        "price_unit": "G"
      },
      {
        "state": "ACT",
        "price": "800",
        "price_per_unit": "229",
        "price_unit": "G"
      },
      {
        "state": "ACT",
        "price": "800",
        "price_per_unit": "229",
        "price_unit": "G"
      }
    ]
  },
  {
    "source_url": "https://www.woolworths.com.au/shop/productdetails/504817/woolworths-tuna-mornay-bake",
    "name": "Woolworths Tuna Mornay Bake 350g",
    "image_url": "https://cdn1.woolworths.media/content/wowproductimages/large/504817.jpg",
    "source_id": "Woolworths - 504817",
    "barcode": "9339687363025",
    "shop": "Woolworths",
    "weight": "100G",
    "prices": [
      {
        "state": "NSW",
        "price": "800",
        "price_per_unit": "229",
        "price_unit": "G"
      },
      {
        "state": "NSW",
        "price": "800",
        "price_per_unit": "229",
        "price_unit": "G"
      },
      {
        "state": "VIC",
        "price": "800",
        "price_per_unit": "229",
        "price_unit": "G"
      },
      {
        "state": "VIC",
        "price": "800",
        "price_per_unit": "229",
        "price_unit": "G"
      },
      {
        "state": "QLD",
        "price": "800",
        "price_per_unit": "229",
        "price_unit": "G"
      },
      {
        "state": "QLD",
        "price": "800",
        "price_per_unit": "229",
        "price_unit": "G"
      },
      {
        "state": "WA",
        "price": "800",
        "price_per_unit": "229",
        "price_unit": "G"
      },
      {
        "state": "WA",
        "price": "800",
        "price_per_unit": "229",
        "price_unit": "G"
      },
      {
        "state": "SA",
        "price": "800",
        "price_per_unit": "229",
        "price_unit": "G"
      },
      {
        "state": "SA",
        "price": "800",
        "price_per_unit": "229",
        "price_unit": "G"
      },
      {
        "state": "TAS",
        "price": "800",
        "price_per_unit": "229",
        "price_unit": "G"
      },
      {
        "state": "TAS",
        "price": "800",
        "price_per_unit": "229",
        "price_unit": "G"
      },
      {
        "state": "ACT",
        "price": "800",
        "price_per_unit": "229",
        "price_unit": "G"
      },
      {
        "state": "ACT",
        "price": "800",
        "price_per_unit": "229",
        "price_unit": "G"
      }
    ]
  },
  {
    "source_url": "https://www.woolworths.com.au/shop/productdetails/254072/woolworths-zucchini-bacon-slice",
    "name": "Woolworths Zucchini & Bacon Slice 700g",
    "image_url": "https://cdn1.woolworths.media/content/wowproductimages/large/254072.jpg",
    "source_id": "Woolworths - 254072",
    "barcode": "9339687319565",
    "shop": "Woolworths",
    "weight": "100G",
    "prices": [
      {
        "state": "NSW",
        "price": "1400",
        "price_per_unit": "200",
        "price_unit": "G"
      },
      {
        "state": "NSW",
        "price": "1400",
        "price_per_unit": "200",
        "price_unit": "G"
      },
      {
        "state": "QLD",
        "price": "1400",
        "price_per_unit": "200",
        "price_unit": "G"
      },
      {
        "state": "QLD",
        "price": "1400",
        "price_per_unit": "200",
        "price_unit": "G"
      },
      {
        "state": "WA",
        "price": "1400",
        "price_per_unit": "200",
        "price_unit": "G"
      },
      {
        "state": "WA",
        "price": "1400",
        "price_per_unit": "200",
        "price_unit": "G"
      },
      {
        "state": "TAS",
        "price": "1400",
        "price_per_unit": "200",
        "price_unit": "G"
      },
      {
        "state": "TAS",
        "price": "1400",
        "price_per_unit": "200",
        "price_unit": "G"
      },
      {
        "state": "ACT",
        "price": "1400",
        "price_per_unit": "200",
        "price_unit": "G"
      },
      {
        "state": "ACT",
        "price": "1400",
        "price_per_unit": "200",
        "price_unit": "G"
      },
      {
        "state": "NT",
        "price": "1400",
        "price_per_unit": "200",
        "price_unit": "G"
      },
      {
        "state": "NT",
        "price": "1400",
        "price_per_unit": "200",
        "price_unit": "G"
      }
    ]
  },
  {
    "source_url": "https://www.woolworths.com.au/shop/productdetails/6003521/air-fry-4-mexican-beef-chimichangas",
    "name": "Air Fry 4 Mexican Beef Chimichangas 240g",
    "image_url": "https://cdn1.woolworths.media/content/wowproductimages/large/6003521.jpg",
    "source_id": "Woolworths - 6003521",
    "barcode": "9328004001818",
    "shop": "Woolworths",
    "weight": "100G",
    "prices": [
      {
        "state": "NSW",
        "price": "1000",
        "price_per_unit": "417",
        "price_unit": "G"
      },
      {
        "state": "QLD",
        "price": "1000",
        "price_per_unit": "417",
        "price_unit": "G"
      }
    ]
  },
  {
    "source_url": "https://www.woolworths.com.au/shop/productdetails/6000806/air-fry-apple-pie-spring-rolls-with-cinnamon-sugar",
    "name": "Air Fry Apple Pie Spring Rolls With Cinnamon Sugar 4 pack",
    "image_url": "https://cdn1.woolworths.media/content/wowproductimages/large/6000806.jpg",
    "source_id": "Woolworths - 6000806",
    "barcode": "9328004001832",
    "shop": "Woolworths",
    "weight": "100G",
    "prices": [
      {
        "state": "NSW",
        "price": "1000",
        "price_per_unit": "444",
        "price_unit": "G"
      },
      {
        "state": "QLD",
        "price": "1000",
        "price_per_unit": "444",
        "price_unit": "G"
      },
      {
        "state": "ACT",
        "price": "1000",
        "price_per_unit": "444",
        "price_unit": "G"
      }
    ]
  },
  {
    "source_url": "https://www.woolworths.com.au/shop/productdetails/6000607/air-fry-bbq-pulled-pork-mac-cheese-balls",
    "name": "Air Fry BBQ Pulled Pork Mac & Cheese Balls 6 pack",
    "image_url": "https://cdn1.woolworths.media/content/wowproductimages/large/6000607.jpg",
    "source_id": "Woolworths - 6000607",
    "barcode": "9328004001801",
    "shop": "Woolworths",
    "weight": "100G",
    "prices": [
      {
        "state": "NSW",
        "price": "1000",
        "price_per_unit": "278",
        "price_unit": "G"
      },
      {
        "state": "QLD",
        "price": "1000",
        "price_per_unit": "278",
        "price_unit": "G"
      }
    ]
  },
  {
    "source_url": "https://www.woolworths.com.au/shop/productdetails/6001246/air-fry-butter-chicken-bombs",
    "name": "Air Fry Butter Chicken Bombs 6 pack",
    "image_url": "https://cdn1.woolworths.media/content/wowproductimages/large/6001246.jpg",
    "source_id": "Woolworths - 6001246",
    "barcode": "9328004001788",
    "shop": "Woolworths",
    "weight": "100G",
    "prices": [
      {
        "state": "NSW",
        "price": "1000",
        "price_per_unit": "278",
        "price_unit": "G"
      },
      {
        "state": "QLD",
        "price": "1000",
        "price_per_unit": "278",
        "price_unit": "G"
      }
    ]
  },
  {
    "source_url": "https://www.woolworths.com.au/shop/productdetails/6000608/air-fry-cheeseburger-wontons-with-burger-sauce",
    "name": "Air Fry Cheeseburger Wontons With Burger Sauce 8 pack",
    "image_url": "https://cdn1.woolworths.media/content/wowproductimages/large/6000608.jpg",
    "source_id": "Woolworths - 6000608",
    "barcode": "9328004001863",
    "shop": "Woolworths",
    "weight": "100G",
    "prices": [
      {
        "state": "NSW",
        "price": "1000",
        "price_per_unit": "435",
        "price_unit": "G"
      },
      {
        "state": "QLD",
        "price": "1000",
        "price_per_unit": "435",
        "price_unit": "G"
      },
      {
        "state": "ACT",
        "price": "1000",
        "price_per_unit": "435",
        "price_unit": "G"
      }
    ]
  },
  {
    "source_url": "https://www.woolworths.com.au/shop/productdetails/6000638/air-fry-chicken-parmi-spring-rolls",
    "name": "Air Fry Chicken Parmi Spring Rolls 4 pack",
    "image_url": "https://cdn1.woolworths.media/content/wowproductimages/large/6000638.jpg",
    "source_id": "Woolworths - 6000638",
    "barcode": "9328004001825",
    "shop": "Woolworths",
    "weight": "100G",
    "prices": [
      {
        "state": "QLD",
        "price": "1000",
        "price_per_unit": "417",
        "price_unit": "G"
      }
    ]
  },
  {
    "source_url": "https://www.woolworths.com.au/shop/productdetails/6000662/air-fry-mac-cheese-bombs",
    "name": "Air Fry Mac & Cheese Bombs 6 pack",
    "image_url": "https://cdn1.woolworths.media/content/wowproductimages/large/6000662.jpg",
    "source_id": "Woolworths - 6000662",
    "barcode": "9328004001795",
    "shop": "Woolworths",
    "weight": "100G",
    "prices": [
      {
        "state": "NSW",
        "price": "1000",
        "price_per_unit": "278",
        "price_unit": "G"
      },
      {
        "state": "QLD",
        "price": "1000",
        "price_per_unit": "278",
        "price_unit": "G"
      },
      {
        "state": "ACT",
        "price": "1000",
        "price_per_unit": "278",
        "price_unit": "G"
      }
    ]
  },
  {
    "source_url": "https://www.woolworths.com.au/shop/productdetails/6000636/air-fry-pepperoni-pizza-pockets",
    "name": "Air Fry Pepperoni Pizza Pockets 7 pack",
    "image_url": "https://cdn1.woolworths.media/content/wowproductimages/large/6000636.jpg",
    "source_id": "Woolworths - 6000636",
    "barcode": "9328004001849",
    "shop": "Woolworths",
    "weight": "100G",
    "prices": [
      {
        "state": "NSW",
        "price": "1000",
        "price_per_unit": "357",
        "price_unit": "G"
      },
      {
        "state": "QLD",
        "price": "1000",
        "price_per_unit": "357",
        "price_unit": "G"
      },
      {
        "state": "ACT",
        "price": "1000",
        "price_per_unit": "357",
        "price_unit": "G"
      }
    ]
  },
  {
    "source_url": "https://www.woolworths.com.au/shop/productdetails/195185/kehoe-s-kitchen-beetroot-sauerkraut",
    "name": "Kehoe's Kitchen Beetroot Sauerkraut 410g",
    "image_url": "https://cdn1.woolworths.media/content/wowproductimages/large/195185.jpg",
    "source_id": "Woolworths - 195185",
    "barcode": "763236240540",
    "shop": "Woolworths",
    "weight": "1KG",
    "prices": [
      {
        "state": "NSW",
        "price": "1300",
        "price_per_unit": "3171",
        "price_unit": "KG"
      },
      {
        "state": "QLD",
        "price": "1250",
        "price_per_unit": "3049",
        "price_unit": "KG"
      }
    ]
  },
  {
    "source_url": "https://www.woolworths.com.au/shop/productdetails/193819/kehoe-s-kitchen-red-kimchi",
    "name": "Kehoe's Kitchen Red Kimchi 410g",
    "image_url": "https://cdn1.woolworths.media/content/wowproductimages/large/193819.jpg",
    "source_id": "Woolworths - 193819",
    "barcode": "763236240533",
    "shop": "Woolworths",
    "weight": "1KG",
    "prices": [
      {
        "state": "NSW",
        "price": "1300",
        "price_per_unit": "3171",
        "price_unit": "KG"
      },
      {
        "state": "QLD",
        "price": "1250",
        "price_per_unit": "3049",
        "price_unit": "KG"
      }
    ]
  },
  {
    "source_url": "https://www.woolworths.com.au/shop/productdetails/176869/made-with-plants-dairy-free-sour-cream",
    "name": "Made With Plants Dairy Free Sour Cream 250ml",
    "image_url": "https://cdn1.woolworths.media/content/wowproductimages/large/176869.jpg",
    "source_id": "Woolworths - 176869",
    "barcode": "9354853000566",
    "shop": "Woolworths",
    "weight": "100ML",
    "prices": [
      {
        "state": "NSW",
        "price": "420",
        "price_per_unit": "168",
        "price_unit": "ML"
      },
      {
        "state": "VIC",
        "price": "420",
        "price_per_unit": "168",
        "price_unit": "ML"
      },
      {
        "state": "QLD",
        "price": "420",
        "price_per_unit": "168",
        "price_unit": "ML"
      },
      {
        "state": "WA",
        "price": "420",
        "price_per_unit": "168",
        "price_unit": "ML"
      },
      {
        "state": "SA",
        "price": "420",
        "price_per_unit": "168",
        "price_unit": "ML"
      },
      {
        "state": "ACT",
        "price": "420",
        "price_per_unit": "168",
        "price_unit": "ML"
      },
      {
        "state": "NT",
        "price": "420",
        "price_per_unit": "168",
        "price_unit": "ML"
      }
    ]
  },
  {
    "source_url": "https://www.woolworths.com.au/shop/productdetails/196963/the-kimchi-company-vegan",
    "name": "The Kimchi Company Vegan 500g",
    "image_url": "https://cdn1.woolworths.media/content/wowproductimages/large/196963.jpg",
    "source_id": "Woolworths - 196963",
    "barcode": "8809206086274",
    "shop": "Woolworths",
    "weight": "1KG",
    "prices": [
      {
        "state": "NSW",
        "price": "850",
        "price_per_unit": "1700",
        "price_unit": "KG"
      },
      {
        "state": "QLD",
        "price": "850",
        "price_per_unit": "1700",
        "price_unit": "KG"
      },
      {
        "state": "WA",
        "price": "850",
        "price_per_unit": "1700",
        "price_unit": "KG"
      },
      {
        "state": "ACT",
        "price": "850",
        "price_per_unit": "1700",
        "price_unit": "KG"
      }
    ]
  },
  {
    "source_url": "https://www.woolworths.com.au/shop/productdetails/94245/national-pies-classic-beef-cheese-pie-null",
    "name": "National Pies Classic Beef & Cheese Pie 2 Pack",
    "image_url": "https://cdn1.woolworths.media/content/wowproductimages/large/094245.jpg",
    "source_id": "Woolworths - 94245",
    "barcode": "9310795003621",
    "shop": "Woolworths",
    "weight": "100G",
    "prices": [
      null,
      {
        "state": "QLD",
        "price": "800",
        "price_per_unit": "222",
        "price_unit": "G"
      },
      {
        "state": "QLD",
        "price": "800",
        "price_per_unit": "222",
        "price_unit": "G"
      },
      {
        "state": "QLD",
        "price": "800",
        "price_per_unit": "222",
        "price_unit": "G"
      },
      {
        "state": "WA",
        "price": "800",
        "price_per_unit": "222",
        "price_unit": "G"
      },
      {
        "state": "WA",
        "price": "800",
        "price_per_unit": "222",
        "price_unit": "G"
      },
      {
        "state": "WA",
        "price": "800",
        "price_per_unit": "222",
        "price_unit": "G"
      }
    ]
  },
  {
    "source_url": "https://www.woolworths.com.au/shop/productdetails/119865/national-pies-little-beef-pie-little-sausage-roll",
    "name": "National Pies Little Beef Pie & Little Sausage Roll 12 Pack",
    "image_url": "https://cdn1.woolworths.media/content/wowproductimages/large/119865.jpg",
    "source_id": "Woolworths - 119865",
    "barcode": "9310795004468",
    "shop": "Woolworths",
    "weight": "100G",
    "prices": [
      {
        "state": "VIC",
        "price": "1000",
        "price_per_unit": "139",
        "price_unit": "G"
      },
      {
        "state": "VIC",
        "price": "1000",
        "price_per_unit": "139",
        "price_unit": "G"
      },
      {
        "state": "VIC",
        "price": "1000",
        "price_per_unit": "139",
        "price_unit": "G"
      },
      {
        "state": "TAS",
        "price": "900",
        "price_per_unit": "125",
        "price_unit": "G"
      },
      {
        "state": "TAS",
        "price": "900",
        "price_per_unit": "125",
        "price_unit": "G"
      },
      {
        "state": "TAS",
        "price": "900",
        "price_per_unit": "125",
        "price_unit": "G"
      }
    ]
  },
  {
    "source_url": "https://www.woolworths.com.au/shop/productdetails/28189/chan-s-yum-cha-vegan-fried-gyoza",
    "name": "Chan's Yum Cha Vegan Fried Gyoza 300g",
    "image_url": "https://cdn1.woolworths.media/content/wowproductimages/large/028189.jpg",
    "source_id": "Woolworths - 28189",
    "barcode": "9355683001563",
    "shop": "Woolworths",
    "weight": "100G",
    "prices": [
      {
        "state": "VIC",
        "price": "695",
        "price_per_unit": "232",
        "price_unit": "G"
      },
      {
        "state": "VIC",
        "price": "695",
        "price_per_unit": "232",
        "price_unit": "G"
      },
      {
        "state": "WA",
        "price": "695",
        "price_per_unit": "232",
        "price_unit": "G"
      },
      {
        "state": "WA",
        "price": "695",
        "price_per_unit": "232",
        "price_unit": "G"
      },
      {
        "state": "SA",
        "price": "695",
        "price_per_unit": "232",
        "price_unit": "G"
      },
      {
        "state": "SA",
        "price": "695",
        "price_per_unit": "232",
        "price_unit": "G"
      }
    ]
  },
  {
    "source_url": "https://www.woolworths.com.au/shop/productdetails/525887/chicken-tomato-pesto-pasta-bake-family-meal",
    "name": "Chicken Tomato & Pesto Pasta Bake Family Meal 1.2kg",
    "image_url": "https://cdn1.woolworths.media/content/wowproductimages/large/525887.jpg",
    "source_id": "Woolworths - 525887",
    "barcode": "9319946009000",
    "shop": "Woolworths",
    "weight": "100G",
    "prices": [
      {
        "state": "VIC",
        "price": "2000",
        "price_per_unit": "167",
        "price_unit": "G"
      },
      {
        "state": "VIC",
        "price": "2000",
        "price_per_unit": "167",
        "price_unit": "G"
      },
      {
        "state": "QLD",
        "price": "2000",
        "price_per_unit": "167",
        "price_unit": "G"
      },
      {
        "state": "QLD",
        "price": "2000",
        "price_per_unit": "167",
        "price_unit": "G"
      },
      {
        "state": "ACT",
        "price": "2000",
        "price_per_unit": "167",
        "price_unit": "G"
      },
      {
        "state": "ACT",
        "price": "2000",
        "price_per_unit": "167",
        "price_unit": "G"
      }
    ]
  },
  {
    "source_url": "https://www.woolworths.com.au/shop/productdetails/182722/dineamic-beef-bolognese-with-broccoli-pasta-chilled-meal",
    "name": "Dineamic Beef Bolognese With Broccoli Pasta Chilled Meal 360g",
    "image_url": "https://cdn1.woolworths.media/content/wowproductimages/large/182722.jpg",
    "source_id": "Woolworths - 182722",
    "barcode": "9346473000507",
    "shop": "Woolworths",
    "weight": "100G",
    "prices": [
      null
    ]
  },
  {
    "source_url": "https://www.woolworths.com.au/shop/productdetails/210800/dineamic-braised-beef-mushroom-with-mash-garden-peas-chilled-meal",
    "name": "Dineamic Braised Beef & Mushroom With Mash, Garden Peas Chilled Meal 360g",
    "image_url": "https://cdn1.woolworths.media/content/wowproductimages/large/210800.jpg",
    "source_id": "Woolworths - 210800",
    "barcode": "9346473002617",
    "shop": "Woolworths",
    "weight": "100G",
    "prices": [
      null
    ]
  },
  {
    "source_url": "https://www.woolworths.com.au/shop/productdetails/182008/dineamic-chicken-chorizo-paella-chilled-meal",
    "name": "Dineamic Chicken & Chorizo Paella Chilled Meal 360g",
    "image_url": "https://cdn1.woolworths.media/content/wowproductimages/large/182008.jpg",
    "source_id": "Woolworths - 182008",
    "barcode": "9346473002259",
    "shop": "Woolworths",
    "weight": "100G",
    "prices": [
      null
    ]
  },
  {
    "source_url": "https://www.woolworths.com.au/shop/productdetails/182360/dineamic-chicken-mushroom-risotto-chilled-meal",
    "name": "Dineamic Chicken & Mushroom Risotto Chilled Meal 360g",
    "image_url": "https://cdn1.woolworths.media/content/wowproductimages/large/182360.jpg",
    "source_id": "Woolworths - 182360",
    "barcode": "9346473002242",
    "shop": "Woolworths",
    "weight": "100G",
    "prices": [
      null
    ]
  },
  {
    "source_url": "https://www.woolworths.com.au/shop/productdetails/180581/dineamic-smokey-chicken-with-potatoes-corn-bean-salsa-chilled-meal",
    "name": "Dineamic Smokey Chicken With Potatoes Corn & Bean Salsa Chilled Meal 360g",
    "image_url": "https://cdn1.woolworths.media/content/wowproductimages/large/180581.jpg",
    "source_id": "Woolworths - 180581",
    "barcode": "9346473000699",
    "shop": "Woolworths",
    "weight": "100G",
    "prices": [
      null
    ]
  },
  {
    "source_url": "https://www.woolworths.com.au/shop/productdetails/58384/easy-eats-chicken-enchiladas-ready-meal",
    "name": "Easy Eats Chicken Enchiladas Ready Meal 500g",
    "image_url": "https://cdn1.woolworths.media/content/wowproductimages/large/058384.jpg",
    "source_id": "Woolworths - 58384",
    "barcode": "781005646430",
    "shop": "Woolworths",
    "weight": "100G",
    "prices": [
      {
        "state": "VIC",
        "price": "950",
        "price_per_unit": "190",
        "price_unit": "G"
      },
      {
        "state": "VIC",
        "price": "950",
        "price_per_unit": "190",
        "price_unit": "G"
      },
      {
        "state": "QLD",
        "price": "950",
        "price_per_unit": "190",
        "price_unit": "G"
      },
      {
        "state": "QLD",
        "price": "950",
        "price_per_unit": "190",
        "price_unit": "G"
      },
      {
        "state": "ACT",
        "price": "950",
        "price_per_unit": "190",
        "price_unit": "G"
      },
      {
        "state": "ACT",
        "price": "950",
        "price_per_unit": "190",
        "price_unit": "G"
      }
    ]
  },
  {
    "source_url": "https://www.woolworths.com.au/shop/productdetails/52829/easy-eats-honey-fried-chicken-chow-mein-ready-meal",
    "name": "Easy Eats Honey Fried Chicken & Chow Mein Ready Meal 350g",
    "image_url": "https://cdn1.woolworths.media/content/wowproductimages/large/052829.jpg",
    "source_id": "Woolworths - 52829",
    "barcode": "781005646539",
    "shop": "Woolworths",
    "weight": "100G",
    "prices": [
      null,
      {
        "state": "QLD",
        "price": "900",
        "price_per_unit": "257",
        "price_unit": "G"
      },
      {
        "state": "QLD",
        "price": "900",
        "price_per_unit": "257",
        "price_unit": "G"
      },
      {
        "state": "WA",
        "price": "900",
        "price_per_unit": "257",
        "price_unit": "G"
      },
      {
        "state": "WA",
        "price": "900",
        "price_per_unit": "257",
        "price_unit": "G"
      },
      {
        "state": "SA",
        "price": "900",
        "price_per_unit": "257",
        "price_unit": "G"
      },
      {
        "state": "SA",
        "price": "900",
        "price_per_unit": "257",
        "price_unit": "G"
      },
      {
        "state": "ACT",
        "price": "900",
        "price_per_unit": "257",
        "price_unit": "G"
      },
      {
        "state": "ACT",
        "price": "900",
        "price_per_unit": "257",
        "price_unit": "G"
      }
    ]
  },
  {
    "source_url": "https://www.woolworths.com.au/shop/productdetails/549036/easy-eats-honey-sriracha-chicken",
    "name": "Easy Eats Honey Sriracha Chicken 350g",
    "image_url": "https://cdn1.woolworths.media/content/wowproductimages/large/549036.jpg",
    "source_id": "Woolworths - 549036",
    "barcode": "781005646058",
    "shop": "Woolworths",
    "weight": "100G",
    "prices": [
      null,
      {
        "state": "QLD",
        "price": "900",
        "price_per_unit": "257",
        "price_unit": "G"
      },
      {
        "state": "QLD",
        "price": "900",
        "price_per_unit": "257",
        "price_unit": "G"
      },
      {
        "state": "WA",
        "price": "900",
        "price_per_unit": "257",
        "price_unit": "G"
      },
      {
        "state": "WA",
        "price": "900",
        "price_per_unit": "257",
        "price_unit": "G"
      },
      {
        "state": "SA",
        "price": "900",
        "price_per_unit": "257",
        "price_unit": "G"
      },
      {
        "state": "SA",
        "price": "900",
        "price_per_unit": "257",
        "price_unit": "G"
      },
      {
        "state": "TAS",
        "price": "900",
        "price_per_unit": "257",
        "price_unit": "G"
      },
      {
        "state": "TAS",
        "price": "900",
        "price_per_unit": "257",
        "price_unit": "G"
      },
      {
        "state": "ACT",
        "price": "900",
        "price_per_unit": "257",
        "price_unit": "G"
      },
      {
        "state": "ACT",
        "price": "900",
        "price_per_unit": "257",
        "price_unit": "G"
      }
    ]
  },
  {
    "source_url": "https://www.woolworths.com.au/shop/productdetails/35996/evergreen-chow-mein-noodles",
    "name": "Evergreen Chow Mein Noodles 280G",
    "image_url": "https://cdn1.woolworths.media/content/wowproductimages/large/035996.jpg",
    "source_id": "Woolworths - 35996",
    "barcode": "9323536720084",
    "shop": "Woolworths",
    "weight": "100G",
    "prices": [
      {
        "state": "VIC",
        "price": "270",
        "price_per_unit": "96",
        "price_unit": "G"
      },
      {
        "state": "VIC",
        "price": "270",
        "price_per_unit": "96",
        "price_unit": "G"
      }
    ]
  },
  {
    "source_url": "https://www.woolworths.com.au/shop/productdetails/845631/latina-fresh-gluten-free-beef-ravioli-pasta",
    "name": "Latina Fresh Gluten Free Beef Ravioli Pasta 280g",
    "image_url": "https://cdn1.woolworths.media/content/wowproductimages/large/845631.jpg",
    "source_id": "Woolworths - 845631",
    "barcode": "9312353006143",
    "shop": "Woolworths",
    "weight": "100G",
    "prices": [
      {
        "state": "VIC",
        "price": "875",
        "price_per_unit": "313",
        "price_unit": "G"
      },
      {
        "state": "VIC",
        "price": "875",
        "price_per_unit": "313",
        "price_unit": "G"
      },
      {
        "state": "WA",
        "price": "875",
        "price_per_unit": "313",
        "price_unit": "G"
      },
      {
        "state": "WA",
        "price": "875",
        "price_per_unit": "313",
        "price_unit": "G"
      },
      {
        "state": "SA",
        "price": "875",
        "price_per_unit": "313",
        "price_unit": "G"
      },
      {
        "state": "SA",
        "price": "875",
        "price_per_unit": "313",
        "price_unit": "G"
      },
      {
        "state": "NT",
        "price": "875",
        "price_per_unit": "313",
        "price_unit": "G"
      },
      {
        "state": "NT",
        "price": "875",
        "price_per_unit": "313",
        "price_unit": "G"
      }
    ]
  },
  {
    "source_url": "https://www.woolworths.com.au/shop/productdetails/524926/the-kitchen-meat-lovers-pasta-bake-family-meal",
    "name": "Meat Lovers Pasta Bake Family Meal 1.2kg",
    "image_url": "https://cdn1.woolworths.media/content/wowproductimages/large/524926.jpg",
    "source_id": "Woolworths - 524926",
    "barcode": "9319946009017",
    "shop": "Woolworths",
    "weight": "100G",
    "prices": [
      {
        "state": "VIC",
        "price": "2000",
        "price_per_unit": "167",
        "price_unit": "G"
      },
      {
        "state": "VIC",
        "price": "2000",
        "price_per_unit": "167",
        "price_unit": "G"
      },
      {
        "state": "QLD",
        "price": "2000",
        "price_per_unit": "167",
        "price_unit": "G"
      },
      {
        "state": "QLD",
        "price": "2000",
        "price_per_unit": "167",
        "price_unit": "G"
      }
    ]
  },
  {
    "source_url": "https://www.woolworths.com.au/shop/productdetails/123040/my-muscle-chef-beef-stroganoff-fettuccine-chilled-meal",
    "name": "My Muscle Chef Beef Stroganoff Fettuccine Chilled Meal 330g",
    "image_url": "https://cdn1.woolworths.media/content/wowproductimages/large/123040.jpg",
    "source_id": "Woolworths - 123040",
    "barcode": "9353333004353",
    "shop": "Woolworths",
    "weight": "100G",
    "prices": [
      {
        "state": "VIC",
        "price": "1195",
        "price_per_unit": "362",
        "price_unit": "G"
      },
      {
        "state": "VIC",
        "price": "1195",
        "price_per_unit": "362",
        "price_unit": "G"
      },
      {
        "state": "QLD",
        "price": "1195",
        "price_per_unit": "362",
        "price_unit": "G"
      },
      {
        "state": "QLD",
        "price": "1195",
        "price_per_unit": "362",
        "price_unit": "G"
      }
    ]
  },
  {
    "source_url": "https://www.woolworths.com.au/shop/productdetails/65399/my-muscle-chef-chicken-leek-pasta-bake-high-protein",
    "name": "My Muscle Chef Chicken & Leek Pasta Bake High Protein 370g",
    "image_url": "https://cdn1.woolworths.media/content/wowproductimages/large/065399.jpg",
    "source_id": "Woolworths - 65399",
    "barcode": "9353333005374",
    "shop": "Woolworths",
    "weight": "100G",
    "prices": [
      {
        "state": "VIC",
        "price": "1195",
        "price_per_unit": "323",
        "price_unit": "G"
      },
      {
        "state": "VIC",
        "price": "1195",
        "price_per_unit": "323",
        "price_unit": "G"
      },
      {
        "state": "QLD",
        "price": "1195",
        "price_per_unit": "323",
        "price_unit": "G"
      },
      {
        "state": "QLD",
        "price": "1195",
        "price_per_unit": "323",
        "price_unit": "G"
      },
      {
        "state": "ACT",
        "price": "1195",
        "price_per_unit": "323",
        "price_unit": "G"
      },
      {
        "state": "ACT",
        "price": "1195",
        "price_per_unit": "323",
        "price_unit": "G"
      }
    ]
  },
  {
    "source_url": "https://www.woolworths.com.au/shop/productdetails/278662/national-pies-chunky-beef-bacon-cheese-pie",
    "name": "National Pies Chunky Beef, Bacon & Cheese Pie 360g",
    "image_url": "https://cdn1.woolworths.media/content/wowproductimages/large/278662.jpg",
    "source_id": "Woolworths - 278662",
    "barcode": "9310795004901",
    "shop": "Woolworths",
    "weight": "100G",
    "prices": [
      null,
      {
        "state": "TAS",
        "price": "800",
        "price_per_unit": "222",
        "price_unit": "G"
      },
      {
        "state": "TAS",
        "price": "800",
        "price_per_unit": "222",
        "price_unit": "G"
      }
    ]
  },
  {
    "source_url": "https://www.woolworths.com.au/shop/productdetails/179468/national-pies-jumbo-sausage-rolls-chilled-meal",
    "name": "National Pies Jumbo Sausage Rolls Chilled Meal 2 Pack",
    "image_url": "https://cdn1.woolworths.media/content/wowproductimages/large/179468.jpg",
    "source_id": "Woolworths - 179468",
    "barcode": "9310795004703",
    "shop": "Woolworths",
    "weight": "100G",
    "prices": [
      null
    ]
  },
  {
    "source_url": "https://www.woolworths.com.au/shop/productdetails/503981/spanish-paella-bake-family-meal",
    "name": "Spanish Paella Bake Family Meal 1.2kg",
    "image_url": "https://cdn1.woolworths.media/content/wowproductimages/large/503981.jpg",
    "source_id": "Woolworths - 503981",
    "barcode": "9319946008973",
    "shop": "Woolworths",
    "weight": "100G",
    "prices": [
      null,
      {
        "state": "QLD",
        "price": "2000",
        "price_per_unit": "167",
        "price_unit": "G"
      },
      {
        "state": "QLD",
        "price": "2000",
        "price_per_unit": "167",
        "price_unit": "G"
      },
      {
        "state": "ACT",
        "price": "2000",
        "price_per_unit": "167",
        "price_unit": "G"
      },
      {
        "state": "ACT",
        "price": "2000",
        "price_per_unit": "167",
        "price_unit": "G"
      }
    ]
  },
  {
    "source_url": "https://www.woolworths.com.au/shop/productdetails/543419/strength-meals-co-beef-casserole-with-mash",
    "name": "Strength Meals Co Beef Casserole With Mash 350g",
    "image_url": "https://cdn1.woolworths.media/content/wowproductimages/large/543419.jpg",
    "source_id": "Woolworths - 543419",
    "barcode": "9319946008720",
    "shop": "Woolworths",
    "weight": "100G",
    "prices": [
      {
        "state": "VIC",
        "price": "995",
        "price_per_unit": "284",
        "price_unit": "G"
      },
      {
        "state": "VIC",
        "price": "995",
        "price_per_unit": "284",
        "price_unit": "G"
      },
      {
        "state": "QLD",
        "price": "995",
        "price_per_unit": "284",
        "price_unit": "G"
      },
      {
        "state": "QLD",
        "price": "995",
        "price_per_unit": "284",
        "price_unit": "G"
      },
      {
        "state": "WA",
        "price": "995",
        "price_per_unit": "284",
        "price_unit": "G"
      },
      {
        "state": "WA",
        "price": "995",
        "price_per_unit": "284",
        "price_unit": "G"
      },
      {
        "state": "SA",
        "price": "995",
        "price_per_unit": "284",
        "price_unit": "G"
      },
      {
        "state": "SA",
        "price": "995",
        "price_per_unit": "284",
        "price_unit": "G"
      },
      {
        "state": "TAS",
        "price": "995",
        "price_per_unit": "284",
        "price_unit": "G"
      },
      {
        "state": "TAS",
        "price": "995",
        "price_per_unit": "284",
        "price_unit": "G"
      },
      {
        "state": "ACT",
        "price": "995",
        "price_per_unit": "284",
        "price_unit": "G"
      },
      {
        "state": "ACT",
        "price": "995",
        "price_per_unit": "284",
        "price_unit": "G"
      }
    ]
  },
  {
    "source_url": "https://www.woolworths.com.au/shop/productdetails/552350/strength-meals-co-high-protein-teriyaki-chicken-with-edamame-brown-rice",
    "name": "Strength Meals Co High Protein Teriyaki Chicken With Edamame & Brown Rice 350g",
    "image_url": "https://cdn1.woolworths.media/content/wowproductimages/large/552350.jpg",
    "source_id": "Woolworths - 552350",
    "barcode": "9319946008706",
    "shop": "Woolworths",
    "weight": "100G",
    "prices": [
      null,
      {
        "state": "QLD",
        "price": "995",
        "price_per_unit": "284",
        "price_unit": "G"
      },
      {
        "state": "QLD",
        "price": "995",
        "price_per_unit": "284",
        "price_unit": "G"
      },
      {
        "state": "SA",
        "price": "995",
        "price_per_unit": "284",
        "price_unit": "G"
      },
      {
        "state": "SA",
        "price": "995",
        "price_per_unit": "284",
        "price_unit": "G"
      },
      {
        "state": "TAS",
        "price": "995",
        "price_per_unit": "284",
        "price_unit": "G"
      },
      {
        "state": "TAS",
        "price": "995",
        "price_per_unit": "284",
        "price_unit": "G"
      },
      {
        "state": "ACT",
        "price": "995",
        "price_per_unit": "284",
        "price_unit": "G"
      },
      {
        "state": "ACT",
        "price": "995",
        "price_per_unit": "284",
        "price_unit": "G"
      }
    ]
  },
  {
    "source_url": "https://www.woolworths.com.au/shop/productdetails/55748/strength-meals-co-mongolian-beef-with-vegetables-brown-rice",
    "name": "Strength Meals Co Mongolian Beef With Vegetables & Brown Rice 350g",
    "image_url": "https://cdn1.woolworths.media/content/wowproductimages/large/055748.jpg",
    "source_id": "Woolworths - 55748",
    "barcode": "9319946009307",
    "shop": "Woolworths",
    "weight": "100G",
    "prices": [
      {
        "state": "VIC",
        "price": "995",
        "price_per_unit": "284",
        "price_unit": "G"
      },
      {
        "state": "VIC",
        "price": "995",
        "price_per_unit": "284",
        "price_unit": "G"
      },
      {
        "state": "QLD",
        "price": "995",
        "price_per_unit": "284",
        "price_unit": "G"
      },
      {
        "state": "QLD",
        "price": "995",
        "price_per_unit": "284",
        "price_unit": "G"
      },
      {
        "state": "TAS",
        "price": "995",
        "price_per_unit": "284",
        "price_unit": "G"
      },
      {
        "state": "TAS",
        "price": "995",
        "price_per_unit": "284",
        "price_unit": "G"
      },
      {
        "state": "ACT",
        "price": "995",
        "price_per_unit": "284",
        "price_unit": "G"
      },
      {
        "state": "ACT",
        "price": "995",
        "price_per_unit": "284",
        "price_unit": "G"
      }
    ]
  },
  {
    "source_url": "https://www.woolworths.com.au/shop/productdetails/375191/tasmanian-bakeries-proper-national-pies-free-range-chicken-bacon-cheese",
    "name": "Tasmanian Bakeries Proper National Pies Free Range Chicken Bacon & Cheese 2 Pack",
    "image_url": "https://cdn1.woolworths.media/content/wowproductimages/large/375191.jpg",
    "source_id": "Woolworths - 375191",
    "barcode": "9310795004826",
    "shop": "Woolworths",
    "weight": "100G",
    "prices": [
      null,
      {
        "state": "QLD",
        "price": "800",
        "price_per_unit": "222",
        "price_unit": "G"
      },
      {
        "state": "QLD",
        "price": "800",
        "price_per_unit": "222",
        "price_unit": "G"
      },
      {
        "state": "TAS",
        "price": "800",
        "price_per_unit": "222",
        "price_unit": "G"
      },
      {
        "state": "TAS",
        "price": "800",
        "price_per_unit": "222",
        "price_unit": "G"
      }
    ]
  },
  {
    "source_url": "https://www.woolworths.com.au/shop/productdetails/830498/woolworths-chicken-tikka-masala-with-rice-chilled-meal",
    "name": "Woolworths Chicken Tikka Masala With Rice Chilled Meal 350g",
    "image_url": "https://cdn1.woolworths.media/content/wowproductimages/large/830498.jpg",
    "source_id": "Woolworths - 830498",
    "barcode": "9339687216536",
    "shop": "Woolworths",
    "weight": "100G",
    "prices": [
      {
        "state": "VIC",
        "price": "800",
        "price_per_unit": "229",
        "price_unit": "G"
      },
      {
        "state": "VIC",
        "price": "800",
        "price_per_unit": "229",
        "price_unit": "G"
      },
      {
        "state": "QLD",
        "price": "800",
        "price_per_unit": "229",
        "price_unit": "G"
      },
      {
        "state": "QLD",
        "price": "800",
        "price_per_unit": "229",
        "price_unit": "G"
      },
      {
        "state": "WA",
        "price": "800",
        "price_per_unit": "229",
        "price_unit": "G"
      },
      {
        "state": "WA",
        "price": "800",
        "price_per_unit": "229",
        "price_unit": "G"
      },
      {
        "state": "SA",
        "price": "800",
        "price_per_unit": "229",
        "price_unit": "G"
      },
      {
        "state": "SA",
        "price": "800",
        "price_per_unit": "229",
        "price_unit": "G"
      },
      {
        "state": "TAS",
        "price": "800",
        "price_per_unit": "229",
        "price_unit": "G"
      },
      {
        "state": "TAS",
        "price": "800",
        "price_per_unit": "229",
        "price_unit": "G"
      }
    ]
  },
  {
    "source_url": "https://www.woolworths.com.au/shop/productdetails/827224/woolworths-spinach-ricotta-tortellini-napolitana-sauce-chilled-meal",
    "name": "Woolworths Spinach & Ricotta Tortellini Napolitana Sauce Chilled Meal 350g",
    "image_url": "https://cdn1.woolworths.media/content/wowproductimages/large/827224.jpg",
    "source_id": "Woolworths - 827224",
    "barcode": "9300633718411",
    "shop": "Woolworths",
    "weight": "100G",
    "prices": [
      {
        "state": "VIC",
        "price": "800",
        "price_per_unit": "229",
        "price_unit": "G"
      },
      {
        "state": "VIC",
        "price": "800",
        "price_per_unit": "229",
        "price_unit": "G"
      },
      {
        "state": "QLD",
        "price": "800",
        "price_per_unit": "229",
        "price_unit": "G"
      },
      {
        "state": "QLD",
        "price": "800",
        "price_per_unit": "229",
        "price_unit": "G"
      },
      {
        "state": "WA",
        "price": "800",
        "price_per_unit": "229",
        "price_unit": "G"
      },
      {
        "state": "WA",
        "price": "800",
        "price_per_unit": "229",
        "price_unit": "G"
      },
      {
        "state": "SA",
        "price": "800",
        "price_per_unit": "229",
        "price_unit": "G"
      },
      {
        "state": "SA",
        "price": "800",
        "price_per_unit": "229",
        "price_unit": "G"
      },
      {
        "state": "ACT",
        "price": "800",
        "price_per_unit": "229",
        "price_unit": "G"
      },
      {
        "state": "ACT",
        "price": "800",
        "price_per_unit": "229",
        "price_unit": "G"
      }
    ]
  },
  {
    "source_url": "https://www.woolworths.com.au/shop/productdetails/123914/oatly-organic-creamy-oat",
    "name": "Oatly! Organic Creamy Oat 250mL",
    "image_url": "https://cdn1.woolworths.media/content/wowproductimages/large/123914.jpg",
    "source_id": "Woolworths - 123914",
    "barcode": "7394376619090",
    "shop": "Woolworths",
    "weight": "100ML",
    "prices": [
      {
        "state": "VIC",
        "price": "300",
        "price_per_unit": "120",
        "price_unit": "ML"
      },
      {
        "state": "QLD",
        "price": "300",
        "price_per_unit": "120",
        "price_unit": "ML"
      },
      {
        "state": "WA",
        "price": "300",
        "price_per_unit": "120",
        "price_unit": "ML"
      },
      {
        "state": "SA",
        "price": "300",
        "price_per_unit": "120",
        "price_unit": "ML"
      },
      {
        "state": "TAS",
        "price": "300",
        "price_per_unit": "120",
        "price_unit": "ML"
      },
      {
        "state": "NT",
        "price": "300",
        "price_per_unit": "120",
        "price_unit": "ML"
      }
    ]
  },
  {
    "source_url": "https://www.woolworths.com.au/shop/productdetails/515295/simmone-logue-leek-spinach-quiche-chilled-meal",
    "name": "Simmone Logue Leek Spinach Quiche Chilled Meal 700g",
    "image_url": "https://cdn1.woolworths.media/content/wowproductimages/large/515295.jpg",
    "source_id": "Woolworths - 515295",
    "barcode": "9342512002730",
    "shop": "Woolworths",
    "weight": "100G",
    "prices": [
      {
        "state": "QLD",
        "price": "1650",
        "price_per_unit": "236",
        "price_unit": "G"
      },
      {
        "state": "QLD",
        "price": "1650",
        "price_per_unit": "236",
        "price_unit": "G"
      },
      {
        "state": "QLD",
        "price": "1650",
        "price_per_unit": "236",
        "price_unit": "G"
      }
    ]
  },
  {
    "source_url": "https://www.woolworths.com.au/shop/productdetails/307230/simmone-logue-pie-chunky-beef-null",
    "name": "Simmone Logue Pie Chunky Beef 700g",
    "image_url": "https://cdn1.woolworths.media/content/wowproductimages/large/307230.jpg",
    "source_id": "Woolworths - 307230",
    "barcode": "9342512000316",
    "shop": "Woolworths",
    "weight": "100G",
    "prices": [
      {
        "state": "QLD",
        "price": "1650",
        "price_per_unit": "236",
        "price_unit": "G"
      },
      {
        "state": "QLD",
        "price": "1650",
        "price_per_unit": "236",
        "price_unit": "G"
      },
      {
        "state": "QLD",
        "price": "1650",
        "price_per_unit": "236",
        "price_unit": "G"
      },
      {
        "state": "ACT",
        "price": "1650",
        "price_per_unit": "236",
        "price_unit": "G"
      },
      {
        "state": "ACT",
        "price": "1650",
        "price_per_unit": "236",
        "price_unit": "G"
      },
      {
        "state": "ACT",
        "price": "1650",
        "price_per_unit": "236",
        "price_unit": "G"
      }
    ]
  },
  {
    "source_url": "https://www.woolworths.com.au/shop/productdetails/630966/simmone-logue-quiche-lorraine-chilled-meal",
    "name": "Simmone Logue Quiche Lorraine Chilled Meal 700g",
    "image_url": "https://cdn1.woolworths.media/content/wowproductimages/large/630966.jpg",
    "source_id": "Woolworths - 630966",
    "barcode": "9342512002716",
    "shop": "Woolworths",
    "weight": "100G",
    "prices": [
      {
        "state": "QLD",
        "price": "1650",
        "price_per_unit": "236",
        "price_unit": "G"
      },
      {
        "state": "QLD",
        "price": "1650",
        "price_per_unit": "236",
        "price_unit": "G"
      },
      {
        "state": "QLD",
        "price": "1650",
        "price_per_unit": "236",
        "price_unit": "G"
      },
      {
        "state": "ACT",
        "price": "1650",
        "price_per_unit": "236",
        "price_unit": "G"
      },
      {
        "state": "ACT",
        "price": "1650",
        "price_per_unit": "236",
        "price_unit": "G"
      },
      {
        "state": "ACT",
        "price": "1650",
        "price_per_unit": "236",
        "price_unit": "G"
      }
    ]
  },
  {
    "source_url": "https://www.woolworths.com.au/shop/productdetails/691338/national-pies-chunky-beef-pies-null",
    "name": "National Pies Chunky Beef Pies 2 Pack",
    "image_url": "https://cdn1.woolworths.media/content/wowproductimages/large/691338.jpg",
    "source_id": "Woolworths - 691338",
    "barcode": "9310795003614",
    "shop": "Woolworths",
    "weight": "100G",
    "prices": [
      {
        "state": "QLD",
        "price": "800",
        "price_per_unit": "222",
        "price_unit": "G"
      },
      {
        "state": "QLD",
        "price": "800",
        "price_per_unit": "222",
        "price_unit": "G"
      },
      {
        "state": "TAS",
        "price": "800",
        "price_per_unit": "222",
        "price_unit": "G"
      },
      {
        "state": "TAS",
        "price": "800",
        "price_per_unit": "222",
        "price_unit": "G"
      }
    ]
  },
  {
    "source_url": "https://www.woolworths.com.au/shop/productdetails/179733/national-pies-chunky-beef-red-wine-mushroom-pies",
    "name": "National Pies Chunky Beef, Red Wine & Mushroom Pies 2 Pack",
    "image_url": "https://cdn1.woolworths.media/content/wowproductimages/large/179733.jpg",
    "source_id": "Woolworths - 179733",
    "barcode": "9310795004710",
    "shop": "Woolworths",
    "weight": "100G",
    "prices": [
      {
        "state": "QLD",
        "price": "800",
        "price_per_unit": "222",
        "price_unit": "G"
      },
      {
        "state": "QLD",
        "price": "800",
        "price_per_unit": "222",
        "price_unit": "G"
      },
      {
        "state": "WA",
        "price": "800",
        "price_per_unit": "222",
        "price_unit": "G"
      },
      {
        "state": "WA",
        "price": "800",
        "price_per_unit": "222",
        "price_unit": "G"
      },
      {
        "state": "TAS",
        "price": "800",
        "price_per_unit": "222",
        "price_unit": "G"
      },
      {
        "state": "TAS",
        "price": "800",
        "price_per_unit": "222",
        "price_unit": "G"
      }
    ]
  },
  {
    "source_url": "https://www.woolworths.com.au/shop/productdetails/758046/simmone-logue-angus-beef-veg-cocktail-pies-null",
    "name": "Simmone Logue Angus Beef & Veg Cocktail Pies 12 Pack",
    "image_url": "https://cdn1.woolworths.media/content/wowproductimages/large/758046.jpg",
    "source_id": "Woolworths - 758046",
    "barcode": "9342512001320",
    "shop": "Woolworths",
    "weight": "100G",
    "prices": [
      {
        "state": "QLD",
        "price": "1650",
        "price_per_unit": "183",
        "price_unit": "G"
      },
      {
        "state": "QLD",
        "price": "1650",
        "price_per_unit": "183",
        "price_unit": "G"
      },
      {
        "state": "ACT",
        "price": "1650",
        "price_per_unit": "183",
        "price_unit": "G"
      },
      {
        "state": "ACT",
        "price": "1650",
        "price_per_unit": "183",
        "price_unit": "G"
      }
    ]
  },
  {
    "source_url": "https://www.woolworths.com.au/shop/productdetails/623342/simmone-logue-braised-lamb-rosemary-vegetable-pies",
    "name": "Simmone Logue Braised Lamb Rosemary & Vegetable Pies 2 pack",
    "image_url": "https://cdn1.woolworths.media/content/wowproductimages/large/623342.jpg",
    "source_id": "Woolworths - 623342",
    "barcode": "9319946008966",
    "shop": "Woolworths",
    "weight": "100G",
    "prices": [
      {
        "state": "QLD",
        "price": "1150",
        "price_per_unit": "261",
        "price_unit": "G"
      },
      {
        "state": "QLD",
        "price": "1150",
        "price_per_unit": "261",
        "price_unit": "G"
      }
    ]
  },
  {
    "source_url": "https://www.woolworths.com.au/shop/productdetails/623303/simmone-logue-creamy-chicken-mushroom-bacon-pies",
    "name": "Simmone Logue Creamy Chicken Mushroom & Bacon Pies 2 pack",
    "image_url": "https://cdn1.woolworths.media/content/wowproductimages/large/623303.jpg",
    "source_id": "Woolworths - 623303",
    "barcode": "9319946008942",
    "shop": "Woolworths",
    "weight": "100G",
    "prices": [
      {
        "state": "QLD",
        "price": "1150",
        "price_per_unit": "261",
        "price_unit": "G"
      },
      {
        "state": "QLD",
        "price": "1150",
        "price_per_unit": "261",
        "price_unit": "G"
      },
      {
        "state": "ACT",
        "price": "1150",
        "price_per_unit": "261",
        "price_unit": "G"
      },
      {
        "state": "ACT",
        "price": "1150",
        "price_per_unit": "261",
        "price_unit": "G"
      }
    ]
  },
  {
    "source_url": "https://www.woolworths.com.au/shop/productdetails/477678/simmone-logue-gourmet-sausage-rolls-chilled-meal",
    "name": "Simmone Logue Gourmet Sausage Rolls Chilled Meal 12 Pack",
    "image_url": "https://cdn1.woolworths.media/content/wowproductimages/large/477678.jpg",
    "source_id": "Woolworths - 477678",
    "barcode": "9342512002624",
    "shop": "Woolworths",
    "weight": "100G",
    "prices": [
      {
        "state": "QLD",
        "price": "1650",
        "price_per_unit": "275",
        "price_unit": "G"
      },
      {
        "state": "QLD",
        "price": "1650",
        "price_per_unit": "275",
        "price_unit": "G"
      },
      {
        "state": "ACT",
        "price": "1650",
        "price_per_unit": "275",
        "price_unit": "G"
      },
      {
        "state": "ACT",
        "price": "1650",
        "price_per_unit": "275",
        "price_unit": "G"
      }
    ]
  },
  {
    "source_url": "https://www.woolworths.com.au/shop/productdetails/373911/tasmanian-bakeries-proper-national-pies-grass-fed-curied-beef",
    "name": "Tasmanian Bakeries Proper National Pies Grass Fed Curied Beef 2 Pack",
    "image_url": "https://cdn1.woolworths.media/content/wowproductimages/large/373911.jpg",
    "source_id": "Woolworths - 373911",
    "barcode": "9310795004819",
    "shop": "Woolworths",
    "weight": "100G",
    "prices": [
      {
        "state": "QLD",
        "price": "800",
        "price_per_unit": "222",
        "price_unit": "G"
      },
      {
        "state": "QLD",
        "price": "800",
        "price_per_unit": "222",
        "price_unit": "G"
      },
      {
        "state": "TAS",
        "price": "800",
        "price_per_unit": "222",
        "price_unit": "G"
      },
      {
        "state": "TAS",
        "price": "800",
        "price_per_unit": "222",
        "price_unit": "G"
      }
    ]
  },
  {
    "source_url": "https://www.woolworths.com.au/shop/productdetails/504792/woolworths-thai-green-chicken-curry-with-rice-chilled-meal",
    "name": "Woolworths Thai Green Chicken Curry With Rice Chilled Meal 350g",
    "image_url": "https://cdn1.woolworths.media/content/wowproductimages/large/504792.jpg",
    "source_id": "Woolworths - 504792",
    "barcode": "9339687216437",
    "shop": "Woolworths",
    "weight": "100G",
    "prices": [
      {
        "state": "QLD",
        "price": "800",
        "price_per_unit": "229",
        "price_unit": "G"
      },
      {
        "state": "QLD",
        "price": "800",
        "price_per_unit": "229",
        "price_unit": "G"
      },
      {
        "state": "WA",
        "price": "800",
        "price_per_unit": "229",
        "price_unit": "G"
      },
      {
        "state": "WA",
        "price": "800",
        "price_per_unit": "229",
        "price_unit": "G"
      },
      {
        "state": "SA",
        "price": "800",
        "price_per_unit": "229",
        "price_unit": "G"
      },
      {
        "state": "SA",
        "price": "800",
        "price_per_unit": "229",
        "price_unit": "G"
      },
      {
        "state": "TAS",
        "price": "800",
        "price_per_unit": "229",
        "price_unit": "G"
      },
      {
        "state": "TAS",
        "price": "800",
        "price_per_unit": "229",
        "price_unit": "G"
      }
    ]
  },
  {
    "source_url": "https://www.woolworths.com.au/shop/productdetails/213222/mt-barker-chicken-tikka-masala",
    "name": "Mt Barker Chicken Tikka Masala 400g",
    "image_url": "https://cdn1.woolworths.media/content/wowproductimages/large/213222.jpg",
    "source_id": "Woolworths - 213222",
    "barcode": "9334864004937",
    "shop": "Woolworths",
    "weight": "100G",
    "prices": [
      {
        "state": "WA",
        "price": "1000",
        "price_per_unit": "250",
        "price_unit": "G"
      },
      {
        "state": "WA",
        "price": "1000",
        "price_per_unit": "250",
        "price_unit": "G"
      }
    ]
  },
  {
    "source_url": "https://www.woolworths.com.au/shop/productdetails/117185/mt-barker-french-chicken-mushrooms-chilled-meal",
    "name": "Mt Barker French Chicken & Mushrooms Chilled Meal 400g",
    "image_url": "https://cdn1.woolworths.media/content/wowproductimages/large/117185.jpg",
    "source_id": "Woolworths - 117185",
    "barcode": "9334864004258",
    "shop": "Woolworths",
    "weight": "100G",
    "prices": [
      {
        "state": "WA",
        "price": "1000",
        "price_per_unit": "250",
        "price_unit": "G"
      },
      {
        "state": "WA",
        "price": "1000",
        "price_per_unit": "250",
        "price_unit": "G"
      }
    ]
  },
  {
    "source_url": "https://www.woolworths.com.au/shop/productdetails/116781/mt-barker-indian-butter-chicken-chilled-meal",
    "name": "Mt Barker Indian Butter Chicken Chilled Meal 400g",
    "image_url": "https://cdn1.woolworths.media/content/wowproductimages/large/116781.jpg",
    "source_id": "Woolworths - 116781",
    "barcode": "9334864004234",
    "shop": "Woolworths",
    "weight": "100G",
    "prices": [
      {
        "state": "WA",
        "price": "1000",
        "price_per_unit": "250",
        "price_unit": "G"
      },
      {
        "state": "WA",
        "price": "1000",
        "price_per_unit": "250",
        "price_unit": "G"
      }
    ]
  },
  {
    "source_url": "https://www.woolworths.com.au/shop/productdetails/152663/mt-barker-massaman-chicken-curry-chilled-meal",
    "name": "Mt Barker Massaman Chicken Curry Chilled Meal 400g",
    "image_url": "https://cdn1.woolworths.media/content/wowproductimages/large/152663.jpg",
    "source_id": "Woolworths - 152663",
    "barcode": "9334864004210",
    "shop": "Woolworths",
    "weight": "100G",
    "prices": [
      {
        "state": "WA",
        "price": "1000",
        "price_per_unit": "250",
        "price_unit": "G"
      },
      {
        "state": "WA",
        "price": "1000",
        "price_per_unit": "250",
        "price_unit": "G"
      }
    ]
  },
  {
    "source_url": "https://www.woolworths.com.au/shop/productdetails/183798/woolworths-calorie-controlled-butter-chicken-with-rice",
    "name": "Woolworths Calorie Controlled Butter Chicken With Rice 350g",
    "image_url": "https://cdn1.woolworths.media/content/wowproductimages/large/183798.jpg",
    "source_id": "Woolworths - 183798",
    "barcode": "9339687276431",
    "shop": "Woolworths",
    "weight": "100G",
    "prices": [
      {
        "state": "WA",
        "price": "800",
        "price_per_unit": "229",
        "price_unit": "G"
      },
      {
        "state": "WA",
        "price": "800",
        "price_per_unit": "229",
        "price_unit": "G"
      },
      {
        "state": "SA",
        "price": "800",
        "price_per_unit": "229",
        "price_unit": "G"
      },
      {
        "state": "SA",
        "price": "800",
        "price_per_unit": "229",
        "price_unit": "G"
      }
    ]
  },
  {
    "source_url": "https://www.woolworths.com.au/shop/productdetails/830499/woolworths-chicken-korma-with-rice-chilled-meal",
    "name": "Woolworths Chicken Korma With Rice Chilled Meal 350g",
    "image_url": "https://cdn1.woolworths.media/content/wowproductimages/large/830499.jpg",
    "source_id": "Woolworths - 830499",
    "barcode": "9339687216543",
    "shop": "Woolworths",
    "weight": "100G",
    "prices": [
      {
        "state": "WA",
        "price": "800",
        "price_per_unit": "229",
        "price_unit": "G"
      },
      {
        "state": "WA",
        "price": "800",
        "price_per_unit": "229",
        "price_unit": "G"
      },
      {
        "state": "SA",
        "price": "800",
        "price_per_unit": "229",
        "price_unit": "G"
      },
      {
        "state": "SA",
        "price": "800",
        "price_per_unit": "229",
        "price_unit": "G"
      },
      {
        "state": "TAS",
        "price": "800",
        "price_per_unit": "229",
        "price_unit": "G"
      },
      {
        "state": "TAS",
        "price": "800",
        "price_per_unit": "229",
        "price_unit": "G"
      },
      {
        "state": "ACT",
        "price": "800",
        "price_per_unit": "229",
        "price_unit": "G"
      },
      {
        "state": "ACT",
        "price": "800",
        "price_per_unit": "229",
        "price_unit": "G"
      }
    ]
  },
  {
    "source_url": "https://www.woolworths.com.au/shop/productdetails/259853/balfours-meat-pie-favourites",
    "name": "Balfours Meat Pie Favourites 175g",
    "image_url": "https://cdn1.woolworths.media/content/wowproductimages/large/259853.jpg",
    "source_id": "Woolworths - 259853",
    "barcode": "9310090053857",
    "shop": "Woolworths",
    "weight": "100G",
    "prices": [
      {
        "state": "SA",
        "price": "440",
        "price_per_unit": "251",
        "price_unit": "G"
      },
      {
        "state": "SA",
        "price": "440",
        "price_per_unit": "251",
        "price_unit": "G"
      },
      {
        "state": "SA",
        "price": "440",
        "price_per_unit": "251",
        "price_unit": "G"
      }
    ]
  },
  {
    "source_url": "https://www.woolworths.com.au/shop/productdetails/17891/balfours-meat-pie-footy",
    "name": "Balfours Meat Pie Footy 170g",
    "image_url": "https://cdn1.woolworths.media/content/wowproductimages/large/017891.jpg",
    "source_id": "Woolworths - 17891",
    "barcode": "9310090040017",
    "shop": "Woolworths",
    "weight": "100G",
    "prices": [
      {
        "state": "SA",
        "price": "440",
        "price_per_unit": "259",
        "price_unit": "G"
      },
      {
        "state": "SA",
        "price": "440",
        "price_per_unit": "259",
        "price_unit": "G"
      },
      {
        "state": "SA",
        "price": "440",
        "price_per_unit": "259",
        "price_unit": "G"
      }
    ]
  },
  {
    "source_url": "https://www.woolworths.com.au/shop/productdetails/258192/balfours-pasties-cornish-chilled-meal",
    "name": "Balfours Pasties Cornish Chilled Meal 250g",
    "image_url": "https://cdn1.woolworths.media/content/wowproductimages/large/258192.jpg",
    "source_id": "Woolworths - 258192",
    "barcode": "9310090077600",
    "shop": "Woolworths",
    "weight": "100G",
    "prices": [
      {
        "state": "SA",
        "price": "500",
        "price_per_unit": "200",
        "price_unit": "G"
      },
      {
        "state": "SA",
        "price": "500",
        "price_per_unit": "200",
        "price_unit": "G"
      },
      {
        "state": "SA",
        "price": "500",
        "price_per_unit": "200",
        "price_unit": "G"
      }
    ]
  },
  {
    "source_url": "https://www.woolworths.com.au/shop/productdetails/259852/balfours-pasties-favourites-chilled-meal",
    "name": "Balfours Pasties Favourites Chilled Meal 160g",
    "image_url": "https://cdn1.woolworths.media/content/wowproductimages/large/259852.jpg",
    "source_id": "Woolworths - 259852",
    "barcode": "9310090053864",
    "shop": "Woolworths",
    "weight": "100G",
    "prices": [
      {
        "state": "SA",
        "price": "440",
        "price_per_unit": "275",
        "price_unit": "G"
      },
      {
        "state": "SA",
        "price": "440",
        "price_per_unit": "275",
        "price_unit": "G"
      },
      {
        "state": "SA",
        "price": "440",
        "price_per_unit": "275",
        "price_unit": "G"
      }
    ]
  },
  {
    "source_url": "https://www.woolworths.com.au/shop/productdetails/811788/balfours-premium-angus-beef-pie-null",
    "name": "Balfours Premium Angus Beef Pie 200g",
    "image_url": "https://cdn1.woolworths.media/content/wowproductimages/large/811788.jpg",
    "source_id": "Woolworths - 811788",
    "barcode": "9310090076757",
    "shop": "Woolworths",
    "weight": "100G",
    "prices": [
      {
        "state": "SA",
        "price": "500",
        "price_per_unit": "250",
        "price_unit": "G"
      },
      {
        "state": "SA",
        "price": "500",
        "price_per_unit": "250",
        "price_unit": "G"
      },
      {
        "state": "SA",
        "price": "500",
        "price_per_unit": "250",
        "price_unit": "G"
      }
    ]
  },
  {
    "source_url": "https://www.woolworths.com.au/shop/productdetails/259851/balfours-sausage-roll-favourites-chilled-meal",
    "name": "Balfours Sausage Roll Favourites Chilled Meal 150g",
    "image_url": "https://cdn1.woolworths.media/content/wowproductimages/large/259851.jpg",
    "source_id": "Woolworths - 259851",
    "barcode": "9310090053871",
    "shop": "Woolworths",
    "weight": "100G",
    "prices": [
      {
        "state": "SA",
        "price": "440",
        "price_per_unit": "293",
        "price_unit": "G"
      },
      {
        "state": "SA",
        "price": "440",
        "price_per_unit": "293",
        "price_unit": "G"
      },
      {
        "state": "SA",
        "price": "440",
        "price_per_unit": "293",
        "price_unit": "G"
      }
    ]
  },
  {
    "source_url": "https://www.woolworths.com.au/shop/productdetails/312450/balfours-savoury-pie-chicken-vegetable",
    "name": "Balfours Savoury Pie Chicken & Vegetable 175g",
    "image_url": "https://cdn1.woolworths.media/content/wowproductimages/large/312450.jpg",
    "source_id": "Woolworths - 312450",
    "barcode": "9310090053888",
    "shop": "Woolworths",
    "weight": "100G",
    "prices": [
      {
        "state": "SA",
        "price": "440",
        "price_per_unit": "251",
        "price_unit": "G"
      },
      {
        "state": "SA",
        "price": "440",
        "price_per_unit": "251",
        "price_unit": "G"
      },
      {
        "state": "SA",
        "price": "440",
        "price_per_unit": "251",
        "price_unit": "G"
      }
    ]
  },
  {
    "source_url": "https://www.woolworths.com.au/shop/productdetails/839360/vili-s-beef-cheese-bacon-pie-cheese-bacon-pie",
    "name": "Vili's Beef Cheese & Bacon Pie Cheese Bacon Pie 160g",
    "image_url": "https://cdn1.woolworths.media/content/wowproductimages/large/839360.jpg",
    "source_id": "Woolworths - 839360",
    "barcode": "9317841005806",
    "shop": "Woolworths",
    "weight": "100G",
    "prices": [
      {
        "state": "SA",
        "price": "530",
        "price_per_unit": "331",
        "price_unit": "G"
      },
      {
        "state": "SA",
        "price": "530",
        "price_per_unit": "331",
        "price_unit": "G"
      },
      {
        "state": "SA",
        "price": "530",
        "price_per_unit": "331",
        "price_unit": "G"
      },
      {
        "state": "NT",
        "price": "530",
        "price_per_unit": "331",
        "price_unit": "G"
      },
      {
        "state": "NT",
        "price": "530",
        "price_per_unit": "331",
        "price_unit": "G"
      },
      {
        "state": "NT",
        "price": "530",
        "price_per_unit": "331",
        "price_unit": "G"
      }
    ]
  },
  {
    "source_url": "https://www.woolworths.com.au/shop/productdetails/93766/vili-s-beef-curry-pie-null",
    "name": "Vili's Beef Curry Pie 160g",
    "image_url": "https://cdn1.woolworths.media/content/wowproductimages/large/093766.jpg",
    "source_id": "Woolworths - 93766",
    "barcode": "9317841004908",
    "shop": "Woolworths",
    "weight": "100G",
    "prices": [
      {
        "state": "SA",
        "price": "460",
        "price_per_unit": "288",
        "price_unit": "G"
      },
      {
        "state": "SA",
        "price": "460",
        "price_per_unit": "288",
        "price_unit": "G"
      },
      {
        "state": "SA",
        "price": "460",
        "price_per_unit": "288",
        "price_unit": "G"
      },
      {
        "state": "NT",
        "price": "460",
        "price_per_unit": "288",
        "price_unit": "G"
      },
      {
        "state": "NT",
        "price": "460",
        "price_per_unit": "288",
        "price_unit": "G"
      },
      {
        "state": "NT",
        "price": "460",
        "price_per_unit": "288",
        "price_unit": "G"
      }
    ]
  },
  {
    "source_url": "https://www.woolworths.com.au/shop/productdetails/93776/vili-s-chicken-pie-beef-mushroom",
    "name": "Vili's Chicken Pie Beef & Mushroom 150g",
    "image_url": "https://cdn1.woolworths.media/content/wowproductimages/large/093776.jpg",
    "source_id": "Woolworths - 93776",
    "barcode": "9317841000405",
    "shop": "Woolworths",
    "weight": "100G",
    "prices": [
      {
        "state": "SA",
        "price": "530",
        "price_per_unit": "331",
        "price_unit": "G"
      },
      {
        "state": "SA",
        "price": "530",
        "price_per_unit": "331",
        "price_unit": "G"
      },
      {
        "state": "SA",
        "price": "530",
        "price_per_unit": "331",
        "price_unit": "G"
      },
      {
        "state": "NT",
        "price": "530",
        "price_per_unit": "331",
        "price_unit": "G"
      },
      {
        "state": "NT",
        "price": "530",
        "price_per_unit": "331",
        "price_unit": "G"
      },
      {
        "state": "NT",
        "price": "530",
        "price_per_unit": "331",
        "price_unit": "G"
      }
    ]
  },
  {
    "source_url": "https://www.woolworths.com.au/shop/productdetails/839364/vili-s-cornish-pasty-chilled-meal",
    "name": "Vili's Cornish Pasty Chilled Meal 200g",
    "image_url": "https://cdn1.woolworths.media/content/wowproductimages/large/839364.jpg",
    "source_id": "Woolworths - 839364",
    "barcode": "9317841007602",
    "shop": "Woolworths",
    "weight": "100G",
    "prices": [
      {
        "state": "SA",
        "price": "530",
        "price_per_unit": "265",
        "price_unit": "G"
      },
      {
        "state": "SA",
        "price": "530",
        "price_per_unit": "265",
        "price_unit": "G"
      },
      {
        "state": "SA",
        "price": "530",
        "price_per_unit": "265",
        "price_unit": "G"
      },
      {
        "state": "NT",
        "price": "530",
        "price_per_unit": "265",
        "price_unit": "G"
      },
      {
        "state": "NT",
        "price": "530",
        "price_per_unit": "265",
        "price_unit": "G"
      },
      {
        "state": "NT",
        "price": "530",
        "price_per_unit": "265",
        "price_unit": "G"
      }
    ]
  },
  {
    "source_url": "https://www.woolworths.com.au/shop/productdetails/93795/vili-s-gourmet-chicken-pie-null",
    "name": "Vili's Gourmet Chicken Pie 160g",
    "image_url": "https://cdn1.woolworths.media/content/wowproductimages/large/093795.jpg",
    "source_id": "Woolworths - 93795",
    "barcode": "9317841000702",
    "shop": "Woolworths",
    "weight": "100G",
    "prices": [
      null,
      {
        "state": "NT",
        "price": "530",
        "price_per_unit": "331",
        "price_unit": "G"
      },
      {
        "state": "NT",
        "price": "530",
        "price_per_unit": "331",
        "price_unit": "G"
      },
      {
        "state": "NT",
        "price": "530",
        "price_per_unit": "331",
        "price_unit": "G"
      }
    ]
  },
  {
    "source_url": "https://www.woolworths.com.au/shop/productdetails/93755/vili-s-meat-pie-beef-null",
    "name": "Vili's Meat Pie Beef 160g",
    "image_url": "https://cdn1.woolworths.media/content/wowproductimages/large/093755.jpg",
    "source_id": "Woolworths - 93755",
    "barcode": "9317841000207",
    "shop": "Woolworths",
    "weight": "100G",
    "prices": [
      {
        "state": "SA",
        "price": "460",
        "price_per_unit": "288",
        "price_unit": "G"
      },
      {
        "state": "SA",
        "price": "460",
        "price_per_unit": "288",
        "price_unit": "G"
      },
      {
        "state": "SA",
        "price": "460",
        "price_per_unit": "288",
        "price_unit": "G"
      },
      {
        "state": "NT",
        "price": "460",
        "price_per_unit": "288",
        "price_unit": "G"
      },
      {
        "state": "NT",
        "price": "460",
        "price_per_unit": "288",
        "price_unit": "G"
      },
      {
        "state": "NT",
        "price": "460",
        "price_per_unit": "288",
        "price_unit": "G"
      }
    ]
  },
  {
    "source_url": "https://www.woolworths.com.au/shop/productdetails/93707/vili-s-pasty-chilled-meal",
    "name": "Vili's Pasty Chilled Meal 150g",
    "image_url": "https://cdn1.woolworths.media/content/wowproductimages/large/093707.jpg",
    "source_id": "Woolworths - 93707",
    "barcode": "9317841000108",
    "shop": "Woolworths",
    "weight": "100G",
    "prices": [
      {
        "state": "SA",
        "price": "460",
        "price_per_unit": "307",
        "price_unit": "G"
      },
      {
        "state": "SA",
        "price": "460",
        "price_per_unit": "307",
        "price_unit": "G"
      },
      {
        "state": "SA",
        "price": "460",
        "price_per_unit": "307",
        "price_unit": "G"
      },
      {
        "state": "NT",
        "price": "460",
        "price_per_unit": "307",
        "price_unit": "G"
      },
      {
        "state": "NT",
        "price": "460",
        "price_per_unit": "307",
        "price_unit": "G"
      },
      {
        "state": "NT",
        "price": "460",
        "price_per_unit": "307",
        "price_unit": "G"
      }
    ]
  },
  {
    "source_url": "https://www.woolworths.com.au/shop/productdetails/93701/vili-s-sausage-rolls-chilled-meal",
    "name": "Vili's Sausage Rolls Chilled Meal 165g",
    "image_url": "https://cdn1.woolworths.media/content/wowproductimages/large/093701.jpg",
    "source_id": "Woolworths - 93701",
    "barcode": "9317841001709",
    "shop": "Woolworths",
    "weight": "100G",
    "prices": [
      {
        "state": "SA",
        "price": "460",
        "price_per_unit": "279",
        "price_unit": "G"
      },
      {
        "state": "SA",
        "price": "460",
        "price_per_unit": "279",
        "price_unit": "G"
      },
      {
        "state": "SA",
        "price": "460",
        "price_per_unit": "279",
        "price_unit": "G"
      },
      {
        "state": "NT",
        "price": "460",
        "price_per_unit": "279",
        "price_unit": "G"
      },
      {
        "state": "NT",
        "price": "460",
        "price_per_unit": "279",
        "price_unit": "G"
      },
      {
        "state": "NT",
        "price": "460",
        "price_per_unit": "279",
        "price_unit": "G"
      }
    ]
  },
  {
    "source_url": "https://www.woolworths.com.au/shop/productdetails/93800/vili-s-vili-dog-chilli-cheese-chilled-meal",
    "name": "Vili's Vili Dog Chilli & Cheese Chilled Meal 130g",
    "image_url": "https://cdn1.woolworths.media/content/wowproductimages/large/093800.jpg",
    "source_id": "Woolworths - 93800",
    "barcode": "9317841002003",
    "shop": "Woolworths",
    "weight": "100G",
    "prices": [
      null,
      {
        "state": "NT",
        "price": "540",
        "price_per_unit": "415",
        "price_unit": "G"
      },
      {
        "state": "NT",
        "price": "540",
        "price_per_unit": "415",
        "price_unit": "G"
      },
      {
        "state": "NT",
        "price": "540",
        "price_per_unit": "415",
        "price_unit": "G"
      }
    ]
  },
  {
    "source_url": "https://www.woolworths.com.au/shop/productdetails/786599/vili-s-gourmet-beef-pie-gourmet-beef",
    "name": "Vili's Vili'S Gourmet Beef Pie Gourmet Beef 500g",
    "image_url": "https://cdn1.woolworths.media/content/wowproductimages/large/786599.jpg",
    "source_id": "Woolworths - 786599",
    "barcode": "9317841017953",
    "shop": "Woolworths",
    "weight": "100G",
    "prices": [
      null,
      {
        "state": "NT",
        "price": "1200",
        "price_per_unit": "240",
        "price_unit": "G"
      },
      {
        "state": "NT",
        "price": "1200",
        "price_per_unit": "240",
        "price_unit": "G"
      },
      {
        "state": "NT",
        "price": "1200",
        "price_per_unit": "240",
        "price_unit": "G"
      }
    ]
  },
  {
    "source_url": "https://www.woolworths.com.au/shop/productdetails/313263/vili-s-vegetarian-pasty-vegetarian-chilled-meal",
    "name": "Vili's Vili's Vegetarian Pasty Vegetarian Chilled Meal 150g",
    "image_url": "https://cdn1.woolworths.media/content/wowproductimages/large/313263.jpg",
    "source_id": "Woolworths - 313263",
    "barcode": "9317841005301",
    "shop": "Woolworths",
    "weight": "100G",
    "prices": [
      {
        "state": "SA",
        "price": "460",
        "price_per_unit": "307",
        "price_unit": "G"
      },
      {
        "state": "SA",
        "price": "460",
        "price_per_unit": "307",
        "price_unit": "G"
      },
      {
        "state": "SA",
        "price": "460",
        "price_per_unit": "307",
        "price_unit": "G"
      },
      {
        "state": "NT",
        "price": "460",
        "price_per_unit": "307",
        "price_unit": "G"
      },
      {
        "state": "NT",
        "price": "460",
        "price_per_unit": "307",
        "price_unit": "G"
      },
      {
        "state": "NT",
        "price": "460",
        "price_per_unit": "307",
        "price_unit": "G"
      }
    ]
  },
  {
    "source_url": "https://www.woolworths.com.au/shop/productdetails/767481/cucina-classica-pasta-blue-swimmer-crab-chilled-meal",
    "name": "Cucina Classica Pasta Blue Swimmer Crab Chilled Meal 300g",
    "image_url": "https://cdn1.woolworths.media/content/wowproductimages/large/767481.jpg",
    "source_id": "Woolworths - 767481",
    "barcode": "9345682003026",
    "shop": "Woolworths",
    "weight": "100G",
    "prices": [
      {
        "state": "SA",
        "price": "920",
        "price_per_unit": "263",
        "price_unit": "G"
      },
      {
        "state": "SA",
        "price": "920",
        "price_per_unit": "263",
        "price_unit": "G"
      }
    ]
  },
  {
    "source_url": "https://www.woolworths.com.au/shop/productdetails/760099/cucina-classica-tagliatelle-beef-ragu-chilled-meal",
    "name": "Cucina Classica Tagliatelle Beef Ragu Chilled Meal 300G",
    "image_url": "https://cdn1.woolworths.media/content/wowproductimages/large/760099.jpg",
    "source_id": "Woolworths - 760099",
    "barcode": "9345682000445",
    "shop": "Woolworths",
    "weight": "100G",
    "prices": [
      {
        "state": "SA",
        "price": "920",
        "price_per_unit": "307",
        "price_unit": "G"
      },
      {
        "state": "SA",
        "price": "920",
        "price_per_unit": "307",
        "price_unit": "G"
      }
    ]
  },
  {
    "source_url": "https://www.woolworths.com.au/shop/productdetails/760206/cucina-classica-traditional-lasagne-null",
    "name": "Cucina Classica Traditional Lasagne 350g",
    "image_url": "https://cdn1.woolworths.media/content/wowproductimages/large/760206.jpg",
    "source_id": "Woolworths - 760206",
    "barcode": "9345682000216",
    "shop": "Woolworths",
    "weight": "100G",
    "prices": [
      {
        "state": "SA",
        "price": "920",
        "price_per_unit": "263",
        "price_unit": "G"
      },
      {
        "state": "SA",
        "price": "920",
        "price_per_unit": "263",
        "price_unit": "G"
      }
    ]
  },
  {
    "source_url": "https://www.woolworths.com.au/shop/productdetails/89006/vili-s-butter-chicken-pie-null",
    "name": "Vili's Butter Chicken Pie 160g",
    "image_url": "https://cdn1.woolworths.media/content/wowproductimages/large/089006.jpg",
    "source_id": "Woolworths - 89006",
    "barcode": "9317841017311",
    "shop": "Woolworths",
    "weight": "100G",
    "prices": [
      {
        "state": "SA",
        "price": "530",
        "price_per_unit": "331",
        "price_unit": "G"
      },
      {
        "state": "SA",
        "price": "530",
        "price_per_unit": "331",
        "price_unit": "G"
      },
      {
        "state": "NT",
        "price": "530",
        "price_per_unit": "331",
        "price_unit": "G"
      },
      {
        "state": "NT",
        "price": "530",
        "price_per_unit": "331",
        "price_unit": "G"
      }
    ]
  },
  {
    "source_url": "https://www.woolworths.com.au/shop/productdetails/183800/woolworths-calorie-controlled-ricotta-pumpkin-spinach-cannelloni",
    "name": "Woolworths Calorie Controlled Ricotta, Pumpkin & Spinach Cannelloni 350g",
    "image_url": "https://cdn1.woolworths.media/content/wowproductimages/large/183800.jpg",
    "source_id": "Woolworths - 183800",
    "barcode": "9339687276448",
    "shop": "Woolworths",
    "weight": "100G",
    "prices": [
      {
        "state": "SA",
        "price": "800",
        "price_per_unit": "229",
        "price_unit": "G"
      },
      {
        "state": "SA",
        "price": "800",
        "price_per_unit": "229",
        "price_unit": "G"
      }
    ]
  },
  {
    "source_url": "https://www.woolworths.com.au/shop/productdetails/513670/national-pies-family-classic-beef-pie",
    "name": "National Pies Family Classic Beef Pie 750g",
    "image_url": "https://cdn1.woolworths.media/content/wowproductimages/large/513670.jpg",
    "source_id": "Woolworths - 513670",
    "barcode": "9310795003744",
    "shop": "Woolworths",
    "weight": "100G",
    "prices": [
      {
        "state": "TAS",
        "price": "1250",
        "price_per_unit": "167",
        "price_unit": "G"
      },
      {
        "state": "TAS",
        "price": "1250",
        "price_per_unit": "167",
        "price_unit": "G"
      },
      {
        "state": "TAS",
        "price": "1250",
        "price_per_unit": "167",
        "price_unit": "G"
      }
    ]
  },
  {
    "source_url": "https://www.woolworths.com.au/shop/productdetails/513663/national-pies-family-cottage-pie",
    "name": "National Pies Family Cottage Pie 900g",
    "image_url": "https://cdn1.woolworths.media/content/wowproductimages/large/513663.jpg",
    "source_id": "Woolworths - 513663",
    "barcode": "9310795003768",
    "shop": "Woolworths",
    "weight": "100G",
    "prices": [
      {
        "state": "TAS",
        "price": "1250",
        "price_per_unit": "139",
        "price_unit": "G"
      },
      {
        "state": "TAS",
        "price": "1250",
        "price_per_unit": "139",
        "price_unit": "G"
      },
      {
        "state": "TAS",
        "price": "1250",
        "price_per_unit": "139",
        "price_unit": "G"
      }
    ]
  },
  {
    "source_url": "https://www.woolworths.com.au/shop/productdetails/513671/national-pies-family-curried-chicken-pie",
    "name": "National Pies Family Curried Chicken Pie 750g",
    "image_url": "https://cdn1.woolworths.media/content/wowproductimages/large/513671.jpg",
    "source_id": "Woolworths - 513671",
    "barcode": "9310795003775",
    "shop": "Woolworths",
    "weight": "100G",
    "prices": [
      {
        "state": "TAS",
        "price": "1250",
        "price_per_unit": "167",
        "price_unit": "G"
      },
      {
        "state": "TAS",
        "price": "1250",
        "price_per_unit": "167",
        "price_unit": "G"
      },
      {
        "state": "TAS",
        "price": "1250",
        "price_per_unit": "167",
        "price_unit": "G"
      }
    ]
  },
  {
    "source_url": "https://www.woolworths.com.au/shop/productdetails/10634/latina-fresh-beef-ravioli-pasta",
    "name": "Latina Fresh Beef Ravioli Pasta 375g",
    "image_url": "https://cdn1.woolworths.media/content/wowproductimages/large/010634.jpg",
    "source_id": "Woolworths - 10634",
    "barcode": "93231251",
    "shop": "Woolworths",
    "weight": "100G",
    "prices": [
      {
        "state": "TAS",
        "price": "800",
        "price_per_unit": "213",
        "price_unit": "G"
      },
      {
        "state": "TAS",
        "price": "800",
        "price_per_unit": "213",
        "price_unit": "G"
      },
      {
        "state": "NT",
        "price": "800",
        "price_per_unit": "213",
        "price_unit": "G"
      },
      {
        "state": "NT",
        "price": "800",
        "price_per_unit": "213",
        "price_unit": "G"
      }
    ]
  },
  {
    "source_url": "https://www.woolworths.com.au/shop/productdetails/180247/national-pies-free-range-chicken-camembert-pie",
    "name": "National Pies Free Range Chicken & Camembert Pie 2 Pack",
    "image_url": "https://cdn1.woolworths.media/content/wowproductimages/large/180247.jpg",
    "source_id": "Woolworths - 180247",
    "barcode": "9310795004727",
    "shop": "Woolworths",
    "weight": "100G",
    "prices": [
      {
        "state": "TAS",
        "price": "800",
        "price_per_unit": "222",
        "price_unit": "G"
      },
      {
        "state": "TAS",
        "price": "800",
        "price_per_unit": "222",
        "price_unit": "G"
      }
    ]
  },
  {
    "source_url": "https://www.woolworths.com.au/shop/productdetails/788190/national-pies-little-chicken-camembert-party-pies",
    "name": "National Pies Little Chicken & Camembert Party Pies 6 Pack",
    "image_url": "https://cdn1.woolworths.media/content/wowproductimages/large/788190.jpg",
    "source_id": "Woolworths - 788190",
    "barcode": "9310795003355",
    "shop": "Woolworths",
    "weight": "100G",
    "prices": [
      {
        "state": "TAS",
        "price": "600",
        "price_per_unit": "167",
        "price_unit": "G"
      },
      {
        "state": "TAS",
        "price": "600",
        "price_per_unit": "167",
        "price_unit": "G"
      }
    ]
  },
  {
    "source_url": "https://www.woolworths.com.au/shop/productdetails/159268/national-pies-meat-pie-cottage-null",
    "name": "National Pies Meat Pie Cottage 2 Pack",
    "image_url": "https://cdn1.woolworths.media/content/wowproductimages/large/159268.jpg",
    "source_id": "Woolworths - 159268",
    "barcode": "9310795004000",
    "shop": "Woolworths",
    "weight": "1EA",
    "prices": [
      {
        "state": "TAS",
        "price": "800",
        "price_per_unit": "400",
        "price_unit": "EA"
      },
      {
        "state": "TAS",
        "price": "800",
        "price_per_unit": "400",
        "price_unit": "EA"
      }
    ]
  },
  {
    "source_url": "https://www.woolworths.com.au/shop/productdetails/181040/national-pies-meat-pie-party",
    "name": "National Pies Meat Pie Party 6 Pack",
    "image_url": "https://cdn1.woolworths.media/content/wowproductimages/large/181040.jpg",
    "source_id": "Woolworths - 181040",
    "barcode": "9310795008107",
    "shop": "Woolworths",
    "weight": "1EA",
    "prices": [
      {
        "state": "TAS",
        "price": "600",
        "price_per_unit": "100",
        "price_unit": "EA"
      },
      {
        "state": "TAS",
        "price": "600",
        "price_per_unit": "100",
        "price_unit": "EA"
      }
    ]
  },
  {
    "source_url": "https://www.woolworths.com.au/shop/productdetails/159263/national-pies-meat-pie-party-with-chicken-curry",
    "name": "National Pies Meat Pie Party With Chicken & Curry 6 Pack",
    "image_url": "https://cdn1.woolworths.media/content/wowproductimages/large/159263.jpg",
    "source_id": "Woolworths - 159263",
    "barcode": "9310795007896",
    "shop": "Woolworths",
    "weight": "1EA",
    "prices": [
      {
        "state": "TAS",
        "price": "600",
        "price_per_unit": "100",
        "price_unit": "EA"
      },
      {
        "state": "TAS",
        "price": "600",
        "price_per_unit": "100",
        "price_unit": "EA"
      }
    ]
  },
  {
    "source_url": "https://www.woolworths.com.au/shop/productdetails/181037/national-pies-pasties-chilled-meal",
    "name": "National Pies Pasties Chilled Meal 2 Pack",
    "image_url": "https://cdn1.woolworths.media/content/wowproductimages/large/181037.jpg",
    "source_id": "Woolworths - 181037",
    "barcode": "9310795008909",
    "shop": "Woolworths",
    "weight": "1EA",
    "prices": [
      {
        "state": "TAS",
        "price": "800",
        "price_per_unit": "400",
        "price_unit": "EA"
      },
      {
        "state": "TAS",
        "price": "800",
        "price_per_unit": "400",
        "price_unit": "EA"
      }
    ]
  },
  {
    "source_url": "https://www.woolworths.com.au/shop/productdetails/6000797/air-fry-chocolate-mudcake-pies",
    "name": "Air Fry Chocolate Mudcake Pies 7 pack",
    "image_url": "https://cdn1.woolworths.media/content/wowproductimages/large/6000797.jpg",
    "source_id": "Woolworths - 6000797",
    "barcode": "9328004001856",
    "shop": "Woolworths",
    "weight": "100G",
    "prices": [
      {
        "state": "ACT",
        "price": "1000",
        "price_per_unit": "357",
        "price_unit": "G"
      }
    ]
  },
  {
    "source_url": "https://www.woolworths.com.au/shop/productdetails/67766/balfours-banger-kransky-sausage-chilled-meal",
    "name": "Balfours Banger Kransky Sausage Chilled Meal 150g",
    "image_url": "https://cdn1.woolworths.media/content/wowproductimages/large/067766.jpg",
    "source_id": "Woolworths - 67766",
    "barcode": "9310090020347",
    "shop": "Woolworths",
    "weight": "100G",
    "prices": [
      null
    ]
  }
]