[
  {
    "source_url": "https://www.woolworths.com.au/shop/productdetails/318494/castello-goat-cheese-log",
    "name": "Castello Goat Cheese Log 110g",
    "image_url": "https://cdn1.woolworths.media/content/wowproductimages/large/318494.jpg",
    "source_id": "Woolworths - 318494",
    "barcode": "9310677002407",
    "shop": "Woolworths",
    "weight": "1KG",
    "prices": [
      {
        "state": "NSW",
        "price": "570",
        "price_per_unit": "5182",
        "price_unit": "KG"
      },
      {
        "state": "NSW",
        "price": "570",
        "price_per_unit": "5182",
        "price_unit": "KG"
      },
      {
        "state": "VIC",
        "price": "570",
        "price_per_unit": "5182",
        "price_unit": "KG"
      },
      {
        "state": "VIC",
        "price": "570",
        "price_per_unit": "5182",
        "price_unit": "KG"
      },
      {
        "state": "QLD",
        "price": "570",
        "price_per_unit": "5182",
        "price_unit": "KG"
      },
      {
        "state": "QLD",
        "price": "570",
        "price_per_unit": "5182",
        "price_unit": "KG"
      },
      {
        "state": "WA",
        "price": "570",
        "price_per_unit": "5182",
        "price_unit": "KG"
      },
      {
        "state": "WA",
        "price": "570",
        "price_per_unit": "5182",
        "price_unit": "KG"
      },
      {
        "state": "SA",
        "price": "570",
        "price_per_unit": "5182",
        "price_unit": "KG"
      },
      {
        "state": "SA",
        "price": "570",
        "price_per_unit": "5182",
        "price_unit": "KG"
      },
      {
        "state": "TAS",
        "price": "570",
        "price_per_unit": "5182",
        "price_unit": "KG"
      },
      {
        "state": "TAS",
        "price": "570",
        "price_per_unit": "5182",
        "price_unit": "KG"
      }
    ]
  },
  {
    "source_url": "https://www.woolworths.com.au/shop/productdetails/739564/jacquin-chevre-plain",
    "name": "Jacquin Chevre Plain 100g",
    "image_url": "https://cdn1.woolworths.media/content/wowproductimages/large/739564.jpg",
    "source_id": "Woolworths - 739564",
    "barcode": "3369640038499",
    "shop": "Woolworths",
    "weight": "1KG",
    "prices": [
      {
        "state": "NSW",
        "price": "600",
        "price_per_unit": "6000",
        "price_unit": "KG"
      },
      {
        "state": "NSW",
        "price": "600",
        "price_per_unit": "6000",
        "price_unit": "KG"
      },
      {
        "state": "VIC",
        "price": "600",
        "price_per_unit": "6000",
        "price_unit": "KG"
      },
      {
        "state": "VIC",
        "price": "600",
        "price_per_unit": "6000",
        "price_unit": "KG"
      },
      {
        "state": "QLD",
        "price": "600",
        "price_per_unit": "6000",
        "price_unit": "KG"
      },
      {
        "state": "QLD",
        "price": "600",
        "price_per_unit": "6000",
        "price_unit": "KG"
      },
      {
        "state": "WA",
        "price": "600",
        "price_per_unit": "6000",
        "price_unit": "KG"
      },
      {
        "state": "WA",
        "price": "600",
        "price_per_unit": "6000",
        "price_unit": "KG"
      },
      {
        "state": "SA",
        "price": "600",
        "price_per_unit": "6000",
        "price_unit": "KG"
      },
      {
        "state": "SA",
        "price": "600",
        "price_per_unit": "6000",
        "price_unit": "KG"
      },
      {
        "state": "TAS",
        "price": "600",
        "price_per_unit": "6000",
        "price_unit": "KG"
      },
      {
        "state": "TAS",
        "price": "600",
        "price_per_unit": "6000",
        "price_unit": "KG"
      },
      {
        "state": "ACT",
        "price": "600",
        "price_per_unit": "6000",
        "price_unit": "KG"
      },
      {
        "state": "ACT",
        "price": "600",
        "price_per_unit": "6000",
        "price_unit": "KG"
      },
      {
        "state": "NT",
        "price": "600",
        "price_per_unit": "6000",
        "price_unit": "KG"
      },
      {
        "state": "NT",
        "price": "600",
        "price_per_unit": "6000",
        "price_unit": "KG"
      }
    ]
  },
  {
    "source_url": "https://www.woolworths.com.au/shop/productdetails/218770/jacquin-goat-cheese-with-garlic-herbs",
    "name": "Jacquin Goat Cheese With Garlic & Herbs 100g",
    "image_url": "https://cdn1.woolworths.media/content/wowproductimages/large/218770.jpg",
    "source_id": "Woolworths - 218770",
    "barcode": "3369640040423",
    "shop": "Woolworths",
    "weight": "1KG",
    "prices": [
      {
        "state": "NSW",
        "price": "600",
        "price_per_unit": "6000",
        "price_unit": "KG"
      },
      {
        "state": "NSW",
        "price": "600",
        "price_per_unit": "6000",
        "price_unit": "KG"
      },
      {
        "state": "VIC",
        "price": "600",
        "price_per_unit": "6000",
        "price_unit": "KG"
      },
      {
        "state": "VIC",
        "price": "600",
        "price_per_unit": "6000",
        "price_unit": "KG"
      },
      {
        "state": "QLD",
        "price": "600",
        "price_per_unit": "6000",
        "price_unit": "KG"
      },
      {
        "state": "QLD",
        "price": "600",
        "price_per_unit": "6000",
        "price_unit": "KG"
      },
      {
        "state": "WA",
        "price": "600",
        "price_per_unit": "6000",
        "price_unit": "KG"
      },
      {
        "state": "WA",
        "price": "600",
        "price_per_unit": "6000",
        "price_unit": "KG"
      },
      {
        "state": "SA",
        "price": "600",
        "price_per_unit": "6000",
        "price_unit": "KG"
      },
      {
        "state": "SA",
        "price": "600",
        "price_per_unit": "6000",
        "price_unit": "KG"
      },
      {
        "state": "TAS",
        "price": "600",
        "price_per_unit": "6000",
        "price_unit": "KG"
      },
      {
        "state": "TAS",
        "price": "600",
        "price_per_unit": "6000",
        "price_unit": "KG"
      },
      {
        "state": "ACT",
        "price": "600",
        "price_per_unit": "6000",
        "price_unit": "KG"
      },
      {
        "state": "ACT",
        "price": "600",
        "price_per_unit": "6000",
        "price_unit": "KG"
      },
      {
        "state": "NT",
        "price": "600",
        "price_per_unit": "6000",
        "price_unit": "KG"
      },
      {
        "state": "NT",
        "price": "600",
        "price_per_unit": "6000",
        "price_unit": "KG"
      }
    ]
  },
  {
    "source_url": "https://www.woolworths.com.au/shop/productdetails/29121/melbourne-cheese-company-fetta-garlic-herbs",
    "name": "Melbourne Cheese Company Fetta Garlic & Herbs 250g",
    "image_url": "https://cdn1.woolworths.media/content/wowproductimages/large/029121.jpg",
    "source_id": "Woolworths - 29121",
    "barcode": "9322515030893",
    "shop": "Woolworths",
    "weight": "1KG",
    "prices": [
      {
        "state": "NSW",
        "price": "750",
        "price_per_unit": "3000",
        "price_unit": "KG"
      },
      {
        "state": "NSW",
        "price": "750",
        "price_per_unit": "3000",
        "price_unit": "KG"
      },
      {
        "state": "VIC",
        "price": "750",
        "price_per_unit": "3000",
        "price_unit": "KG"
      },
      {
        "state": "VIC",
        "price": "750",
        "price_per_unit": "3000",
        "price_unit": "KG"
      },
      {
        "state": "QLD",
        "price": "750",
        "price_per_unit": "3000",
        "price_unit": "KG"
      },
      {
        "state": "QLD",
        "price": "750",
        "price_per_unit": "3000",
        "price_unit": "KG"
      },
      {
        "state": "SA",
        "price": "750",
        "price_per_unit": "3000",
        "price_unit": "KG"
      },
      {
        "state": "SA",
        "price": "750",
        "price_per_unit": "3000",
        "price_unit": "KG"
      },
      {
        "state": "TAS",
        "price": "750",
        "price_per_unit": "3000",
        "price_unit": "KG"
      },
      {
        "state": "TAS",
        "price": "750",
        "price_per_unit": "3000",
        "price_unit": "KG"
      },
      {
        "state": "ACT",
        "price": "750",
        "price_per_unit": "3000",
        "price_unit": "KG"
      },
      {
        "state": "ACT",
        "price": "750",
        "price_per_unit": "3000",
        "price_unit": "KG"
      },
      {
        "state": "NT",
        "price": "750",
        "price_per_unit": "3000",
        "price_unit": "KG"
      },
      {
        "state": "NT",
        "price": "750",
        "price_per_unit": "3000",
        "price_unit": "KG"
      }
    ]
  },
  {
    "source_url": "https://www.woolworths.com.au/shop/productdetails/31165/melbourne-cheese-company-persian-fetta",
    "name": "Melbourne Cheese Company Persian Fetta 250g",
    "image_url": "https://cdn1.woolworths.media/content/wowproductimages/large/031165.jpg",
    "source_id": "Woolworths - 31165",
    "barcode": "9322515030886",
    "shop": "Woolworths",
    "weight": "1KG",
    "prices": [
      {
        "state": "NSW",
        "price": "750",
        "price_per_unit": "3000",
        "price_unit": "KG"
      },
      {
        "state": "NSW",
        "price": "750",
        "price_per_unit": "3000",
        "price_unit": "KG"
      },
      {
        "state": "VIC",
        "price": "750",
        "price_per_unit": "3000",
        "price_unit": "KG"
      },
      {
        "state": "VIC",
        "price": "750",
        "price_per_unit": "3000",
        "price_unit": "KG"
      },
      {
        "state": "QLD",
        "price": "750",
        "price_per_unit": "3000",
        "price_unit": "KG"
      },
      {
        "state": "QLD",
        "price": "750",
        "price_per_unit": "3000",
        "price_unit": "KG"
      },
      {
        "state": "WA",
        "price": "750",
        "price_per_unit": "3000",
        "price_unit": "KG"
      },
      {
        "state": "WA",
        "price": "750",
        "price_per_unit": "3000",
        "price_unit": "KG"
      },
      {
        "state": "SA",
        "price": "750",
        "price_per_unit": "3000",
        "price_unit": "KG"
      },
      {
        "state": "SA",
        "price": "750",
        "price_per_unit": "3000",
        "price_unit": "KG"
      },
      {
        "state": "TAS",
        "price": "750",
        "price_per_unit": "3000",
        "price_unit": "KG"
      },
      {
        "state": "TAS",
        "price": "750",
        "price_per_unit": "3000",
        "price_unit": "KG"
      },
      {
        "state": "ACT",
        "price": "750",
        "price_per_unit": "3000",
        "price_unit": "KG"
      },
      {
        "state": "ACT",
        "price": "750",
        "price_per_unit": "3000",
        "price_unit": "KG"
      },
      {
        "state": "NT",
        "price": "750",
        "price_per_unit": "3000",
        "price_unit": "KG"
      },
      {
        "state": "NT",
        "price": "750",
        "price_per_unit": "3000",
        "price_unit": "KG"
      }
    ]
  },
  {
    "source_url": "https://www.woolworths.com.au/shop/productdetails/330227/meredith-dairy-dill-cheese",
    "name": "Meredith Dairy Dill Cheese 150g",
    "image_url": "https://cdn1.woolworths.media/content/wowproductimages/large/330227.jpg",
    "source_id": "Woolworths - 330227",
    "barcode": "9317320101524",
    "shop": "Woolworths",
    "weight": "1KG",
    "prices": [
      {
        "state": "NSW",
        "price": "790",
        "price_per_unit": "5267",
        "price_unit": "KG"
      },
      {
        "state": "NSW",
        "price": "790",
        "price_per_unit": "5267",
        "price_unit": "KG"
      },
      {
        "state": "VIC",
        "price": "790",
        "price_per_unit": "5267",
        "price_unit": "KG"
      },
      {
        "state": "VIC",
        "price": "790",
        "price_per_unit": "5267",
        "price_unit": "KG"
      },
      {
        "state": "QLD",
        "price": "790",
        "price_per_unit": "5267",
        "price_unit": "KG"
      },
      {
        "state": "QLD",
        "price": "790",
        "price_per_unit": "5267",
        "price_unit": "KG"
      },
      {
        "state": "WA",
        "price": "790",
        "price_per_unit": "5267",
        "price_unit": "KG"
      },
      {
        "state": "WA",
        "price": "790",
        "price_per_unit": "5267",
        "price_unit": "KG"
      },
      {
        "state": "SA",
        "price": "790",
        "price_per_unit": "5267",
        "price_unit": "KG"
      },
      {
        "state": "SA",
        "price": "790",
        "price_per_unit": "5267",
        "price_unit": "KG"
      },
      {
        "state": "ACT",
        "price": "790",
        "price_per_unit": "5267",
        "price_unit": "KG"
      },
      {
        "state": "ACT",
        "price": "790",
        "price_per_unit": "5267",
        "price_unit": "KG"
      }
    ]
  },
  {
    "source_url": "https://www.woolworths.com.au/shop/productdetails/464664/meredith-dairy-goat-cheese-australian-native-pepperberry",
    "name": "Meredith Dairy Goat Cheese Australian Native Pepperberry 150g",
    "image_url": "https://cdn1.woolworths.media/content/wowproductimages/large/464664.jpg",
    "source_id": "Woolworths - 464664",
    "barcode": "9317320100329",
    "shop": "Woolworths",
    "weight": "1KG",
    "prices": [
      {
        "state": "NSW",
        "price": "790",
        "price_per_unit": "5267",
        "price_unit": "KG"
      },
      {
        "state": "NSW",
        "price": "790",
        "price_per_unit": "5267",
        "price_unit": "KG"
      },
      {
        "state": "QLD",
        "price": "790",
        "price_per_unit": "5267",
        "price_unit": "KG"
      },
      {
        "state": "QLD",
        "price": "790",
        "price_per_unit": "5267",
        "price_unit": "KG"
      },
      {
        "state": "WA",
        "price": "790",
        "price_per_unit": "5267",
        "price_unit": "KG"
      },
      {
        "state": "WA",
        "price": "790",
        "price_per_unit": "5267",
        "price_unit": "KG"
      },
      {
        "state": "SA",
        "price": "790",
        "price_per_unit": "5267",
        "price_unit": "KG"
      },
      {
        "state": "SA",
        "price": "790",
        "price_per_unit": "5267",
        "price_unit": "KG"
      },
      {
        "state": "TAS",
        "price": "790",
        "price_per_unit": "5267",
        "price_unit": "KG"
      },
      {
        "state": "TAS",
        "price": "790",
        "price_per_unit": "5267",
        "price_unit": "KG"
      },
      {
        "state": "ACT",
        "price": "790",
        "price_per_unit": "5267",
        "price_unit": "KG"
      },
      {
        "state": "ACT",
        "price": "790",
        "price_per_unit": "5267",
        "price_unit": "KG"
      },
      {
        "state": "NT",
        "price": "790",
        "price_per_unit": "5267",
        "price_unit": "KG"
      },
      {
        "state": "NT",
        "price": "790",
        "price_per_unit": "5267",
        "price_unit": "KG"
      }
    ]
  },
  {
    "source_url": "https://www.woolworths.com.au/shop/productdetails/668984/meredith-dairy-goat-s-cheese-chevre-plain",
    "name": "Meredith Dairy Goat's Cheese Chevre Plain 80g",
    "image_url": "https://cdn1.woolworths.media/content/wowproductimages/large/668984.jpg",
    "source_id": "Woolworths - 668984",
    "barcode": "9317320100152",
    "shop": "Woolworths",
    "weight": "1KG",
    "prices": [
      {
        "state": "NSW",
        "price": "550",
        "price_per_unit": "6875",
        "price_unit": "KG"
      },
      {
        "state": "NSW",
        "price": "550",
        "price_per_unit": "6875",
        "price_unit": "KG"
      },
      {
        "state": "VIC",
        "price": "550",
        "price_per_unit": "6875",
        "price_unit": "KG"
      },
      {
        "state": "VIC",
        "price": "550",
        "price_per_unit": "6875",
        "price_unit": "KG"
      },
      {
        "state": "QLD",
        "price": "550",
        "price_per_unit": "6875",
        "price_unit": "KG"
      },
      {
        "state": "QLD",
        "price": "550",
        "price_per_unit": "6875",
        "price_unit": "KG"
      },
      {
        "state": "WA",
        "price": "550",
        "price_per_unit": "6875",
        "price_unit": "KG"
      },
      {
        "state": "WA",
        "price": "550",
        "price_per_unit": "6875",
        "price_unit": "KG"
      },
      {
        "state": "SA",
        "price": "550",
        "price_per_unit": "6875",
        "price_unit": "KG"
      },
      {
        "state": "SA",
        "price": "550",
        "price_per_unit": "6875",
        "price_unit": "KG"
      },
      {
        "state": "TAS",
        "price": "550",
        "price_per_unit": "6875",
        "price_unit": "KG"
      },
      {
        "state": "TAS",
        "price": "550",
        "price_per_unit": "6875",
        "price_unit": "KG"
      },
      {
        "state": "ACT",
        "price": "550",
        "price_per_unit": "6875",
        "price_unit": "KG"
      },
      {
        "state": "ACT",
        "price": "550",
        "price_per_unit": "6875",
        "price_unit": "KG"
      },
      {
        "state": "NT",
        "price": "550",
        "price_per_unit": "6875",
        "price_unit": "KG"
      },
      {
        "state": "NT",
        "price": "550",
        "price_per_unit": "6875",
        "price_unit": "KG"
      }
    ]
  },
  {
    "source_url": "https://www.woolworths.com.au/shop/productdetails/60594/meredith-dairy-goats-cheese",
    "name": "Meredith Dairy Goats Cheese 100g",
    "image_url": "https://cdn1.woolworths.media/content/wowproductimages/large/060594.jpg",
    "source_id": "Woolworths - 60594",
    "barcode": "9317320100305",
    "shop": "Woolworths",
    "weight": "1KG",
    "prices": [
      {
        "state": "NSW",
        "price": "550",
        "price_per_unit": "5500",
        "price_unit": "KG"
      },
      {
        "state": "NSW",
        "price": "550",
        "price_per_unit": "5500",
        "price_unit": "KG"
      },
      {
        "state": "VIC",
        "price": "550",
        "price_per_unit": "5500",
        "price_unit": "KG"
      },
      {
        "state": "VIC",
        "price": "550",
        "price_per_unit": "5500",
        "price_unit": "KG"
      },
      {
        "state": "QLD",
        "price": "550",
        "price_per_unit": "5500",
        "price_unit": "KG"
      },
      {
        "state": "QLD",
        "price": "550",
        "price_per_unit": "5500",
        "price_unit": "KG"
      },
      {
        "state": "WA",
        "price": "550",
        "price_per_unit": "5500",
        "price_unit": "KG"
      },
      {
        "state": "WA",
        "price": "550",
        "price_per_unit": "5500",
        "price_unit": "KG"
      },
      {
        "state": "SA",
        "price": "550",
        "price_per_unit": "5500",
        "price_unit": "KG"
      },
      {
        "state": "SA",
        "price": "550",
        "price_per_unit": "5500",
        "price_unit": "KG"
      },
      {
        "state": "TAS",
        "price": "550",
        "price_per_unit": "5500",
        "price_unit": "KG"
      },
      {
        "state": "TAS",
        "price": "550",
        "price_per_unit": "5500",
        "price_unit": "KG"
      },
      {
        "state": "ACT",
        "price": "550",
        "price_per_unit": "5500",
        "price_unit": "KG"
      },
      {
        "state": "ACT",
        "price": "550",
        "price_per_unit": "5500",
        "price_unit": "KG"
      },
      {
        "state": "NT",
        "price": "550",
        "price_per_unit": "5500",
        "price_unit": "KG"
      },
      {
        "state": "NT",
        "price": "550",
        "price_per_unit": "5500",
        "price_unit": "KG"
      }
    ]
  },
  {
    "source_url": "https://www.woolworths.com.au/shop/productdetails/135884/meredith-dairy-goats-cheese-in-olive-oil",
    "name": "Meredith Dairy Goats Cheese 320g",
    "image_url": "https://cdn1.woolworths.media/content/wowproductimages/large/135884.jpg",
    "source_id": "Woolworths - 135884",
    "barcode": "9317320100039",
    "shop": "Woolworths",
    "weight": "1KG",
    "prices": [
      {
        "state": "NSW",
        "price": "1220",
        "price_per_unit": "3813",
        "price_unit": "KG"
      },
      {
        "state": "NSW",
        "price": "1220",
        "price_per_unit": "3813",
        "price_unit": "KG"
      },
      {
        "state": "VIC",
        "price": "1220",
        "price_per_unit": "3813",
        "price_unit": "KG"
      },
      {
        "state": "VIC",
        "price": "1220",
        "price_per_unit": "3813",
        "price_unit": "KG"
      },
      {
        "state": "QLD",
        "price": "1220",
        "price_per_unit": "3813",
        "price_unit": "KG"
      },
      {
        "state": "QLD",
        "price": "1220",
        "price_per_unit": "3813",
        "price_unit": "KG"
      },
      {
        "state": "WA",
        "price": "1220",
        "price_per_unit": "3813",
        "price_unit": "KG"
      },
      {
        "state": "WA",
        "price": "1220",
        "price_per_unit": "3813",
        "price_unit": "KG"
      },
      {
        "state": "SA",
        "price": "1220",
        "price_per_unit": "3813",
        "price_unit": "KG"
      },
      {
        "state": "SA",
        "price": "1220",
        "price_per_unit": "3813",
        "price_unit": "KG"
      },
      {
        "state": "TAS",
        "price": "1220",
        "price_per_unit": "3813",
        "price_unit": "KG"
      },
      {
        "state": "TAS",
        "price": "1220",
        "price_per_unit": "3813",
        "price_unit": "KG"
      },
      {
        "state": "ACT",
        "price": "1220",
        "price_per_unit": "3813",
        "price_unit": "KG"
      },
      {
        "state": "ACT",
        "price": "1220",
        "price_per_unit": "3813",
        "price_unit": "KG"
      },
      {
        "state": "NT",
        "price": "1220",
        "price_per_unit": "3813",
        "price_unit": "KG"
      },
      {
        "state": "NT",
        "price": "1220",
        "price_per_unit": "3813",
        "price_unit": "KG"
      }
    ]
  },
  {
    "source_url": "https://www.woolworths.com.au/shop/productdetails/663973/meredith-dairy-goats-cheese-jar",
    "name": "Meredith Dairy Goats Cheese 550g",
    "image_url": "https://cdn1.woolworths.media/content/wowproductimages/large/663973.jpg",
    "source_id": "Woolworths - 663973",
    "barcode": "9317320100091",
    "shop": "Woolworths",
    "weight": "1KG",
    "prices": [
      {
        "state": "NSW",
        "price": "2200",
        "price_per_unit": "4000",
        "price_unit": "KG"
      },
      {
        "state": "NSW",
        "price": "2200",
        "price_per_unit": "4000",
        "price_unit": "KG"
      },
      {
        "state": "VIC",
        "price": "2200",
        "price_per_unit": "4000",
        "price_unit": "KG"
      },
      {
        "state": "VIC",
        "price": "2200",
        "price_per_unit": "4000",
        "price_unit": "KG"
      },
      {
        "state": "QLD",
        "price": "2200",
        "price_per_unit": "4000",
        "price_unit": "KG"
      },
      {
        "state": "QLD",
        "price": "2200",
        "price_per_unit": "4000",
        "price_unit": "KG"
      },
      {
        "state": "WA",
        "price": "2200",
        "price_per_unit": "4000",
        "price_unit": "KG"
      },
      {
        "state": "WA",
        "price": "2200",
        "price_per_unit": "4000",
        "price_unit": "KG"
      },
      {
        "state": "SA",
        "price": "2200",
        "price_per_unit": "4000",
        "price_unit": "KG"
      },
      {
        "state": "SA",
        "price": "2200",
        "price_per_unit": "4000",
        "price_unit": "KG"
      },
      {
        "state": "TAS",
        "price": "2200",
        "price_per_unit": "4000",
        "price_unit": "KG"
      },
      {
        "state": "TAS",
        "price": "2200",
        "price_per_unit": "4000",
        "price_unit": "KG"
      },
      {
        "state": "ACT",
        "price": "2200",
        "price_per_unit": "4000",
        "price_unit": "KG"
      },
      {
        "state": "ACT",
        "price": "2200",
        "price_per_unit": "4000",
        "price_unit": "KG"
      },
      {
        "state": "NT",
        "price": "2200",
        "price_per_unit": "4000",
        "price_unit": "KG"
      },
      {
        "state": "NT",
        "price": "2200",
        "price_per_unit": "4000",
        "price_unit": "KG"
      }
    ]
  },
  {
    "source_url": "https://www.woolworths.com.au/shop/productdetails/316043/meredith-dairy-plain-goats-cheese",
    "name": "Meredith Dairy Plain Goats Cheese 150g",
    "image_url": "https://cdn1.woolworths.media/content/wowproductimages/large/316043.jpg",
    "source_id": "Woolworths - 316043",
    "barcode": "9317320101500",
    "shop": "Woolworths",
    "weight": "1KG",
    "prices": [
      {
        "state": "NSW",
        "price": "790",
        "price_per_unit": "5267",
        "price_unit": "KG"
      },
      {
        "state": "NSW",
        "price": "790",
        "price_per_unit": "5267",
        "price_unit": "KG"
      },
      {
        "state": "QLD",
        "price": "790",
        "price_per_unit": "5267",
        "price_unit": "KG"
      },
      {
        "state": "QLD",
        "price": "790",
        "price_per_unit": "5267",
        "price_unit": "KG"
      },
      {
        "state": "WA",
        "price": "790",
        "price_per_unit": "5267",
        "price_unit": "KG"
      },
      {
        "state": "WA",
        "price": "790",
        "price_per_unit": "5267",
        "price_unit": "KG"
      },
      {
        "state": "SA",
        "price": "790",
        "price_per_unit": "5267",
        "price_unit": "KG"
      },
      {
        "state": "SA",
        "price": "790",
        "price_per_unit": "5267",
        "price_unit": "KG"
      },
      {
        "state": "TAS",
        "price": "790",
        "price_per_unit": "5267",
        "price_unit": "KG"
      },
      {
        "state": "TAS",
        "price": "790",
        "price_per_unit": "5267",
        "price_unit": "KG"
      },
      {
        "state": "ACT",
        "price": "790",
        "price_per_unit": "5267",
        "price_unit": "KG"
      },
      {
        "state": "ACT",
        "price": "790",
        "price_per_unit": "5267",
        "price_unit": "KG"
      },
      {
        "state": "NT",
        "price": "790",
        "price_per_unit": "5267",
        "price_unit": "KG"
      },
      {
        "state": "NT",
        "price": "790",
        "price_per_unit": "5267",
        "price_unit": "KG"
      }
    ]
  },
  {
    "source_url": "https://www.woolworths.com.au/shop/productdetails/443664/thomas-dux-french-goats-cheese",
    "name": "Thomas Dux French Goats Cheese 110g",
    "image_url": "https://cdn1.woolworths.media/content/wowproductimages/large/443664.jpg",
    "source_id": "Woolworths - 443664",
    "barcode": "9339687361403",
    "shop": "Woolworths",
    "weight": "1KG",
    "prices": [
      {
        "state": "NSW",
        "price": "440",
        "price_per_unit": "4000",
        "price_unit": "KG"
      },
      {
        "state": "NSW",
        "price": "440",
        "price_per_unit": "4000",
        "price_unit": "KG"
      },
      {
        "state": "VIC",
        "price": "440",
        "price_per_unit": "4000",
        "price_unit": "KG"
      },
      {
        "state": "VIC",
        "price": "440",
        "price_per_unit": "4000",
        "price_unit": "KG"
      },
      {
        "state": "QLD",
        "price": "440",
        "price_per_unit": "4000",
        "price_unit": "KG"
      },
      {
        "state": "QLD",
        "price": "440",
        "price_per_unit": "4000",
        "price_unit": "KG"
      },
      {
        "state": "SA",
        "price": "440",
        "price_per_unit": "4000",
        "price_unit": "KG"
      },
      {
        "state": "SA",
        "price": "440",
        "price_per_unit": "4000",
        "price_unit": "KG"
      },
      {
        "state": "TAS",
        "price": "440",
        "price_per_unit": "4000",
        "price_unit": "KG"
      },
      {
        "state": "TAS",
        "price": "440",
        "price_per_unit": "4000",
        "price_unit": "KG"
      },
      {
        "state": "NT",
        "price": "440",
        "price_per_unit": "4000",
        "price_unit": "KG"
      },
      {
        "state": "NT",
        "price": "440",
        "price_per_unit": "4000",
        "price_unit": "KG"
      }
    ]
  },
  {
    "source_url": "https://www.woolworths.com.au/shop/productdetails/94988/thomas-dux-marinated-goats-cheese",
    "name": "Thomas Dux Marinated Goats Cheese 300g",
    "image_url": "https://cdn1.woolworths.media/content/wowproductimages/large/094988.jpg",
    "source_id": "Woolworths - 94988",
    "barcode": "93561136",
    "shop": "Woolworths",
    "weight": "1KG",
    "prices": [
      {
        "state": "NSW",
        "price": "1100",
        "price_per_unit": "3667",
        "price_unit": "KG"
      },
      {
        "state": "NSW",
        "price": "1100",
        "price_per_unit": "3667",
        "price_unit": "KG"
      },
      {
        "state": "TAS",
        "price": "1100",
        "price_per_unit": "3667",
        "price_unit": "KG"
      },
      {
        "state": "TAS",
        "price": "1100",
        "price_per_unit": "3667",
        "price_unit": "KG"
      },
      {
        "state": "ACT",
        "price": "1100",
        "price_per_unit": "3667",
        "price_unit": "KG"
      },
      {
        "state": "ACT",
        "price": "1100",
        "price_per_unit": "3667",
        "price_unit": "KG"
      },
      {
        "state": "NT",
        "price": "1100",
        "price_per_unit": "3667",
        "price_unit": "KG"
      },
      {
        "state": "NT",
        "price": "1100",
        "price_per_unit": "3667",
        "price_unit": "KG"
      }
    ]
  },
  {
    "source_url": "https://www.woolworths.com.au/shop/productdetails/640123/yarra-valley-cheese-marinated-persian-fetta",
    "name": "Yarra Valley Cheese Marinated Persian Fetta 350g",
    "image_url": "https://cdn1.woolworths.media/content/wowproductimages/large/640123.jpg",
    "source_id": "Woolworths - 640123",
    "barcode": "9326105000006",
    "shop": "Woolworths",
    "weight": "1KG",
    "prices": [
      {
        "state": "NSW",
        "price": "1140",
        "price_per_unit": "3257",
        "price_unit": "KG"
      },
      {
        "state": "NSW",
        "price": "1140",
        "price_per_unit": "3257",
        "price_unit": "KG"
      },
      {
        "state": "VIC",
        "price": "1140",
        "price_per_unit": "3257",
        "price_unit": "KG"
      },
      {
        "state": "VIC",
        "price": "1140",
        "price_per_unit": "3257",
        "price_unit": "KG"
      },
      {
        "state": "QLD",
        "price": "1140",
        "price_per_unit": "3257",
        "price_unit": "KG"
      },
      {
        "state": "QLD",
        "price": "1140",
        "price_per_unit": "3257",
        "price_unit": "KG"
      },
      {
        "state": "WA",
        "price": "1140",
        "price_per_unit": "3257",
        "price_unit": "KG"
      },
      {
        "state": "WA",
        "price": "1140",
        "price_per_unit": "3257",
        "price_unit": "KG"
      },
      {
        "state": "SA",
        "price": "1140",
        "price_per_unit": "3257",
        "price_unit": "KG"
      },
      {
        "state": "SA",
        "price": "1140",
        "price_per_unit": "3257",
        "price_unit": "KG"
      },
      {
        "state": "TAS",
        "price": "1140",
        "price_per_unit": "3257",
        "price_unit": "KG"
      },
      {
        "state": "TAS",
        "price": "1140",
        "price_per_unit": "3257",
        "price_unit": "KG"
      },
      {
        "state": "ACT",
        "price": "1140",
        "price_per_unit": "3257",
        "price_unit": "KG"
      },
      {
        "state": "ACT",
        "price": "1140",
        "price_per_unit": "3257",
        "price_unit": "KG"
      },
      {
        "state": "NT",
        "price": "1140",
        "price_per_unit": "3257",
        "price_unit": "KG"
      },
      {
        "state": "NT",
        "price": "1140",
        "price_per_unit": "3257",
        "price_unit": "KG"
      }
    ]
  },
  {
    "source_url": "https://www.woolworths.com.au/shop/productdetails/638913/yarra-valley-cheese-salted-honey-cow",
    "name": "Yarra Valley Cheese Salted Honey Cow 120g",
    "image_url": "https://cdn1.woolworths.media/content/wowproductimages/large/638913.jpg",
    "source_id": "Woolworths - 638913",
    "barcode": "9326105000082",
    "shop": "Woolworths",
    "weight": "1KG",
    "prices": [
      {
        "state": "NSW",
        "price": "620",
        "price_per_unit": "5167",
        "price_unit": "KG"
      },
      {
        "state": "NSW",
        "price": "620",
        "price_per_unit": "5167",
        "price_unit": "KG"
      },
      {
        "state": "VIC",
        "price": "620",
        "price_per_unit": "5167",
        "price_unit": "KG"
      },
      {
        "state": "VIC",
        "price": "620",
        "price_per_unit": "5167",
        "price_unit": "KG"
      },
      {
        "state": "QLD",
        "price": "620",
        "price_per_unit": "5167",
        "price_unit": "KG"
      },
      {
        "state": "QLD",
        "price": "620",
        "price_per_unit": "5167",
        "price_unit": "KG"
      },
      {
        "state": "SA",
        "price": "620",
        "price_per_unit": "5167",
        "price_unit": "KG"
      },
      {
        "state": "SA",
        "price": "620",
        "price_per_unit": "5167",
        "price_unit": "KG"
      },
      {
        "state": "TAS",
        "price": "620",
        "price_per_unit": "5167",
        "price_unit": "KG"
      },
      {
        "state": "TAS",
        "price": "620",
        "price_per_unit": "5167",
        "price_unit": "KG"
      },
      {
        "state": "ACT",
        "price": "620",
        "price_per_unit": "5167",
        "price_unit": "KG"
      },
      {
        "state": "ACT",
        "price": "620",
        "price_per_unit": "5167",
        "price_unit": "KG"
      },
      {
        "state": "NT",
        "price": "620",
        "price_per_unit": "5167",
        "price_unit": "KG"
      },
      {
        "state": "NT",
        "price": "620",
        "price_per_unit": "5167",
        "price_unit": "KG"
      }
    ]
  },
  {
    "source_url": "https://www.woolworths.com.au/shop/productdetails/328103/dodoni-greek-feta-cheese",
    "name": "Dodoni Greek Feta Cheese 400g",
    "image_url": "https://cdn1.woolworths.media/content/wowproductimages/large/328103.jpg",
    "source_id": "Woolworths - 328103",
    "barcode": "5201168215649",
    "shop": "Woolworths",
    "weight": "1KG",
    "prices": [
      {
        "state": "NSW",
        "price": "1850",
        "price_per_unit": "4625",
        "price_unit": "KG"
      },
      {
        "state": "VIC",
        "price": "1850",
        "price_per_unit": "4625",
        "price_unit": "KG"
      },
      {
        "state": "QLD",
        "price": "1850",
        "price_per_unit": "4625",
        "price_unit": "KG"
      },
      {
        "state": "WA",
        "price": "1850",
        "price_per_unit": "4625",
        "price_unit": "KG"
      },
      {
        "state": "SA",
        "price": "1850",
        "price_per_unit": "4625",
        "price_unit": "KG"
      },
      {
        "state": "ACT",
        "price": "1850",
        "price_per_unit": "4625",
        "price_unit": "KG"
      },
      {
        "state": "NT",
        "price": "1850",
        "price_per_unit": "4625",
        "price_unit": "KG"
      }
    ]
  },
  {
    "source_url": "https://www.woolworths.com.au/shop/productdetails/485598/lemnos-cheese-fetta",
    "name": "Lemnos Cheese Fetta 2 Pack",
    "image_url": "https://cdn1.woolworths.media/content/wowproductimages/large/485598.jpg",
    "source_id": "Woolworths - 485598",
    "barcode": "9316389001684",
    "shop": "Woolworths",
    "weight": "1KG",
    "prices": [
      {
        "state": "NSW",
        "price": "700",
        "price_per_unit": "3500",
        "price_unit": "KG"
      },
      {
        "state": "VIC",
        "price": "700",
        "price_per_unit": "3500",
        "price_unit": "KG"
      },
      {
        "state": "QLD",
        "price": "700",
        "price_per_unit": "3500",
        "price_unit": "KG"
      },
      {
        "state": "WA",
        "price": "700",
        "price_per_unit": "3500",
        "price_unit": "KG"
      },
      {
        "state": "SA",
        "price": "700",
        "price_per_unit": "3500",
        "price_unit": "KG"
      },
      {
        "state": "TAS",
        "price": "700",
        "price_per_unit": "3500",
        "price_unit": "KG"
      },
      {
        "state": "ACT",
        "price": "700",
        "price_per_unit": "3500",
        "price_unit": "KG"
      },
      {
        "state": "NT",
        "price": "700",
        "price_per_unit": "3500",
        "price_unit": "KG"
      }
    ]
  },
  {
    "source_url": "https://www.woolworths.com.au/shop/productdetails/211134/lemnos-smooth-fetta-cheese",
    "name": "Lemnos Smooth Fetta Cheese 200g",
    "image_url": "https://cdn1.woolworths.media/content/wowproductimages/large/211134.jpg",
    "source_id": "Woolworths - 211134",
    "barcode": "9316389000106",
    "shop": "Woolworths",
    "weight": "1KG",
    "prices": [
      {
        "state": "NSW",
        "price": "650",
        "price_per_unit": "3250",
        "price_unit": "KG"
      },
      {
        "state": "VIC",
        "price": "650",
        "price_per_unit": "3250",
        "price_unit": "KG"
      },
      {
        "state": "QLD",
        "price": "650",
        "price_per_unit": "3250",
        "price_unit": "KG"
      },
      {
        "state": "WA",
        "price": "650",
        "price_per_unit": "3250",
        "price_unit": "KG"
      },
      {
        "state": "SA",
        "price": "650",
        "price_per_unit": "3250",
        "price_unit": "KG"
      },
      {
        "state": "TAS",
        "price": "650",
        "price_per_unit": "3250",
        "price_unit": "KG"
      },
      {
        "state": "ACT",
        "price": "650",
        "price_per_unit": "3250",
        "price_unit": "KG"
      },
      {
        "state": "NT",
        "price": "650",
        "price_per_unit": "3250",
        "price_unit": "KG"
      }
    ]
  },
  {
    "source_url": "https://www.woolworths.com.au/shop/productdetails/162581/lemnos-traditional-fetta",
    "name": "Lemnos Traditional Fetta 180g",
    "image_url": "https://cdn1.woolworths.media/content/wowproductimages/large/162581.jpg",
    "source_id": "Woolworths - 162581",
    "barcode": "9316389000335",
    "shop": "Woolworths",
    "weight": "1KG",
    "prices": [
      {
        "state": "NSW",
        "price": "650",
        "price_per_unit": "3611",
        "price_unit": "KG"
      },
      {
        "state": "VIC",
        "price": "650",
        "price_per_unit": "3611",
        "price_unit": "KG"
      },
      {
        "state": "QLD",
        "price": "650",
        "price_per_unit": "3611",
        "price_unit": "KG"
      },
      {
        "state": "WA",
        "price": "650",
        "price_per_unit": "3611",
        "price_unit": "KG"
      },
      {
        "state": "SA",
        "price": "650",
        "price_per_unit": "3611",
        "price_unit": "KG"
      },
      {
        "state": "TAS",
        "price": "650",
        "price_per_unit": "3611",
        "price_unit": "KG"
      },
      {
        "state": "ACT",
        "price": "650",
        "price_per_unit": "3611",
        "price_unit": "KG"
      },
      {
        "state": "NT",
        "price": "650",
        "price_per_unit": "3611",
        "price_unit": "KG"
      }
    ]
  },
  {
    "source_url": "https://www.woolworths.com.au/shop/productdetails/221562/south-cape-crumbled-fetta",
    "name": "South Cape Crumbled Fetta 200g",
    "image_url": "https://cdn1.woolworths.media/content/wowproductimages/large/221562.jpg",
    "source_id": "Woolworths - 221562",
    "barcode": "9314441001801",
    "shop": "Woolworths",
    "weight": "1KG",
    "prices": [
      {
        "state": "NSW",
        "price": "800",
        "price_per_unit": "4000",
        "price_unit": "KG"
      },
      {
        "state": "VIC",
        "price": "800",
        "price_per_unit": "4000",
        "price_unit": "KG"
      },
      {
        "state": "QLD",
        "price": "800",
        "price_per_unit": "4000",
        "price_unit": "KG"
      },
      {
        "state": "WA",
        "price": "800",
        "price_per_unit": "4000",
        "price_unit": "KG"
      },
      {
        "state": "SA",
        "price": "800",
        "price_per_unit": "4000",
        "price_unit": "KG"
      },
      {
        "state": "TAS",
        "price": "800",
        "price_per_unit": "4000",
        "price_unit": "KG"
      },
      {
        "state": "ACT",
        "price": "800",
        "price_per_unit": "4000",
        "price_unit": "KG"
      },
      {
        "state": "NT",
        "price": "800",
        "price_per_unit": "4000",
        "price_unit": "KG"
      }
    ]
  },
  {
    "source_url": "https://www.woolworths.com.au/shop/productdetails/51344/south-cape-danish-style-fetta",
    "name": "South Cape Danish Style Fetta 200g",
    "image_url": "https://cdn1.woolworths.media/content/wowproductimages/large/051344.jpg",
    "source_id": "Woolworths - 51344",
    "barcode": "9314441009562",
    "shop": "Woolworths",
    "weight": "1KG",
    "prices": [
      {
        "state": "NSW",
        "price": "515",
        "price_per_unit": "2575",
        "price_unit": "KG"
      },
      {
        "state": "VIC",
        "price": "515",
        "price_per_unit": "2575",
        "price_unit": "KG"
      },
      {
        "state": "QLD",
        "price": "515",
        "price_per_unit": "2575",
        "price_unit": "KG"
      },
      {
        "state": "WA",
        "price": "515",
        "price_per_unit": "2575",
        "price_unit": "KG"
      },
      {
        "state": "SA",
        "price": "515",
        "price_per_unit": "2575",
        "price_unit": "KG"
      },
      {
        "state": "TAS",
        "price": "515",
        "price_per_unit": "2575",
        "price_unit": "KG"
      },
      {
        "state": "ACT",
        "price": "515",
        "price_per_unit": "2575",
        "price_unit": "KG"
      },
      {
        "state": "NT",
        "price": "515",
        "price_per_unit": "2575",
        "price_unit": "KG"
      }
    ]
  },
  {
    "source_url": "https://www.woolworths.com.au/shop/productdetails/306605/south-cape-greek-style-fetta",
    "name": "South Cape Greek Style Fetta 200g",
    "image_url": "https://cdn1.woolworths.media/content/wowproductimages/large/306605.jpg",
    "source_id": "Woolworths - 306605",
    "barcode": "9314441701398",
    "shop": "Woolworths",
    "weight": "1KG",
    "prices": [
      {
        "state": "NSW",
        "price": "515",
        "price_per_unit": "2575",
        "price_unit": "KG"
      },
      {
        "state": "VIC",
        "price": "515",
        "price_per_unit": "2575",
        "price_unit": "KG"
      },
      {
        "state": "QLD",
        "price": "515",
        "price_per_unit": "2575",
        "price_unit": "KG"
      },
      {
        "state": "WA",
        "price": "515",
        "price_per_unit": "2575",
        "price_unit": "KG"
      },
      {
        "state": "SA",
        "price": "515",
        "price_per_unit": "2575",
        "price_unit": "KG"
      },
      {
        "state": "TAS",
        "price": "515",
        "price_per_unit": "2575",
        "price_unit": "KG"
      },
      {
        "state": "ACT",
        "price": "515",
        "price_per_unit": "2575",
        "price_unit": "KG"
      },
      {
        "state": "NT",
        "price": "515",
        "price_per_unit": "2575",
        "price_unit": "KG"
      }
    ]
  },
  {
    "source_url": "https://www.woolworths.com.au/shop/productdetails/306607/south-cape-reduced-fat-greek-style-fetta",
    "name": "South Cape Reduced Fat Greek Style Fetta 200g",
    "image_url": "https://cdn1.woolworths.media/content/wowproductimages/large/306607.jpg",
    "source_id": "Woolworths - 306607",
    "barcode": "9314441701404",
    "shop": "Woolworths",
    "weight": "1KG",
    "prices": [
      {
        "state": "NSW",
        "price": "515",
        "price_per_unit": "2575",
        "price_unit": "KG"
      },
      {
        "state": "VIC",
        "price": "515",
        "price_per_unit": "2575",
        "price_unit": "KG"
      },
      {
        "state": "QLD",
        "price": "515",
        "price_per_unit": "2575",
        "price_unit": "KG"
      },
      {
        "state": "WA",
        "price": "515",
        "price_per_unit": "2575",
        "price_unit": "KG"
      },
      {
        "state": "SA",
        "price": "515",
        "price_per_unit": "2575",
        "price_unit": "KG"
      },
      {
        "state": "TAS",
        "price": "515",
        "price_per_unit": "2575",
        "price_unit": "KG"
      },
      {
        "state": "ACT",
        "price": "515",
        "price_per_unit": "2575",
        "price_unit": "KG"
      },
      {
        "state": "NT",
        "price": "515",
        "price_per_unit": "2575",
        "price_unit": "KG"
      }
    ]
  },
  {
    "source_url": "https://www.woolworths.com.au/shop/productdetails/3122/dodoni-authentic-greek-feta-cheese",
    "name": "Dodoni Authentic Greek Feta Per Kg",
    "image_url": "https://cdn1.woolworths.media/content/wowproductimages/large/003122.jpg",
    "source_id": "Woolworths - 3122",
    "barcode": "0272937000006",
    "shop": "Woolworths",
    "weight": "1KG",
    "prices": [
      {
        "state": "VIC",
        "price": "3600",
        "price_per_unit": "3600",
        "price_unit": "KG"
      },
      {
        "state": "VIC",
        "price": "3600",
        "price_per_unit": "3600",
        "price_unit": "KG"
      },
      {
        "state": "QLD",
        "price": "3600",
        "price_per_unit": "3600",
        "price_unit": "KG"
      },
      {
        "state": "QLD",
        "price": "3600",
        "price_per_unit": "3600",
        "price_unit": "KG"
      },
      {
        "state": "SA",
        "price": "3600",
        "price_per_unit": "3600",
        "price_unit": "KG"
      },
      {
        "state": "SA",
        "price": "3600",
        "price_per_unit": "3600",
        "price_unit": "KG"
      },
      {
        "state": "TAS",
        "price": "3600",
        "price_per_unit": "3600",
        "price_unit": "KG"
      },
      {
        "state": "TAS",
        "price": "3600",
        "price_per_unit": "3600",
        "price_unit": "KG"
      },
      {
        "state": "ACT",
        "price": "3600",
        "price_per_unit": "3600",
        "price_unit": "KG"
      },
      {
        "state": "ACT",
        "price": "3600",
        "price_per_unit": "3600",
        "price_unit": "KG"
      },
      {
        "state": "NT",
        "price": "3600",
        "price_per_unit": "3600",
        "price_unit": "KG"
      },
      {
        "state": "NT",
        "price": "3600",
        "price_per_unit": "3600",
        "price_unit": "KG"
      }
    ]
  },
  {
    "source_url": "https://www.woolworths.com.au/shop/productdetails/19080/f-mayer-danish-fetta-cheese-cheese",
    "name": "F Mayer Danish Fetta Cheese Per Kg",
    "image_url": "https://cdn1.woolworths.media/content/wowproductimages/large/019080.jpg",
    "source_id": "Woolworths - 19080",
    "barcode": "0270375000008",
    "shop": "Woolworths",
    "weight": "1KG",
    "prices": [
      {
        "state": "VIC",
        "price": "1650",
        "price_per_unit": "1650",
        "price_unit": "KG"
      },
      {
        "state": "VIC",
        "price": "1650",
        "price_per_unit": "1650",
        "price_unit": "KG"
      },
      {
        "state": "QLD",
        "price": "1650",
        "price_per_unit": "1650",
        "price_unit": "KG"
      },
      {
        "state": "QLD",
        "price": "1650",
        "price_per_unit": "1650",
        "price_unit": "KG"
      },
      {
        "state": "WA",
        "price": "1650",
        "price_per_unit": "1650",
        "price_unit": "KG"
      },
      {
        "state": "WA",
        "price": "1650",
        "price_per_unit": "1650",
        "price_unit": "KG"
      },
      {
        "state": "SA",
        "price": "1650",
        "price_per_unit": "1650",
        "price_unit": "KG"
      },
      {
        "state": "SA",
        "price": "1650",
        "price_per_unit": "1650",
        "price_unit": "KG"
      },
      {
        "state": "TAS",
        "price": "1650",
        "price_per_unit": "1650",
        "price_unit": "KG"
      },
      {
        "state": "TAS",
        "price": "1650",
        "price_per_unit": "1650",
        "price_unit": "KG"
      },
      {
        "state": "ACT",
        "price": "1650",
        "price_per_unit": "1650",
        "price_unit": "KG"
      },
      {
        "state": "ACT",
        "price": "1650",
        "price_per_unit": "1650",
        "price_unit": "KG"
      },
      {
        "state": "NT",
        "price": "1650",
        "price_per_unit": "1650",
        "price_unit": "KG"
      },
      {
        "state": "NT",
        "price": "1650",
        "price_per_unit": "1650",
        "price_unit": "KG"
      }
    ]
  },
  {
    "source_url": "https://www.woolworths.com.au/shop/productdetails/647386/riverina-dairy-full-cream-fetta",
    "name": "Riverina Dairy Full Cream Fetta 1kg",
    "image_url": "https://cdn1.woolworths.media/content/wowproductimages/large/647386.jpg",
    "source_id": "Woolworths - 647386",
    "barcode": "0271715000009",
    "shop": "Woolworths",
    "weight": "1KG",
    "prices": [
      {
        "state": "VIC",
        "price": "1860",
        "price_per_unit": "1860",
        "price_unit": "KG"
      },
      {
        "state": "VIC",
        "price": "1860",
        "price_per_unit": "1860",
        "price_unit": "KG"
      },
      {
        "state": "QLD",
        "price": "1860",
        "price_per_unit": "1860",
        "price_unit": "KG"
      },
      {
        "state": "QLD",
        "price": "1860",
        "price_per_unit": "1860",
        "price_unit": "KG"
      },
      {
        "state": "WA",
        "price": "1860",
        "price_per_unit": "1860",
        "price_unit": "KG"
      },
      {
        "state": "WA",
        "price": "1860",
        "price_per_unit": "1860",
        "price_unit": "KG"
      },
      {
        "state": "SA",
        "price": "1860",
        "price_per_unit": "1860",
        "price_unit": "KG"
      },
      {
        "state": "SA",
        "price": "1860",
        "price_per_unit": "1860",
        "price_unit": "KG"
      },
      {
        "state": "TAS",
        "price": "1860",
        "price_per_unit": "1860",
        "price_unit": "KG"
      },
      {
        "state": "TAS",
        "price": "1860",
        "price_per_unit": "1860",
        "price_unit": "KG"
      },
      {
        "state": "ACT",
        "price": "1860",
        "price_per_unit": "1860",
        "price_unit": "KG"
      },
      {
        "state": "ACT",
        "price": "1860",
        "price_per_unit": "1860",
        "price_unit": "KG"
      }
    ]
  },
  {
    "source_url": "https://www.woolworths.com.au/shop/productdetails/672292/riverina-full-cream-fetta",
    "name": "Riverina Full Cream Fetta 2kg",
    "image_url": "https://cdn1.woolworths.media/content/wowproductimages/large/672292.jpg",
    "source_id": "Woolworths - 672292",
    "barcode": "0279351000001",
    "shop": "Woolworths",
    "weight": "1KG",
    "prices": []
  },
  {
    "source_url": "https://www.woolworths.com.au/shop/productdetails/614440/riverina-dairy-reduced-fat-fetta-cheese",
    "name": "Riverina Dairy Reduced Fat Fetta Cheese 1kg",
    "image_url": "https://cdn1.woolworths.media/content/wowproductimages/large/614440.jpg",
    "source_id": "Woolworths - 614440",
    "barcode": "0274821000000",
    "shop": "Woolworths",
    "weight": "1KG",
    "prices": [
      {
        "state": "QLD",
        "price": "1860",
        "price_per_unit": "1860",
        "price_unit": "KG"
      },
      {
        "state": "QLD",
        "price": "1860",
        "price_per_unit": "1860",
        "price_unit": "KG"
      },
      {
        "state": "WA",
        "price": "1860",
        "price_per_unit": "1860",
        "price_unit": "KG"
      },
      {
        "state": "WA",
        "price": "1860",
        "price_per_unit": "1860",
        "price_unit": "KG"
      },
      {
        "state": "SA",
        "price": "1860",
        "price_per_unit": "1860",
        "price_unit": "KG"
      },
      {
        "state": "SA",
        "price": "1860",
        "price_per_unit": "1860",
        "price_unit": "KG"
      },
      {
        "state": "TAS",
        "price": "1860",
        "price_per_unit": "1860",
        "price_unit": "KG"
      },
      {
        "state": "TAS",
        "price": "1860",
        "price_per_unit": "1860",
        "price_unit": "KG"
      },
      {
        "state": "ACT",
        "price": "1860",
        "price_per_unit": "1860",
        "price_unit": "KG"
      },
      {
        "state": "ACT",
        "price": "1860",
        "price_per_unit": "1860",
        "price_unit": "KG"
      },
      {
        "state": "NT",
        "price": "1860",
        "price_per_unit": "1860",
        "price_unit": "KG"
      },
      {
        "state": "NT",
        "price": "1860",
        "price_per_unit": "1860",
        "price_unit": "KG"
      }
    ]
  },
  {
    "source_url": "https://www.woolworths.com.au/shop/productdetails/238005/melbourne-cheese-company-truffle-infused-goats-cheese",
    "name": "Melbourne Cheese Company Truffle Infused Goats Cheese 250g",
    "image_url": "https://cdn1.woolworths.media/content/wowproductimages/large/238005.jpg",
    "source_id": "Woolworths - 238005",
    "barcode": "9322515038158",
    "shop": "Woolworths",
    "weight": "1KG",
    "prices": [
      {
        "state": "ACT",
        "price": "1200",
        "price_per_unit": "4286",
        "price_unit": "KG"
      },
      {
        "state": "ACT",
        "price": "1200",
        "price_per_unit": "4286",
        "price_unit": "KG"
      }
    ]
  }
]