[
  {
    "source_url": "https://www.woolworths.com.au/shop/productdetails/886127/elderbrook-farms-12-extra-large-caged-eggs",
    "name": "Elderbrook Farms 12 Extra Large Caged Eggs 700g",
    "image_url": "https://cdn1.woolworths.media/content/wowproductimages/large/886127.jpg",
    "source_id": "Woolworths - 886127",
    "barcode": "9349663000028",
    "shop": "Woolworths",
    "weight": "100G",
    "prices": [
      
    ]
  },
  {
    "source_url": "https://www.woolworths.com.au/shop/productdetails/98234/hilltops-12-free-range-eggs",
    "name": "Hilltops 12 Free Range Eggs 700g",
    "image_url": "https://cdn1.woolworths.media/content/wowproductimages/large/098234.jpg",
    "source_id": "Woolworths - 98234",
    "barcode": "9369999073930",
    "shop": "Woolworths",
    "weight": "100G",
    "prices": [
      {
        "state": "ACT",
        "price": "1395",
        "price_per_unit": "199",
        "price_unit": "G"
      }
    ]
  },
  {
    "source_url": "https://www.woolworths.com.au/shop/productdetails/101523/lake-macquarie-12-extra-large-free-range-eggs",
    "name": "Lake Macquarie 12 Extra Large Free Range Eggs 700g",
    "image_url": "https://cdn1.woolworths.media/content/wowproductimages/large/101523.jpg",
    "source_id": "Woolworths - 101523",
    "barcode": "80687508075",
    "shop": "Woolworths",
    "weight": "100G",
    "prices": []
  },
  {
    "source_url": "https://www.woolworths.com.au/shop/productdetails/101565/lake-macquarie-12-jumbo-free-range-eggs",
    "name": "Lake Macquarie 12 Jumbo Free Range Eggs 800g",
    "image_url": "https://cdn1.woolworths.media/content/wowproductimages/large/101565.jpg",
    "source_id": "Woolworths - 101565",
    "barcode": "80687508082",
    "shop": "Woolworths",
    "weight": "100G",
    "prices": []
  },
  {
    "source_url": "https://www.woolworths.com.au/shop/productdetails/101878/lake-macquarie-18-large-free-range-eggs",
    "name": "Lake Macquarie 18 Large Free Range Eggs 900g",
    "image_url": "https://cdn1.woolworths.media/content/wowproductimages/large/101878.jpg",
    "source_id": "Woolworths - 101878",
    "barcode": "793618238520",
    "shop": "Woolworths",
    "weight": "100G",
    "prices": []
  },
  {
    "source_url": "https://www.woolworths.com.au/shop/productdetails/101566/lake-macquarie-6-large-free-range-eggs",
    "name": "Lake Macquarie 6 Large Free Range Eggs 350g",
    "image_url": "https://cdn1.woolworths.media/content/wowproductimages/large/101566.jpg",
    "source_id": "Woolworths - 101566",
    "barcode": "793591319957",
    "shop": "Woolworths",
    "weight": "100G",
    "prices": []
  },
  {
    "source_url": "https://www.woolworths.com.au/shop/productdetails/484383/liberty-eggs-12-jumbo-cage-free-eggs",
    "name": "Liberty Eggs 12 Jumbo Cage Free Eggs 800g",
    "image_url": "https://cdn1.woolworths.media/content/wowproductimages/large/484383.jpg",
    "source_id": "Woolworths - 484383",
    "barcode": "9313715880012",
    "shop": "Woolworths",
    "weight": "100G",
    "prices": [
      
    ]
  },
  {
    "source_url": "https://www.woolworths.com.au/shop/productdetails/663362/liberty-eggs-18-large-cage-free-eggs",
    "name": "Liberty Eggs 18 Large Cage Free Eggs 1kg",
    "image_url": "https://cdn1.woolworths.media/content/wowproductimages/large/663362.jpg",
    "source_id": "Woolworths - 663362",
    "barcode": "9313715810002",
    "shop": "Woolworths",
    "weight": "100G",
    "prices": [
      
    ]
  },
  {
    "source_url": "https://www.woolworths.com.au/shop/productdetails/191726/macro-12-large-organic-australian-free-range-eggs",
    "name": "Macro 12 Large Organic Australian Free Range Eggs 600g",
    "image_url": "https://cdn1.woolworths.media/content/wowproductimages/large/191726.jpg",
    "source_id": "Woolworths - 191726",
    "barcode": "9339687285136",
    "shop": "Woolworths",
    "weight": "100G",
    "prices": [
      
      {
        "state": "WA",
        "price": "1050",
        "price_per_unit": "175",
        "price_unit": "G"
      },
      {
        "state": "TAS",
        "price": "1050",
        "price_per_unit": "175",
        "price_unit": "G"
      }
    ]
  },
  {
    "source_url": "https://www.woolworths.com.au/shop/productdetails/240029/macro-12-large-pasture-raised-carbon-neutral-free-range-eggs",
    "name": "Macro 12 Large Pasture Raised Carbon Neutral Free Range Eggs 600g",
    "image_url": "https://cdn1.woolworths.media/content/wowproductimages/large/240029.jpg",
    "source_id": "Woolworths - 240029",
    "barcode": "9339687314454",
    "shop": "Woolworths",
    "weight": "100G",
    "prices": [
      
    ]
  },
  {
    "source_url": "https://www.woolworths.com.au/shop/productdetails/313900/manning-valley-12-extra-large-free-range-eggs",
    "name": "Manning Valley 12 Extra Large Free Range Eggs 700g",
    "image_url": "https://cdn1.woolworths.media/content/wowproductimages/large/313900.jpg",
    "source_id": "Woolworths - 313900",
    "barcode": "9318362000608",
    "shop": "Woolworths",
    "weight": "100G",
    "prices": [
      
    ]
  },
  {
    "source_url": "https://www.woolworths.com.au/shop/productdetails/361498/manning-valley-12-free-range-eggs",
    "name": "Manning Valley 12 Free Range Eggs 540g",
    "image_url": "https://cdn1.woolworths.media/content/wowproductimages/large/361498.jpg",
    "source_id": "Woolworths - 361498",
    "barcode": "9318362005405",
    "shop": "Woolworths",
    "weight": "100G",
    "prices": []
  },
  {
    "source_url": "https://www.woolworths.com.au/shop/productdetails/363392/manning-valley-12-jumbo-free-range-eggs",
    "name": "Manning Valley 12 Jumbo Free Range Eggs 800g",
    "image_url": "https://cdn1.woolworths.media/content/wowproductimages/large/363392.jpg",
    "source_id": "Woolworths - 363392",
    "barcode": "9318362000004",
    "shop": "Woolworths",
    "weight": "100G",
    "prices": [
      
    ]
  },
  {
    "source_url": "https://www.woolworths.com.au/shop/productdetails/313898/manning-valley-12-large-free-range-eggs",
    "name": "Manning Valley 12 Large Free Range Eggs 600g",
    "image_url": "https://cdn1.woolworths.media/content/wowproductimages/large/313898.jpg",
    "source_id": "Woolworths - 313898",
    "barcode": "9318362000554",
    "shop": "Woolworths",
    "weight": "100G",
    "prices": [
      {
        "state": "NSW",
        "price": "730",
        "price_per_unit": "122",
        "price_unit": "G"
      }
    ]
  },
  {
    "source_url": "https://www.woolworths.com.au/shop/productdetails/689556/manning-valley-18-large-free-range-eggs",
    "name": "Manning Valley 18 Large Free Range Eggs 900g",
    "image_url": "https://cdn1.woolworths.media/content/wowproductimages/large/689556.jpg",
    "source_id": "Woolworths - 689556",
    "barcode": "9318362000011",
    "shop": "Woolworths",
    "weight": "100G",
    "prices": [
      
    ]
  },
  {
    "source_url": "https://www.woolworths.com.au/shop/productdetails/165830/manning-valley-30-free-range-eggs",
    "name": "Manning Valley 30 Free Range Eggs 1.65kg",
    "image_url": "https://cdn1.woolworths.media/content/wowproductimages/large/165830.jpg",
    "source_id": "Woolworths - 165830",
    "barcode": "9318362000189",
    "shop": "Woolworths",
    "weight": "100G",
    "prices": [
      
    ]
  },
  {
    "source_url": "https://www.woolworths.com.au/shop/productdetails/319054/manning-valley-6-large-free-range-eggs-free-range-eggs",
    "name": "Manning Valley 6 Large Free Range Eggs 330g",
    "image_url": "https://cdn1.woolworths.media/content/wowproductimages/large/319054.jpg",
    "source_id": "Woolworths - 319054",
    "barcode": "9318362003302",
    "shop": "Woolworths",
    "weight": "100G",
    "prices": [
      {
        "state": "NSW",
        "price": "440",
        "price_per_unit": "133",
        "price_unit": "G"
      },
      {
        "state": "QLD",
        "price": "440",
        "price_per_unit": "133",
        "price_unit": "G"
      }
    ]
  },
  {
    "source_url": "https://www.woolworths.com.au/shop/productdetails/117784/open-range-12-large-free-range-eggs",
    "name": "Open Range 12 Large Free Range Eggs 700g",
    "image_url": "https://cdn1.woolworths.media/content/wowproductimages/large/117784.jpg",
    "source_id": "Woolworths - 117784",
    "barcode": "9318362000028",
    "shop": "Woolworths",
    "weight": "100G",
    "prices": [
      
    ]
  },
  {
    "source_url": "https://www.woolworths.com.au/shop/productdetails/92953/pace-farm-12-extra-large-free-range-eggs",
    "name": "Pace Farm 12 Extra Large Free Range Eggs 700g",
    "image_url": "https://cdn1.woolworths.media/content/wowproductimages/large/092953.jpg",
    "source_id": "Woolworths - 92953",
    "barcode": "9313715007082",
    "shop": "Woolworths",
    "weight": "100G",
    "prices": [
      
    ]
  },
  {
    "source_url": "https://www.woolworths.com.au/shop/productdetails/92955/pace-farm-12-jumbo-free-range-eggs",
    "name": "Pace Farm 12 Jumbo Free Range Eggs 800g",
    "image_url": "https://cdn1.woolworths.media/content/wowproductimages/large/092955.jpg",
    "source_id": "Woolworths - 92955",
    "barcode": "9313715008003",
    "shop": "Woolworths",
    "weight": "100G",
    "prices": [
      
    ]
  },
  {
    "source_url": "https://www.woolworths.com.au/shop/productdetails/655429/pace-farm-18-large-free-range-eggs",
    "name": "Pace Farm 18 Large Free Range Eggs 900g",
    "image_url": "https://cdn1.woolworths.media/content/wowproductimages/large/655429.jpg",
    "source_id": "Woolworths - 655429",
    "barcode": "9313715900178",
    "shop": "Woolworths",
    "weight": "100G",
    "prices": [
      
    ]
  },
  {
    "source_url": "https://www.woolworths.com.au/shop/productdetails/54250/pace-farm-30-cage-free-eggs",
    "name": "Pace Farm 30 Cage Free Eggs 1.5kg",
    "image_url": "https://cdn1.woolworths.media/content/wowproductimages/large/054250.jpg",
    "source_id": "Woolworths - 54250",
    "barcode": "9313715815014",
    "shop": "Woolworths",
    "weight": "100G",
    "prices": [
      
    ]
  },
  {
    "source_url": "https://www.woolworths.com.au/shop/productdetails/33086/pace-farm-6-large-free-range-eggs",
    "name": "Pace Farm 6 Large Free Range Eggs 330g",
    "image_url": "https://cdn1.woolworths.media/content/wowproductimages/large/033086.jpg",
    "source_id": "Woolworths - 33086",
    "barcode": "9313715350003",
    "shop": "Woolworths",
    "weight": "100G",
    "prices": [
      
    ]
  },
  {
    "source_url": "https://www.woolworths.com.au/shop/productdetails/212721/pace-farm-6-large-organic-free-range-eggs",
    "name": "Pace Farm 6 Large Organic Free Range Eggs 300g",
    "image_url": "https://cdn1.woolworths.media/content/wowproductimages/large/212721.jpg",
    "source_id": "Woolworths - 212721",
    "barcode": "9313715300008",
    "shop": "Woolworths",
    "weight": "100G",
    "prices": [
      {
        "state": "ACT",
        "price": "680",
        "price_per_unit": "227",
        "price_unit": "G"
      }
    ]
  },
  {
    "source_url": "https://www.woolworths.com.au/shop/productdetails/59790/pace-farm-liberty-12-extra-large-cage-free-eggs",
    "name": "Pace Farm Liberty 12 Extra Large Cage Free Eggs 700G",
    "image_url": "https://cdn1.woolworths.media/content/wowproductimages/large/059790.jpg",
    "source_id": "Woolworths - 59790",
    "barcode": "9313715870013",
    "shop": "Woolworths",
    "weight": "100G",
    "prices": [
      {
        "state": "NSW",
        "price": "770",
        "price_per_unit": "110",
        "price_unit": "G"
      }
    ]
  },
  {
    "source_url": "https://www.woolworths.com.au/shop/productdetails/310736/pace-farm-liberty-eggs-12-large-barn-laid-eggs",
    "name": "Pace Farm Liberty Eggs 12 Large Barn Laid Eggs 600g",
    "image_url": "https://cdn1.woolworths.media/content/wowproductimages/large/310736.jpg",
    "source_id": "Woolworths - 310736",
    "barcode": "9313715860014",
    "shop": "Woolworths",
    "weight": "100G",
    "prices": [
      
    ]
  },
  {
    "source_url": "https://www.woolworths.com.au/shop/productdetails/59789/pace-farm-liberty-eggs-6-large-cage-free-eggs",
    "name": "Pace Farm Liberty Eggs 6 Large Cage Free Eggs 330g",
    "image_url": "https://cdn1.woolworths.media/content/wowproductimages/large/059789.jpg",
    "source_id": "Woolworths - 59789",
    "barcode": "9313715835012",
    "shop": "Woolworths",
    "weight": "100G",
    "prices": [
      
    ]
  },
  {
    "source_url": "https://www.woolworths.com.au/shop/productdetails/54278/puregg-free-range-liquid-egg-white",
    "name": "Puregg Free Range Liquid Egg White 500g",
    "image_url": "https://cdn1.woolworths.media/content/wowproductimages/large/054278.jpg",
    "source_id": "Woolworths - 54278",
    "barcode": "9345172002324",
    "shop": "Woolworths",
    "weight": "100G",
    "prices": [
      
    ]
  },
  {
    "source_url": "https://www.woolworths.com.au/shop/productdetails/715111/puregg-simply-egg-whites",
    "name": "Puregg Simply Egg Whites 500g",
    "image_url": "https://cdn1.woolworths.media/content/wowproductimages/large/715111.jpg",
    "source_id": "Woolworths - 715111",
    "barcode": "9345172000016",
    "shop": "Woolworths",
    "weight": "100G",
    "prices": [
      
    ]
  },
  {
    "source_url": "https://www.woolworths.com.au/shop/productdetails/118213/simply-eggs-12-extra-large-cage-free-eggs",
    "name": "Simply Eggs 12 Extra Large Cage Free Eggs 700g",
    "image_url": "https://cdn1.woolworths.media/content/wowproductimages/large/118213.jpg",
    "source_id": "Woolworths - 118213",
    "barcode": "9349663000813",
    "shop": "Woolworths",
    "weight": "100G",
    "prices": [
      
      {
        "state": "TAS",
        "price": "610",
        "price_per_unit": "87",
        "price_unit": "G"
      }
    ]
  },
  {
    "source_url": "https://www.woolworths.com.au/shop/productdetails/202911/sunny-queen-100-egg-whites",
    "name": "Sunny Queen 100% Egg Whites 500g",
    "image_url": "https://cdn1.woolworths.media/content/wowproductimages/large/202911.jpg",
    "source_id": "Woolworths - 202911",
    "barcode": "9349663002558",
    "shop": "Woolworths",
    "weight": "100G",
    "prices": [
      {
        "state": "VIC",
        "price": "900",
        "price_per_unit": "180",
        "price_unit": "G"
      },
      {
        "state": "WA",
        "price": "900",
        "price_per_unit": "180",
        "price_unit": "G"
      },
      {
        "state": "SA",
        "price": "900",
        "price_per_unit": "180",
        "price_unit": "G"
      },
      {
        "state": "NT",
        "price": "900",
        "price_per_unit": "180",
        "price_unit": "G"
      }
    ]
  },
  {
    "source_url": "https://www.woolworths.com.au/shop/productdetails/77170/sunny-queen-12-extra-large-free-range-eggs",
    "name": "Sunny Queen 12 Extra Large Free Range Eggs 700g",
    "image_url": "https://cdn1.woolworths.media/content/wowproductimages/large/077170.jpg",
    "source_id": "Woolworths - 77170",
    "barcode": "9310625012786",
    "shop": "Woolworths",
    "weight": "100G",
    "prices": [
      
      {
        "state": "TAS",
        "price": "795",
        "price_per_unit": "114",
        "price_unit": "G"
      }
    ]
  },
  {
    "source_url": "https://www.woolworths.com.au/shop/productdetails/140770/sunny-queen-12-extra-large-organic-free-range-eggs",
    "name": "Sunny Queen 12 Extra Large Organic Free Range Eggs 700g",
    "image_url": "https://cdn1.woolworths.media/content/wowproductimages/large/140770.jpg",
    "source_id": "Woolworths - 140770",
    "barcode": "9349663002282",
    "shop": "Woolworths",
    "weight": "100G",
    "prices": [
      
      {
        "state": "TAS",
        "price": "1245",
        "price_per_unit": "178",
        "price_unit": "G"
      },
      {
        "state": "NT",
        "price": "1245",
        "price_per_unit": "178",
        "price_unit": "G"
      }
    ]
  },
  {
    "source_url": "https://www.woolworths.com.au/shop/productdetails/771237/sunny-queen-18-large-free-range-eggs",
    "name": "Sunny Queen 18 Large Free Range Eggs 900g",
    "image_url": "https://cdn1.woolworths.media/content/wowproductimages/large/771237.jpg",
    "source_id": "Woolworths - 771237",
    "barcode": "9310625013097",
    "shop": "Woolworths",
    "weight": "100G",
    "prices": [
      
      {
        "state": "TAS",
        "price": "1150",
        "price_per_unit": "128",
        "price_unit": "G"
      }
    ]
  },
  {
    "source_url": "https://www.woolworths.com.au/shop/productdetails/911496/sunny-queen-the-odd-eggs-free-range-egg-mix",
    "name": "Sunny Queen The Odd Eggs Free Range Egg Mix 500g",
    "image_url": "https://cdn1.woolworths.media/content/wowproductimages/large/911496.jpg",
    "source_id": "Woolworths - 911496",
    "barcode": "9349663003340",
    "shop": "Woolworths",
    "weight": "100G",
    "prices": [
      
    ]
  },
  {
    "source_url": "https://www.woolworths.com.au/shop/productdetails/165367/woolworths-12-extra-large-cage-free-eggs",
    "name": "Woolworths 12 Extra Large Cage Free Eggs 700g",
    "image_url": "https://cdn1.woolworths.media/content/wowproductimages/large/165367.jpg",
    "source_id": "Woolworths - 165367",
    "barcode": "9339687265794",
    "shop": "Woolworths",
    "weight": "100G",
    "prices": []
  },
  {
    "source_url": "https://www.woolworths.com.au/shop/productdetails/224762/woolworths-12-large-free-range-eggs",
    "name": "Woolworths 12 Large Free Range Eggs 600g",
    "image_url": "https://cdn1.woolworths.media/content/wowproductimages/large/224762.jpg",
    "source_id": "Woolworths - 224762",
    "barcode": "9339687306558",
    "shop": "Woolworths",
    "weight": "100G",
    "prices": []
  },
  {
    "source_url": "https://www.woolworths.com.au/shop/productdetails/224763/woolworths-12-x-large-free-range-eggs",
    "name": "Woolworths 12 x-Large Free Range Eggs 700g",
    "image_url": "https://cdn1.woolworths.media/content/wowproductimages/large/224763.jpg",
    "source_id": "Woolworths - 224763",
    "barcode": "9339687306565",
    "shop": "Woolworths",
    "weight": "100G",
    "prices": []
  },
  {
    "source_url": "https://www.woolworths.com.au/shop/productdetails/74593/woolworths-18-large-cage-free-eggs",
    "name": "Woolworths 18 Large Cage Free Eggs 900g",
    "image_url": "https://cdn1.woolworths.media/content/wowproductimages/large/074593.jpg",
    "source_id": "Woolworths - 74593",
    "barcode": "9339687138920",
    "shop": "Woolworths",
    "weight": "100G",
    "prices": [
      
    ]
  },
  {
    "source_url": "https://www.woolworths.com.au/shop/productdetails/700426/woolworths-6-extra-large-free-range-eggs",
    "name": "Woolworths 6 Extra Large Free Range Eggs 350g",
    "image_url": "https://cdn1.woolworths.media/content/wowproductimages/large/700426.jpg",
    "source_id": "Woolworths - 700426",
    "barcode": "9300633224332",
    "shop": "Woolworths",
    "weight": "100G",
    "prices": [
      {
        "state": "NSW",
        "price": "455",
        "price_per_unit": "130",
        "price_unit": "G"
      },
      {
        "state": "ACT",
        "price": "455",
        "price_per_unit": "130",
        "price_unit": "G"
      }
    ]
  },
  {
    "source_url": "https://www.woolworths.com.au/shop/productdetails/203576/yallamundi-farm-12-extra-large-pasture-raised-free-range-eggs",
    "name": "Yallamundi Farm 12 Extra Large Pasture Raised Free Range Eggs 700g",
    "image_url": "https://cdn1.woolworths.media/content/wowproductimages/large/203576.jpg",
    "source_id": "Woolworths - 203576",
    "barcode": "9356391000114",
    "shop": "Woolworths",
    "weight": "100G",
    "prices": [
      
    ]
  },
  {
    "source_url": "https://www.woolworths.com.au/shop/productdetails/206063/yallamundi-farm-6-large-organic-free-range-eggs",
    "name": "Yallamundi Farm 6 Large Organic Free Range Eggs 300g",
    "image_url": "https://cdn1.woolworths.media/content/wowproductimages/large/206063.jpg",
    "source_id": "Woolworths - 206063",
    "barcode": "9356391000060",
    "shop": "Woolworths",
    "weight": "100G",
    "prices": [
      
      {
        "state": "TAS",
        "price": "740",
        "price_per_unit": "247",
        "price_unit": "G"
      }
    ]
  },
  {
    "source_url": "https://www.woolworths.com.au/shop/productdetails/140588/yallamundi-farm-organic-12-extra-large-free",
    "name": "Yallamundi Farm Organic 12 Extra Large Free Range Eggs 700g",
    "image_url": "https://cdn1.woolworths.media/content/wowproductimages/large/140588.jpg",
    "source_id": "Woolworths - 140588",
    "barcode": "9356391000077",
    "shop": "Woolworths",
    "weight": "100G",
    "prices": [
      
      {
        "state": "ACT",
        "price": "1350",
        "price_per_unit": "193",
        "price_unit": "G"
      }
    ]
  },
  {
    "source_url": "https://www.woolworths.com.au/shop/productdetails/170760/endless-acres-12-extra-large-free-range-eggs",
    "name": "Endless Acres 12 Extra Large Free Range Eggs 700g",
    "image_url": "https://cdn1.woolworths.media/content/wowproductimages/large/170760.jpg",
    "source_id": "Woolworths - 170760",
    "barcode": "9349663002367",
    "shop": "Woolworths",
    "weight": "100G",
    "prices": [
      
    ]
  },
  {
    "source_url": "https://www.woolworths.com.au/shop/productdetails/756218/gippsland-12-extra-large-free-range-eggs",
    "name": "Gippsland 12 Extra Large Free Range Eggs 700g",
    "image_url": "https://cdn1.woolworths.media/content/wowproductimages/large/756218.jpg",
    "source_id": "Woolworths - 756218",
    "barcode": "9328985000039",
    "shop": "Woolworths",
    "weight": "100G",
    "prices": [
      {
        "state": "VIC",
        "price": "850",
        "price_per_unit": "121",
        "price_unit": "G"
      }
    ]
  },
  {
    "source_url": "https://www.woolworths.com.au/shop/productdetails/927400/josh-s-rainbow-12-extra-large-free-range-eggs",
    "name": "Josh's Rainbow 12 Extra Large Free Range Eggs 700g",
    "image_url": "https://cdn1.woolworths.media/content/wowproductimages/large/927400.jpg",
    "source_id": "Woolworths - 927400",
    "barcode": "9369999040703",
    "shop": "Woolworths",
    "weight": "100G",
    "prices": []
  },
  {
    "source_url": "https://www.woolworths.com.au/shop/productdetails/169924/josh-s-rainbow-12-jumbo-free-range-eggs",
    "name": "Josh's Rainbow 12 Jumbo Free Range Eggs 800g",
    "image_url": "https://cdn1.woolworths.media/content/wowproductimages/large/169924.jpg",
    "source_id": "Woolworths - 169924",
    "barcode": "9356250000040",
    "shop": "Woolworths",
    "weight": "100G",
    "prices": []
  },
  {
    "source_url": "https://www.woolworths.com.au/shop/productdetails/81973/josh-s-rainbow-18-large-free-range-eggs",
    "name": "Josh's Rainbow 18 Large Free Range Eggs 900g",
    "image_url": "https://cdn1.woolworths.media/content/wowproductimages/large/081973.jpg",
    "source_id": "Woolworths - 81973",
    "barcode": "9369998056811",
    "shop": "Woolworths",
    "weight": "100G",
    "prices": []
  },
  {
    "source_url": "https://www.woolworths.com.au/shop/productdetails/140546/josh-s-rainbow-30-large-truly-free-range-eggs",
    "name": "Josh's Rainbow 30 Large Truly Free Range Eggs 1.5kg",
    "image_url": "https://cdn1.woolworths.media/content/wowproductimages/large/140546.jpg",
    "source_id": "Woolworths - 140546",
    "barcode": "9356250000026",
    "shop": "Woolworths",
    "weight": "100G",
    "prices": []
  },
  {
    "source_url": "https://www.woolworths.com.au/shop/productdetails/927429/josh-s-rainbow-6-extra-large-free-range-eggs",
    "name": "Josh's Rainbow 6 Extra Large Free Range Eggs 350g",
    "image_url": "https://cdn1.woolworths.media/content/wowproductimages/large/927429.jpg",
    "source_id": "Woolworths - 927429",
    "barcode": "9369999050139",
    "shop": "Woolworths",
    "weight": "100G",
    "prices": []
  },
  {
    "source_url": "https://www.woolworths.com.au/shop/productdetails/893974/just-4-you-12-extra-large-caged-eggs",
    "name": "Just 4 You 12 Extra Large Caged Eggs 700g",
    "image_url": "https://cdn1.woolworths.media/content/wowproductimages/large/893974.jpg",
    "source_id": "Woolworths - 893974",
    "barcode": "9313715907009",
    "shop": "Woolworths",
    "weight": "100G",
    "prices": [
      
    ]
  },
  {
    "source_url": "https://www.woolworths.com.au/shop/productdetails/63425/moorabool-valley-12-large-free-range-eggs",
    "name": "Moorabool Valley 12 Large Free Range Eggs 700g",
    "image_url": "https://cdn1.woolworths.media/content/wowproductimages/large/063425.jpg",
    "source_id": "Woolworths - 63425",
    "barcode": "9337716000187",
    "shop": "Woolworths",
    "weight": "100G",
    "prices": [
      {
        "state": "ACT",
        "price": "880",
        "price_per_unit": "126",
        "price_unit": "G"
      }
    ]
  },
  {
    "source_url": "https://www.woolworths.com.au/shop/productdetails/265710/moorabool-valley-free-range-eggs-800g",
    "name": "Moorabool Valley Free Range Eggs 800g 12 Pack",
    "image_url": "https://cdn1.woolworths.media/content/wowproductimages/large/265710.jpg",
    "source_id": "Woolworths - 265710",
    "barcode": "9337716000941",
    "shop": "Woolworths",
    "weight": "100G",
    "prices": [
      
    ]
  },
  {
    "source_url": "https://www.woolworths.com.au/shop/productdetails/962054/moorabool-valley-local-free-range-12-eggs-extra-large",
    "name": "Moorabool Valley Local Free Range 12 Eggs Extra Large 600g",
    "image_url": "https://cdn1.woolworths.media/content/wowproductimages/large/962054.jpg",
    "source_id": "Woolworths - 962054",
    "barcode": "9337716000484",
    "shop": "Woolworths",
    "weight": "100G",
    "prices": [
      
    ]
  },
  {
    "source_url": "https://www.woolworths.com.au/shop/productdetails/360067/mornington-peninsula-brewery-12-x-large-cage-free-eggs",
    "name": "Mornington Peninsula Brewery 12 X Large Cage Free Eggs 600g",
    "image_url": "https://cdn1.woolworths.media/content/wowproductimages/large/360067.jpg",
    "source_id": "Woolworths - 360067",
    "barcode": "9354186000226",
    "shop": "Woolworths",
    "weight": "100G",
    "prices": [
      
    ]
  },
  {
    "source_url": "https://www.woolworths.com.au/shop/productdetails/360314/mornington-peninsula-brewery-12-x-large-cage-free-eggs",
    "name": "Mornington Peninsula Brewery 12 X Large Cage Free Eggs 700g",
    "image_url": "https://cdn1.woolworths.media/content/wowproductimages/large/360314.jpg",
    "source_id": "Woolworths - 360314",
    "barcode": "9354186000233",
    "shop": "Woolworths",
    "weight": "100G",
    "prices": [
      {
        "state": "ACT",
        "price": "750",
        "price_per_unit": "107",
        "price_unit": "G"
      }
    ]
  },
  {
    "source_url": "https://www.woolworths.com.au/shop/productdetails/172270/mornington-peninsula-brewery-18-large-free-range-eggs",
    "name": "Mornington Peninsula Brewery 18 Large Free Range Eggs 900g",
    "image_url": "https://cdn1.woolworths.media/content/wowproductimages/large/172270.jpg",
    "source_id": "Woolworths - 172270",
    "barcode": "9354186000219",
    "shop": "Woolworths",
    "weight": "100G",
    "prices": [
      
    ]
  },
  {
    "source_url": "https://www.woolworths.com.au/shop/productdetails/54812/mornington-peninsula-brewery-free-range-eggs-12-pack",
    "name": "Mornington Peninsula Brewery Free Range Eggs 12 Pack 700G",
    "image_url": "https://cdn1.woolworths.media/content/wowproductimages/large/054812.jpg",
    "source_id": "Woolworths - 54812",
    "barcode": "9354186000073",
    "shop": "Woolworths",
    "weight": "100G",
    "prices": [
      
    ]
  },
  {
    "source_url": "https://www.woolworths.com.au/shop/productdetails/54806/mornington-peninsula-brewery-free-range-eggs-12-pack",
    "name": "Mornington Peninsula Brewery Free Range Eggs 12 Pack 800G",
    "image_url": "https://cdn1.woolworths.media/content/wowproductimages/large/054806.jpg",
    "source_id": "Woolworths - 54806",
    "barcode": "9354186000080",
    "shop": "Woolworths",
    "weight": "100G",
    "prices": [
      
    ]
  },
  {
    "source_url": "https://www.woolworths.com.au/shop/productdetails/54813/mornington-peninsula-brewery-free-range-eggs-6-pack",
    "name": "Mornington Peninsula Brewery Free Range Eggs 6 Pack 330G",
    "image_url": "https://cdn1.woolworths.media/content/wowproductimages/large/054813.jpg",
    "source_id": "Woolworths - 54813",
    "barcode": "9354186000042",
    "shop": "Woolworths",
    "weight": "100G",
    "prices": []
  },
  {
    "source_url": "https://www.woolworths.com.au/shop/productdetails/139460/pace-farm-12-extra-large-vitamin-d3-enriched-free-range-eggs",
    "name": "Pace Farm 12 Extra Large Vitamin d3 Enriched Free Range Eggs 700g",
    "image_url": "https://cdn1.woolworths.media/content/wowproductimages/large/139460.jpg",
    "source_id": "Woolworths - 139460",
    "barcode": "9313715700181",
    "shop": "Woolworths",
    "weight": "100G",
    "prices": [
      
    ]
  },
  {
    "source_url": "https://www.woolworths.com.au/shop/productdetails/92941/pace-farm-12-jumbo-caged-eggs",
    "name": "Pace Farm 12 Jumbo Caged Eggs 800g",
    "image_url": "https://cdn1.woolworths.media/content/wowproductimages/large/092941.jpg",
    "source_id": "Woolworths - 92941",
    "barcode": "9313715800935",
    "shop": "Woolworths",
    "weight": "100G",
    "prices": []
  },
  {
    "source_url": "https://www.woolworths.com.au/shop/productdetails/33092/pace-farm-12-large-free-range-eggs",
    "name": "Pace Farm 12 Large Free Range Eggs 600g",
    "image_url": "https://cdn1.woolworths.media/content/wowproductimages/large/033092.jpg",
    "source_id": "Woolworths - 33092",
    "barcode": "9313715600948",
    "shop": "Woolworths",
    "weight": "100G",
    "prices": []
  },
  {
    "source_url": "https://www.woolworths.com.au/shop/productdetails/53156/pace-farm-natural-30-free-range-eggs",
    "name": "Pace Farm Natural 30 Free Range Eggs 1.5kg",
    "image_url": "https://cdn1.woolworths.media/content/wowproductimages/large/053156.jpg",
    "source_id": "Woolworths - 53156",
    "barcode": "9313715515006",
    "shop": "Woolworths",
    "weight": "100G",
    "prices": []
  },
  {
    "source_url": "https://www.woolworths.com.au/shop/productdetails/103445/rohde-s-clare-valley-12-free-range-eggs",
    "name": "Rohde's Clare Valley 12 Free Range Eggs 700G",
    "image_url": "https://cdn1.woolworths.media/content/wowproductimages/large/103445.jpg",
    "source_id": "Woolworths - 103445",
    "barcode": "9340468000015",
    "shop": "Woolworths",
    "weight": "100G",
    "prices": [
      
    ]
  },
  {
    "source_url": "https://www.woolworths.com.au/shop/productdetails/198672/rohde-s-clare-valley-18-large-free-range-eggs",
    "name": "Rohde's Clare Valley 18 Large Free Range Eggs 900g",
    "image_url": "https://cdn1.woolworths.media/content/wowproductimages/large/198672.jpg",
    "source_id": "Woolworths - 198672",
    "barcode": "9340468000077",
    "shop": "Woolworths",
    "weight": "100G",
    "prices": [
      
    ]
  },
  {
    "source_url": "https://www.woolworths.com.au/shop/productdetails/756249/sth-gippsland-12-large-free-range-eggs",
    "name": "Sth Gippsland 12 Large Free Range Eggs 600G",
    "image_url": "https://cdn1.woolworths.media/content/wowproductimages/large/756249.jpg",
    "source_id": "Woolworths - 756249",
    "barcode": "9328985000022",
    "shop": "Woolworths",
    "weight": "100G",
    "prices": []
  },
  {
    "source_url": "https://www.woolworths.com.au/shop/productdetails/265064/straight-from-the-farm-12-cage-free-eggs",
    "name": "Straight From The Farm 12 Cage Free Eggs 700g",
    "image_url": "https://cdn1.woolworths.media/content/wowproductimages/large/265064.jpg",
    "source_id": "Woolworths - 265064",
    "barcode": "9313715727003",
    "shop": "Woolworths",
    "weight": "100G",
    "prices": []
  },
  {
    "source_url": "https://www.woolworths.com.au/shop/productdetails/760367/sunny-queen-12-jumbo-free-range-eggs",
    "name": "Sunny Queen 12 Jumbo Free Range Eggs 800g",
    "image_url": "https://cdn1.woolworths.media/content/wowproductimages/large/760367.jpg",
    "source_id": "Woolworths - 760367",
    "barcode": "9310625067533",
    "shop": "Woolworths",
    "weight": "100G",
    "prices": [
      
      {
        "state": "TAS",
        "price": "950",
        "price_per_unit": "119",
        "price_unit": "G"
      }
    ]
  },
  {
    "source_url": "https://www.woolworths.com.au/shop/productdetails/77173/sunny-queen-12-large-free-range-eggs",
    "name": "Sunny Queen 12 Large Free Range Eggs 600g",
    "image_url": "https://cdn1.woolworths.media/content/wowproductimages/large/077173.jpg",
    "source_id": "Woolworths - 77173",
    "barcode": "9310625012779",
    "shop": "Woolworths",
    "weight": "100G",
    "prices": [
      
    ]
  },
  {
    "source_url": "https://www.woolworths.com.au/shop/productdetails/102212/sunrise-eggs-12-free-range-eggs",
    "name": "Sunrise Eggs 12 Free Range Eggs 600g",
    "image_url": "https://cdn1.woolworths.media/content/wowproductimages/large/102212.jpg",
    "source_id": "Woolworths - 102212",
    "barcode": "9351974041065",
    "shop": "Woolworths",
    "weight": "100G",
    "prices": []
  },
  {
    "source_url": "https://www.woolworths.com.au/shop/productdetails/205220/woolworths-12-extra-large-barn-laid-eggs",
    "name": "Woolworths 12 Extra Large Barn Laid Eggs 700g",
    "image_url": "https://cdn1.woolworths.media/content/wowproductimages/large/205220.jpg",
    "source_id": "Woolworths - 205220",
    "barcode": "9300633900984",
    "shop": "Woolworths",
    "weight": "100G",
    "prices": [
      {
        "state": "QLD",
        "price": "540",
        "price_per_unit": "77",
        "price_unit": "G"
      },
      {
        "state": "TAS",
        "price": "540",
        "price_per_unit": "77",
        "price_unit": "G"
      }
    ]
  },
  {
    "source_url": "https://www.woolworths.com.au/shop/productdetails/175902/woolworths-12-extra-large-cage-free-eggs",
    "name": "Woolworths 12 Extra Large Cage Free Eggs 700g",
    "image_url": "https://cdn1.woolworths.media/content/wowproductimages/large/175902.jpg",
    "source_id": "Woolworths - 175902",
    "barcode": "9300633092726",
    "shop": "Woolworths",
    "weight": "100G",
    "prices": [
      
    ]
  },
  {
    "source_url": "https://www.woolworths.com.au/shop/productdetails/582112/woolworths-12-extra-large-cage-free-eggs",
    "name": "Woolworths 12 Extra Large Cage Free Eggs 700g",
    "image_url": "https://cdn1.woolworths.media/content/wowproductimages/large/582112.jpg",
    "source_id": "Woolworths - 582112",
    "barcode": "9300633636999",
    "shop": "Woolworths",
    "weight": "100G",
    "prices": [
      
      {
        "state": "SA",
        "price": "540",
        "price_per_unit": "77",
        "price_unit": "G"
      },
      {
        "state": "NT",
        "price": "540",
        "price_per_unit": "77",
        "price_unit": "G"
      }
    ]
  },
  {
    "source_url": "https://www.woolworths.com.au/shop/productdetails/175905/woolworths-12-extra-large-free-range-eggs",
    "name": "Woolworths 12 Extra Large Free Range Eggs 700g",
    "image_url": "https://cdn1.woolworths.media/content/wowproductimages/large/175905.jpg",
    "source_id": "Woolworths - 175905",
    "barcode": "9300633013264",
    "shop": "Woolworths",
    "weight": "100G",
    "prices": [
      {
        "state": "ACT",
        "price": "610",
        "price_per_unit": "87",
        "price_unit": "G"
      }
    ]
  },
  {
    "source_url": "https://www.woolworths.com.au/shop/productdetails/582119/woolworths-12-extra-large-free-range-eggs",
    "name": "Woolworths 12 Extra Large Free Range Eggs 700g",
    "image_url": "https://cdn1.woolworths.media/content/wowproductimages/large/582119.jpg",
    "source_id": "Woolworths - 582119",
    "barcode": "9300633637057",
    "shop": "Woolworths",
    "weight": "100G",
    "prices": [
      
      {
        "state": "SA",
        "price": "610",
        "price_per_unit": "87",
        "price_unit": "G"
      },
      {
        "state": "NT",
        "price": "610",
        "price_per_unit": "87",
        "price_unit": "G"
      }
    ]
  },
  {
    "source_url": "https://www.woolworths.com.au/shop/productdetails/577959/woolworths-12-large-free-range-eggs",
    "name": "Woolworths 12 Large Free Range Eggs 600g",
    "image_url": "https://cdn1.woolworths.media/content/wowproductimages/large/577959.jpg",
    "source_id": "Woolworths - 577959",
    "barcode": "9300633636333",
    "shop": "Woolworths",
    "weight": "100G",
    "prices": [
      {
        "state": "ACT",
        "price": "570",
        "price_per_unit": "95",
        "price_unit": "G"
      }
    ]
  },
  {
    "source_url": "https://www.woolworths.com.au/shop/productdetails/582115/woolworths-12-large-free-range-eggs",
    "name": "Woolworths 12 Large Free Range Eggs 600g",
    "image_url": "https://cdn1.woolworths.media/content/wowproductimages/large/582115.jpg",
    "source_id": "Woolworths - 582115",
    "barcode": "9300633637026",
    "shop": "Woolworths",
    "weight": "100G",
    "prices": [
      
      {
        "state": "SA",
        "price": "570",
        "price_per_unit": "95",
        "price_unit": "G"
      },
      {
        "state": "NT",
        "price": "570",
        "price_per_unit": "95",
        "price_unit": "G"
      }
    ]
  },
  {
    "source_url": "https://www.woolworths.com.au/shop/productdetails/74270/woolworths-18-large-cage-free-eggs",
    "name": "Woolworths 18 Large Cage Free Eggs 900g",
    "image_url": "https://cdn1.woolworths.media/content/wowproductimages/large/074270.jpg",
    "source_id": "Woolworths - 74270",
    "barcode": "9339687138906",
    "shop": "Woolworths",
    "weight": "100G",
    "prices": [
      
      {
        "state": "TAS",
        "price": "790",
        "price_per_unit": "88",
        "price_unit": "G"
      }
    ]
  },
  {
    "source_url": "https://www.woolworths.com.au/shop/productdetails/478167/meggles-farm-12-large-cage-eggs",
    "name": "Meggles Farm 12 Large Cage Eggs 600G",
    "image_url": "https://cdn1.woolworths.media/content/wowproductimages/large/478167.jpg",
    "source_id": "Woolworths - 478167",
    "barcode": "9310625200121",
    "shop": "Woolworths",
    "weight": "100G",
    "prices": []
  },
  {
    "source_url": "https://www.woolworths.com.au/shop/productdetails/183096/pace-farm-10-king-size-free-range-eggs",
    "name": "Pace Farm 10 King Size Free Range Eggs 700g",
    "image_url": "https://cdn1.woolworths.media/content/wowproductimages/large/183096.jpg",
    "source_id": "Woolworths - 183096",
    "barcode": "9131715811702",
    "shop": "Woolworths",
    "weight": "100G",
    "prices": []
  },
  {
    "source_url": "https://www.woolworths.com.au/shop/productdetails/319049/sunny-queen-12-extra-large-cage-free-eggs",
    "name": "Sunny Queen 12 Extra Large Cage Free Eggs 700g",
    "image_url": "https://cdn1.woolworths.media/content/wowproductimages/large/319049.jpg",
    "source_id": "Woolworths - 319049",
    "barcode": "9310625012342",
    "shop": "Woolworths",
    "weight": "100G",
    "prices": []
  },
  {
    "source_url": "https://www.woolworths.com.au/shop/productdetails/760447/sunny-queen-12-jumbo-cage-free-eggs",
    "name": "Sunny Queen 12 Jumbo Cage Free Eggs 800g",
    "image_url": "https://cdn1.woolworths.media/content/wowproductimages/large/760447.jpg",
    "source_id": "Woolworths - 760447",
    "barcode": "9310625013295",
    "shop": "Woolworths",
    "weight": "100G",
    "prices": []
  },
  {
    "source_url": "https://www.woolworths.com.au/shop/productdetails/482856/sunny-queen-18-large-cage-free-eggs",
    "name": "Sunny Queen 18 Large Cage Free Eggs 900g",
    "image_url": "https://cdn1.woolworths.media/content/wowproductimages/large/482856.jpg",
    "source_id": "Woolworths - 482856",
    "barcode": "9310625013080",
    "shop": "Woolworths",
    "weight": "100G",
    "prices": [
      
    ]
  },
  {
    "source_url": "https://www.woolworths.com.au/shop/productdetails/263708/sunny-queen-30-extra-large-cage-free-eggs-cage-free-eggs",
    "name": "Sunny Queen 30 Extra Large Cage Free Eggs Cage Free Eggs 1.75kg",
    "image_url": "https://cdn1.woolworths.media/content/wowproductimages/large/263708.jpg",
    "source_id": "Woolworths - 263708",
    "barcode": "9349663002824",
    "shop": "Woolworths",
    "weight": "100G",
    "prices": []
  },
  {
    "source_url": "https://www.woolworths.com.au/shop/productdetails/365782/sunny-queen-30-x-large-free-range-eggs",
    "name": "Sunny Queen 30 x Large Free Range Eggs 1.75kg",
    "image_url": "https://cdn1.woolworths.media/content/wowproductimages/large/365782.jpg",
    "source_id": "Woolworths - 365782",
    "barcode": "9349663002602",
    "shop": "Woolworths",
    "weight": "100G",
    "prices": []
  },
  {
    "source_url": "https://www.woolworths.com.au/shop/productdetails/935599/sunny-queen-6-extra-large-cage-free-eggs",
    "name": "Sunny Queen 6 Extra Large Cage Free Eggs 350g",
    "image_url": "https://cdn1.woolworths.media/content/wowproductimages/large/935599.jpg",
    "source_id": "Woolworths - 935599",
    "barcode": "9349663000035",
    "shop": "Woolworths",
    "weight": "100G",
    "prices": []
  },
  {
    "source_url": "https://www.woolworths.com.au/shop/productdetails/140262/sunny-queen-6-extra-large-free-range-eggs",
    "name": "Sunny Queen 6 Extra Large Free Range Eggs 350G",
    "image_url": "https://cdn1.woolworths.media/content/wowproductimages/large/140262.jpg",
    "source_id": "Woolworths - 140262",
    "barcode": "9310625006754",
    "shop": "Woolworths",
    "weight": "100G",
    "prices": [
      {
        "state": "QLD",
        "price": "470",
        "price_per_unit": "134",
        "price_unit": "G"
      }
    ]
  },
  {
    "source_url": "https://www.woolworths.com.au/shop/productdetails/205222/woolworths-12-extra-large-free-range-eggs",
    "name": "Woolworths 12 Extra Large Free Range Eggs 700g",
    "image_url": "https://cdn1.woolworths.media/content/wowproductimages/large/205222.jpg",
    "source_id": "Woolworths - 205222",
    "barcode": "9300633900991",
    "shop": "Woolworths",
    "weight": "100G",
    "prices": [
      
    ]
  },
  {
    "source_url": "https://www.woolworths.com.au/shop/productdetails/582822/woolworths-12-large-free-range-eggs",
    "name": "Woolworths 12 Large Free Range Eggs 600g",
    "image_url": "https://cdn1.woolworths.media/content/wowproductimages/large/582822.jpg",
    "source_id": "Woolworths - 582822",
    "barcode": "9300633637194",
    "shop": "Woolworths",
    "weight": "100G",
    "prices": []
  },
  {
    "source_url": "https://www.woolworths.com.au/shop/productdetails/233889/woolworths-18-large-free-range-eggs",
    "name": "Woolworths 18 Large Free Range Eggs 900g",
    "image_url": "https://cdn1.woolworths.media/content/wowproductimages/large/233889.jpg",
    "source_id": "Woolworths - 233889",
    "barcode": "9339687308293",
    "shop": "Woolworths",
    "weight": "100G",
    "prices": []
  },
  {
    "source_url": "https://www.woolworths.com.au/shop/productdetails/117650/days-sa-10-free-range-eggs-free-range-eggs",
    "name": "Days SA 10 Free Range Eggs Free Range Eggs 700g",
    "image_url": "https://cdn1.woolworths.media/content/wowproductimages/large/117650.jpg",
    "source_id": "Woolworths - 117650",
    "barcode": "9315748109634",
    "shop": "Woolworths",
    "weight": "100G",
    "prices": [
      
    ]
  },
  {
    "source_url": "https://www.woolworths.com.au/shop/productdetails/49424/golden-eggs-12-extra-large-caged-eggs",
    "name": "Golden Eggs 12 Extra Large Caged Eggs 700g",
    "image_url": "https://cdn1.woolworths.media/content/wowproductimages/large/049424.jpg",
    "source_id": "Woolworths - 49424",
    "barcode": "9311394001162",
    "shop": "Woolworths",
    "weight": "100G",
    "prices": []
  },
  {
    "source_url": "https://www.woolworths.com.au/shop/productdetails/29771/golden-eggs-12-extra-large-free-range-eggs",
    "name": "Golden Eggs 12 Extra Large Free Range Eggs 700g",
    "image_url": "https://cdn1.woolworths.media/content/wowproductimages/large/029771.jpg",
    "source_id": "Woolworths - 29771",
    "barcode": "9311394001148",
    "shop": "Woolworths",
    "weight": "100G",
    "prices": [
      {
        "state": "WA",
        "price": "740",
        "price_per_unit": "106",
        "price_unit": "G"
      }
    ]
  },
  {
    "source_url": "https://www.woolworths.com.au/shop/productdetails/794961/golden-eggs-12-free-range-eggs",
    "name": "Golden Eggs 12 Free Range Eggs 700g",
    "image_url": "https://cdn1.woolworths.media/content/wowproductimages/large/794961.jpg",
    "source_id": "Woolworths - 794961",
    "barcode": "9311394200596",
    "shop": "Woolworths",
    "weight": "100G",
    "prices": [
      {
        "state": "WA",
        "price": "770",
        "price_per_unit": "110",
        "price_unit": "G"
      }
    ]
  },
  {
    "source_url": "https://www.woolworths.com.au/shop/productdetails/231460/golden-eggs-18-large-free-range-eggs",
    "name": "Golden Eggs 18 Large Free Range Eggs 900g",
    "image_url": "https://cdn1.woolworths.media/content/wowproductimages/large/231460.jpg",
    "source_id": "Woolworths - 231460",
    "barcode": "9311394200657",
    "shop": "Woolworths",
    "weight": "100G",
    "prices": [
      {
        "state": "WA",
        "price": "1090",
        "price_per_unit": "121",
        "price_unit": "G"
      }
    ]
  },
  {
    "source_url": "https://www.woolworths.com.au/shop/productdetails/52403/golden-eggs-30-large-free-range-eggs",
    "name": "Golden Eggs 30 Large Free Range Eggs 1.5kg",
    "image_url": "https://cdn1.woolworths.media/content/wowproductimages/large/052403.jpg",
    "source_id": "Woolworths - 52403",
    "barcode": "9311394200091",
    "shop": "Woolworths",
    "weight": "100G",
    "prices": [
      {
        "state": "WA",
        "price": "1840",
        "price_per_unit": "123",
        "price_unit": "G"
      }
    ]
  },
  {
    "source_url": "https://www.woolworths.com.au/shop/productdetails/839426/good-farmer-12-extra-large-free-range-eggs",
    "name": "Good Farmer 12 Extra Large Free Range Eggs 700g",
    "image_url": "https://cdn1.woolworths.media/content/wowproductimages/large/839426.jpg",
    "source_id": "Woolworths - 839426",
    "barcode": "9332888000867",
    "shop": "Woolworths",
    "weight": "100G",
    "prices": [
      {
        "state": "WA",
        "price": "850",
        "price_per_unit": "121",
        "price_unit": "G"
      }
    ]
  },
  {
    "source_url": "https://www.woolworths.com.au/shop/productdetails/630126/good-farmer-12-jumbo-free-range-eggs",
    "name": "Good Farmer 12 Jumbo Free Range Eggs 800g",
    "image_url": "https://cdn1.woolworths.media/content/wowproductimages/large/630126.jpg",
    "source_id": "Woolworths - 630126",
    "barcode": "9332888000652",
    "shop": "Woolworths",
    "weight": "100G",
    "prices": [
      {
        "state": "WA",
        "price": "890",
        "price_per_unit": "111",
        "price_unit": "G"
      }
    ]
  },
  {
    "source_url": "https://www.woolworths.com.au/shop/productdetails/630106/good-farmer-12-large-free-range-eggs",
    "name": "Good Farmer 12 Large Free Range Eggs 600g",
    "image_url": "https://cdn1.woolworths.media/content/wowproductimages/large/630106.jpg",
    "source_id": "Woolworths - 630106",
    "barcode": "9332888000638",
    "shop": "Woolworths",
    "weight": "100G",
    "prices": []
  },
  {
    "source_url": "https://www.woolworths.com.au/shop/productdetails/692131/good-farmer-18-extra-large-free-range-eggs",
    "name": "Good Farmer 18 Extra Large Free Range Eggs 1kg",
    "image_url": "https://cdn1.woolworths.media/content/wowproductimages/large/692131.jpg",
    "source_id": "Woolworths - 692131",
    "barcode": "9332888000966",
    "shop": "Woolworths",
    "weight": "100G",
    "prices": [
      {
        "state": "WA",
        "price": "1150",
        "price_per_unit": "115",
        "price_unit": "G"
      }
    ]
  },
  {
    "source_url": "https://www.woolworths.com.au/shop/productdetails/630649/good-farmer-6-extra-large-free-range-eggs",
    "name": "Good Farmer 6 Extra Large Free Range Eggs 350g",
    "image_url": "https://cdn1.woolworths.media/content/wowproductimages/large/630649.jpg",
    "source_id": "Woolworths - 630649",
    "barcode": "9332888000607",
    "shop": "Woolworths",
    "weight": "100G",
    "prices": [
      {
        "state": "WA",
        "price": "500",
        "price_per_unit": "143",
        "price_unit": "G"
      }
    ]
  },
  {
    "source_url": "https://www.woolworths.com.au/shop/productdetails/630127/hens-of-the-earth-12-extra-large-free-range-eggs",
    "name": "Hens Of The Earth 12 Extra Large Free Range Eggs 700g",
    "image_url": "https://cdn1.woolworths.media/content/wowproductimages/large/630127.jpg",
    "source_id": "Woolworths - 630127",
    "barcode": "9332888000126",
    "shop": "Woolworths",
    "weight": "100G",
    "prices": [
      {
        "state": "WA",
        "price": "1050",
        "price_per_unit": "150",
        "price_unit": "G"
      }
    ]
  },
  {
    "source_url": "https://www.woolworths.com.au/shop/productdetails/141052/hill-river-12-free-range-eggs",
    "name": "Hill River 12 Free Range Eggs 700g",
    "image_url": "https://cdn1.woolworths.media/content/wowproductimages/large/141052.jpg",
    "source_id": "Woolworths - 141052",
    "barcode": "9311394200589",
    "shop": "Woolworths",
    "weight": "100G",
    "prices": [
      {
        "state": "WA",
        "price": "820",
        "price_per_unit": "117",
        "price_unit": "G"
      }
    ]
  },
  {
    "source_url": "https://www.woolworths.com.au/shop/productdetails/200707/hill-river-18-large-free-range-eggs",
    "name": "Hill River 18 Large Free Range Eggs 1kg",
    "image_url": "https://cdn1.woolworths.media/content/wowproductimages/large/200707.jpg",
    "source_id": "Woolworths - 200707",
    "barcode": "9311394002015",
    "shop": "Woolworths",
    "weight": "100G",
    "prices": [
      {
        "state": "WA",
        "price": "1090",
        "price_per_unit": "109",
        "price_unit": "G"
      }
    ]
  },
  {
    "source_url": "https://www.woolworths.com.au/shop/productdetails/659030/hill-river-free-range-12-jumbo-eggs",
    "name": "Hill River Free Range 12 Jumbo Eggs 800g",
    "image_url": "https://cdn1.woolworths.media/content/wowproductimages/large/659030.jpg",
    "source_id": "Woolworths - 659030",
    "barcode": "9311394002039",
    "shop": "Woolworths",
    "weight": "100G",
    "prices": [
      {
        "state": "WA",
        "price": "850",
        "price_per_unit": "106",
        "price_unit": "G"
      }
    ]
  },
  {
    "source_url": "https://www.woolworths.com.au/shop/productdetails/749194/margaret-river-12-extra-large-free-range-eggs",
    "name": "Margaret River 12 Extra Large Free Range Eggs 700g",
    "image_url": "https://cdn1.woolworths.media/content/wowproductimages/large/749194.jpg",
    "source_id": "Woolworths - 749194",
    "barcode": "9328045000306",
    "shop": "Woolworths",
    "weight": "100G",
    "prices": []
  },
  {
    "source_url": "https://www.woolworths.com.au/shop/productdetails/749173/margaret-river-12-jumbo-free-range-eggs",
    "name": "Margaret River 12 Jumbo Free Range Eggs 800g",
    "image_url": "https://cdn1.woolworths.media/content/wowproductimages/large/749173.jpg",
    "source_id": "Woolworths - 749173",
    "barcode": "9328045000405",
    "shop": "Woolworths",
    "weight": "100G",
    "prices": []
  },
  {
    "source_url": "https://www.woolworths.com.au/shop/productdetails/749199/margaret-river-12-large-free-range-eggs",
    "name": "Margaret River 12 Large Free Range Eggs 600g",
    "image_url": "https://cdn1.woolworths.media/content/wowproductimages/large/749199.jpg",
    "source_id": "Woolworths - 749199",
    "barcode": "9328045000207",
    "shop": "Woolworths",
    "weight": "100G",
    "prices": []
  },
  {
    "source_url": "https://www.woolworths.com.au/shop/productdetails/52370/willow-30-cage-free-barn-laid-eggs",
    "name": "Willow 30 Cage Free Barn Laid Eggs 1.5kg",
    "image_url": "https://cdn1.woolworths.media/content/wowproductimages/large/052370.jpg",
    "source_id": "Woolworths - 52370",
    "barcode": "9311394200510",
    "shop": "Woolworths",
    "weight": "100G",
    "prices": [
      {
        "state": "WA",
        "price": "1560",
        "price_per_unit": "104",
        "price_unit": "G"
      }
    ]
  },
  {
    "source_url": "https://www.woolworths.com.au/shop/productdetails/52371/willow-springs-12-barn-laid-eggs",
    "name": "Willow Springs 12 Barn Laid Eggs 600g",
    "image_url": "https://cdn1.woolworths.media/content/wowproductimages/large/052371.jpg",
    "source_id": "Woolworths - 52371",
    "barcode": "9311394200060",
    "shop": "Woolworths",
    "weight": "100G",
    "prices": []
  },
  {
    "source_url": "https://www.woolworths.com.au/shop/productdetails/52402/willow-springs-12-barn-laid-eggs",
    "name": "Willow Springs 12 Barn Laid Eggs 800g",
    "image_url": "https://cdn1.woolworths.media/content/wowproductimages/large/052402.jpg",
    "source_id": "Woolworths - 52402",
    "barcode": "9311394200077",
    "shop": "Woolworths",
    "weight": "100G",
    "prices": [
      {
        "state": "WA",
        "price": "750",
        "price_per_unit": "94",
        "price_unit": "G"
      }
    ]
  },
  {
    "source_url": "https://www.woolworths.com.au/shop/productdetails/785234/willow-springs-12-cage-free-barn-laid-eggs",
    "name": "Willow Springs 12 Cage Free Barn Laid Eggs 700g",
    "image_url": "https://cdn1.woolworths.media/content/wowproductimages/large/785234.jpg",
    "source_id": "Woolworths - 785234",
    "barcode": "9311394200503",
    "shop": "Woolworths",
    "weight": "100G",
    "prices": [
      {
        "state": "WA",
        "price": "630",
        "price_per_unit": "90",
        "price_unit": "G"
      }
    ]
  },
  {
    "source_url": "https://www.woolworths.com.au/shop/productdetails/52369/willow-springs-18-cage-free-barn-laid-eggs",
    "name": "Willow Springs 18 Cage Free Barn Laid Eggs 900g",
    "image_url": "https://cdn1.woolworths.media/content/wowproductimages/large/052369.jpg",
    "source_id": "Woolworths - 52369",
    "barcode": "9311394200084",
    "shop": "Woolworths",
    "weight": "100G",
    "prices": [
      {
        "state": "WA",
        "price": "960",
        "price_per_unit": "107",
        "price_unit": "G"
      }
    ]
  },
  {
    "source_url": "https://www.woolworths.com.au/shop/productdetails/205199/woolworths-12-extra-large-cage-free-eggs",
    "name": "Woolworths 12 Extra Large Cage Free Eggs 700g",
    "image_url": "https://cdn1.woolworths.media/content/wowproductimages/large/205199.jpg",
    "source_id": "Woolworths - 205199",
    "barcode": "9300633900892",
    "shop": "Woolworths",
    "weight": "100G",
    "prices": [
      {
        "state": "WA",
        "price": "540",
        "price_per_unit": "77",
        "price_unit": "G"
      }
    ]
  },
  {
    "source_url": "https://www.woolworths.com.au/shop/productdetails/582095/woolworths-12-extra-large-free-range-eggs",
    "name": "Woolworths 12 Extra Large Free Range Eggs 700g",
    "image_url": "https://cdn1.woolworths.media/content/wowproductimages/large/582095.jpg",
    "source_id": "Woolworths - 582095",
    "barcode": "9300633636968",
    "shop": "Woolworths",
    "weight": "100G",
    "prices": [
      {
        "state": "WA",
        "price": "610",
        "price_per_unit": "87",
        "price_unit": "G"
      }
    ]
  },
  {
    "source_url": "https://www.woolworths.com.au/shop/productdetails/254729/woolworths-12-large-free-range-eggs",
    "name": "Woolworths 12 Large Free Range Eggs 600g",
    "image_url": "https://cdn1.woolworths.media/content/wowproductimages/large/254729.jpg",
    "source_id": "Woolworths - 254729",
    "barcode": "9300633945886",
    "shop": "Woolworths",
    "weight": "100G",
    "prices": [
      {
        "state": "WA",
        "price": "570",
        "price_per_unit": "95",
        "price_unit": "G"
      }
    ]
  },
  {
    "source_url": "https://www.woolworths.com.au/shop/productdetails/74269/woolworths-18-large-cage-free-eggs",
    "name": "Woolworths 18 Large Cage Free Eggs 900g",
    "image_url": "https://cdn1.woolworths.media/content/wowproductimages/large/074269.jpg",
    "source_id": "Woolworths - 74269",
    "barcode": "9339687138890",
    "shop": "Woolworths",
    "weight": "100G",
    "prices": [
      {
        "state": "WA",
        "price": "790",
        "price_per_unit": "88",
        "price_unit": "G"
      }
    ]
  },
  {
    "source_url": "https://www.woolworths.com.au/shop/productdetails/582114/woolworths-6-extra-large-free-range-eggs",
    "name": "Woolworths 6 Extra Large Free Range Eggs 350g",
    "image_url": "https://cdn1.woolworths.media/content/wowproductimages/large/582114.jpg",
    "source_id": "Woolworths - 582114",
    "barcode": "9300633637019",
    "shop": "Woolworths",
    "weight": "100G",
    "prices": [
      {
        "state": "WA",
        "price": "455",
        "price_per_unit": "130",
        "price_unit": "G"
      }
    ]
  },
  {
    "source_url": "https://www.woolworths.com.au/shop/productdetails/913861/adelaide-eggs-12-free-roaming-barn-laid-eggs-extra-large",
    "name": "Adelaide Eggs 12 Free Roaming Barn Laid Eggs Extra Large 700g",
    "image_url": "https://cdn1.woolworths.media/content/wowproductimages/large/913861.jpg",
    "source_id": "Woolworths - 913861",
    "barcode": "9338295000452",
    "shop": "Woolworths",
    "weight": "100G",
    "prices": []
  },
  {
    "source_url": "https://www.woolworths.com.au/shop/productdetails/913896/adelaide-eggs-18-free-roaming-barn-laid-eggs-large",
    "name": "Adelaide Eggs 18 Free Roaming Barn Laid Eggs Large 900g",
    "image_url": "https://cdn1.woolworths.media/content/wowproductimages/large/913896.jpg",
    "source_id": "Woolworths - 913896",
    "barcode": "9338295000438",
    "shop": "Woolworths",
    "weight": "100G",
    "prices": [
      {
        "state": "NT",
        "price": "1000",
        "price_per_unit": "111",
        "price_unit": "G"
      }
    ]
  },
  {
    "source_url": "https://www.woolworths.com.au/shop/productdetails/781666/adelaide-plains-12-barn-laid-eggs",
    "name": "Adelaide Plains 12 Barn Laid Eggs 600g",
    "image_url": "https://cdn1.woolworths.media/content/wowproductimages/large/781666.jpg",
    "source_id": "Woolworths - 781666",
    "barcode": "9315748110142",
    "shop": "Woolworths",
    "weight": "100G",
    "prices": [
      
    ]
  },
  {
    "source_url": "https://www.woolworths.com.au/shop/productdetails/800110/adelaide-plains-12-barn-laid-eggs",
    "name": "Adelaide Plains 12 Barn Laid Eggs 800g",
    "image_url": "https://cdn1.woolworths.media/content/wowproductimages/large/800110.jpg",
    "source_id": "Woolworths - 800110",
    "barcode": "9315748110173",
    "shop": "Woolworths",
    "weight": "100G",
    "prices": [
      
    ]
  },
  {
    "source_url": "https://www.woolworths.com.au/shop/productdetails/800107/adelaide-plains-6-barn-laid-eggs",
    "name": "Adelaide Plains 6 Barn Laid Eggs 330g",
    "image_url": "https://cdn1.woolworths.media/content/wowproductimages/large/800107.jpg",
    "source_id": "Woolworths - 800107",
    "barcode": "9315748109788",
    "shop": "Woolworths",
    "weight": "100G",
    "prices": []
  },
  {
    "source_url": "https://www.woolworths.com.au/shop/productdetails/800118/adelaide-plains-barn-laid-eggs-eggs",
    "name": "Adelaide Plains Barn Laid Eggs Eggs 1.5kg",
    "image_url": "https://cdn1.woolworths.media/content/wowproductimages/large/800118.jpg",
    "source_id": "Woolworths - 800118",
    "barcode": "9315748109795",
    "shop": "Woolworths",
    "weight": "100G",
    "prices": [
      
    ]
  },
  {
    "source_url": "https://www.woolworths.com.au/shop/productdetails/330759/adelaide-plains-cage-free-eggs",
    "name": "Adelaide Plains Cage Free Eggs 700g",
    "image_url": "https://cdn1.woolworths.media/content/wowproductimages/large/330759.jpg",
    "source_id": "Woolworths - 330759",
    "barcode": "9315748110159",
    "shop": "Woolworths",
    "weight": "100G",
    "prices": [
      
    ]
  },
  {
    "source_url": "https://www.woolworths.com.au/shop/productdetails/198469/adelaide-plains-large-barn-laid-eggs",
    "name": "Adelaide Plains Large  Barn Laid Eggs 18 Pack",
    "image_url": "https://cdn1.woolworths.media/content/wowproductimages/large/198469.jpg",
    "source_id": "Woolworths - 198469",
    "barcode": "9315748110166",
    "shop": "Woolworths",
    "weight": "100G",
    "prices": []
  },
  {
    "source_url": "https://www.woolworths.com.au/shop/productdetails/487962/barossa-fine-foods-12-extra-large-free-range-eggs",
    "name": "Barossa Fine Foods 12 Extra Large Free Range Eggs 700g",
    "image_url": "https://cdn1.woolworths.media/content/wowproductimages/large/487962.jpg",
    "source_id": "Woolworths - 487962",
    "barcode": "9338295000209",
    "shop": "Woolworths",
    "weight": "100G",
    "prices": []
  },
  {
    "source_url": "https://www.woolworths.com.au/shop/productdetails/487952/barossa-fine-foods-12-jumbo-free-range-eggs",
    "name": "Barossa Fine Foods 12 Jumbo Free RangeEggs 800g",
    "image_url": "https://cdn1.woolworths.media/content/wowproductimages/large/487952.jpg",
    "source_id": "Woolworths - 487952",
    "barcode": "9338295000186",
    "shop": "Woolworths",
    "weight": "100G",
    "prices": []
  },
  {
    "source_url": "https://www.woolworths.com.au/shop/productdetails/201951/barossa-fine-foods-18-large-free-range-eggs",
    "name": "Barossa Fine Foods 18 Large Free Range Eggs 900g",
    "image_url": "https://cdn1.woolworths.media/content/wowproductimages/large/201951.jpg",
    "source_id": "Woolworths - 201951",
    "barcode": "9338295003736",
    "shop": "Woolworths",
    "weight": "100G",
    "prices": []
  },
  {
    "source_url": "https://www.woolworths.com.au/shop/productdetails/42919/country-fresh-12-extra-large-free-range-eggs",
    "name": "Country Fresh 12 Extra Large Free Range Eggs 700g",
    "image_url": "https://cdn1.woolworths.media/content/wowproductimages/large/042919.jpg",
    "source_id": "Woolworths - 42919",
    "barcode": "9315748130614",
    "shop": "Woolworths",
    "weight": "100G",
    "prices": [
      
    ]
  },
  {
    "source_url": "https://www.woolworths.com.au/shop/productdetails/482770/country-fresh-12-jumbo-free-range-eggs",
    "name": "Country Fresh 12 Jumbo Free Range Eggs 800g",
    "image_url": "https://cdn1.woolworths.media/content/wowproductimages/large/482770.jpg",
    "source_id": "Woolworths - 482770",
    "barcode": "9315748130621",
    "shop": "Woolworths",
    "weight": "100G",
    "prices": [
      
    ]
  },
  {
    "source_url": "https://www.woolworths.com.au/shop/productdetails/783262/gourmet-breakfast-12-extra-large-cage-free-eggs",
    "name": "Gourmet Breakfast 12 Extra Large Cage Free Eggs 700g",
    "image_url": "https://cdn1.woolworths.media/content/wowproductimages/large/783262.jpg",
    "source_id": "Woolworths - 783262",
    "barcode": "9338295000292",
    "shop": "Woolworths",
    "weight": "100G",
    "prices": [
      
    ]
  },
  {
    "source_url": "https://www.woolworths.com.au/shop/productdetails/783153/gourmet-breakfast-12-extra-large-free-range-eggs",
    "name": "Gourmet Breakfast 12 Extra Large Free Range Eggs 700g",
    "image_url": "https://cdn1.woolworths.media/content/wowproductimages/large/783153.jpg",
    "source_id": "Woolworths - 783153",
    "barcode": "9338295000018",
    "shop": "Woolworths",
    "weight": "100G",
    "prices": []
  },
  {
    "source_url": "https://www.woolworths.com.au/shop/productdetails/783158/gourmet-breakfast-12-jumbo-free-range-eggs",
    "name": "Gourmet Breakfast 12 Jumbo Free Range Eggs 800g",
    "image_url": "https://cdn1.woolworths.media/content/wowproductimages/large/783158.jpg",
    "source_id": "Woolworths - 783158",
    "barcode": "9338295000049",
    "shop": "Woolworths",
    "weight": "100G",
    "prices": []
  },
  {
    "source_url": "https://www.woolworths.com.au/shop/productdetails/202625/gourmet-breakfast-18-large-free-roaming-barn-laid-eggs",
    "name": "Gourmet Breakfast 18 Large Free Roaming Barn Laid Eggs 900g",
    "image_url": "https://cdn1.woolworths.media/content/wowproductimages/large/202625.jpg",
    "source_id": "Woolworths - 202625",
    "barcode": "9338295000360",
    "shop": "Woolworths",
    "weight": "100G",
    "prices": [
      
    ]
  },
  {
    "source_url": "https://www.woolworths.com.au/shop/productdetails/783291/gourmet-breakfast-6-extra-large-free-range-eggs",
    "name": "Gourmet Breakfast 6 Extra Large Free Range Eggs 350g",
    "image_url": "https://cdn1.woolworths.media/content/wowproductimages/large/783291.jpg",
    "source_id": "Woolworths - 783291",
    "barcode": "9338295000025",
    "shop": "Woolworths",
    "weight": "100G",
    "prices": []
  },
  {
    "source_url": "https://www.woolworths.com.au/shop/productdetails/321053/kangaroo-island-12-jumbo-free-range-eggs",
    "name": "Kangaroo Island 12 Jumbo Free Range Eggs 800g",
    "image_url": "https://cdn1.woolworths.media/content/wowproductimages/large/321053.jpg",
    "source_id": "Woolworths - 321053",
    "barcode": "9322770000037",
    "shop": "Woolworths",
    "weight": "100G",
    "prices": []
  },
  {
    "source_url": "https://www.woolworths.com.au/shop/productdetails/330103/kangaroo-island-12-large-free-range-eggs",
    "name": "Kangaroo Island 12 Large Free Range Eggs 700g",
    "image_url": "https://cdn1.woolworths.media/content/wowproductimages/large/330103.jpg",
    "source_id": "Woolworths - 330103",
    "barcode": "9322770000013",
    "shop": "Woolworths",
    "weight": "100G",
    "prices": []
  },
  {
    "source_url": "https://www.woolworths.com.au/shop/productdetails/299936/kangaroo-island-6-large-free-range-eggs",
    "name": "Kangaroo Island 6 Large Free Range Eggs 300g",
    "image_url": "https://cdn1.woolworths.media/content/wowproductimages/large/299936.jpg",
    "source_id": "Woolworths - 299936",
    "barcode": "9322770000044",
    "shop": "Woolworths",
    "weight": "100G",
    "prices": []
  },
  {
    "source_url": "https://www.woolworths.com.au/shop/productdetails/80367/mclaren-vale-12-extra-large-free-range-eggs",
    "name": "McLaren Vale 12 Extra Large Free Range Eggs 700g",
    "image_url": "https://cdn1.woolworths.media/content/wowproductimages/large/080367.jpg",
    "source_id": "Woolworths - 80367",
    "barcode": "9315748110005",
    "shop": "Woolworths",
    "weight": "100G",
    "prices": []
  },
  {
    "source_url": "https://www.woolworths.com.au/shop/productdetails/715649/mclaren-vale-free-range-eggs-900g",
    "name": "McLaren Vale Free Range Eggs 900G 18 Pack",
    "image_url": "https://cdn1.woolworths.media/content/wowproductimages/large/715649.jpg",
    "source_id": "Woolworths - 715649",
    "barcode": "9315748109986",
    "shop": "Woolworths",
    "weight": "100G",
    "prices": []
  },
  {
    "source_url": "https://www.woolworths.com.au/shop/productdetails/103444/rohde-s-clare-valley-12-free-range-eggs",
    "name": "Rohde's Clare Valley 12 Free Range Eggs 600G",
    "image_url": "https://cdn1.woolworths.media/content/wowproductimages/large/103444.jpg",
    "source_id": "Woolworths - 103444",
    "barcode": "9340468000008",
    "shop": "Woolworths",
    "weight": "100G",
    "prices": [
      
    ]
  },
  {
    "source_url": "https://www.woolworths.com.au/shop/productdetails/103446/rohde-s-clare-valley-12-free-range-eggs",
    "name": "Rohde's Clare Valley 12 Free Range Eggs 800G",
    "image_url": "https://cdn1.woolworths.media/content/wowproductimages/large/103446.jpg",
    "source_id": "Woolworths - 103446",
    "barcode": "9340468000022",
    "shop": "Woolworths",
    "weight": "100G",
    "prices": [
      
    ]
  },
  {
    "source_url": "https://www.woolworths.com.au/shop/productdetails/198157/southern-flinders-ranges-30-extra-large-free-range-eggs",
    "name": "Southern Flinders Ranges 30 Extra Large Free Range Eggs 1.75kg",
    "image_url": "https://cdn1.woolworths.media/content/wowproductimages/large/198157.jpg",
    "source_id": "Woolworths - 198157",
    "barcode": "9315748110876",
    "shop": "Woolworths",
    "weight": "100G",
    "prices": []
  },
  {
    "source_url": "https://www.woolworths.com.au/shop/productdetails/197771/southern-flinders-ranges-extra-large-free-range-eggs-700g",
    "name": "Southern Flinders Ranges Extra Large Free Range Eggs 700g 12 Pack",
    "image_url": "https://cdn1.woolworths.media/content/wowproductimages/large/197771.jpg",
    "source_id": "Woolworths - 197771",
    "barcode": "9315748110838",
    "shop": "Woolworths",
    "weight": "100G",
    "prices": []
  },
  {
    "source_url": "https://www.woolworths.com.au/shop/productdetails/198663/southern-flinders-ranges-jumbo-free-range-eggs-800g",
    "name": "Southern Flinders Ranges Jumbo Free Range Eggs 800g 12 Pack",
    "image_url": "https://cdn1.woolworths.media/content/wowproductimages/large/198663.jpg",
    "source_id": "Woolworths - 198663",
    "barcode": "9315748110845",
    "shop": "Woolworths",
    "weight": "100G",
    "prices": []
  },
  {
    "source_url": "https://www.woolworths.com.au/shop/productdetails/74213/woolworths-18-large-cage-free-eggs",
    "name": "Woolworths 18 Large Cage Free Eggs 900g",
    "image_url": "https://cdn1.woolworths.media/content/wowproductimages/large/074213.jpg",
    "source_id": "Woolworths - 74213",
    "barcode": "9339687138883",
    "shop": "Woolworths",
    "weight": "100G",
    "prices": []
  },
  {
    "source_url": "https://www.woolworths.com.au/shop/productdetails/582113/woolworths-6-extra-large-free-range-eggs",
    "name": "Woolworths 6 Extra Large Free Range Eggs 350g",
    "image_url": "https://cdn1.woolworths.media/content/wowproductimages/large/582113.jpg",
    "source_id": "Woolworths - 582113",
    "barcode": "9300633637002",
    "shop": "Woolworths",
    "weight": "100G",
    "prices": [
      {
        "state": "SA",
        "price": "455",
        "price_per_unit": "130",
        "price_unit": "G"
      },
      {
        "state": "NT",
        "price": "455",
        "price_per_unit": "130",
        "price_unit": "G"
      }
    ]
  },
  {
    "source_url": "https://www.woolworths.com.au/shop/productdetails/170488/aberfeldy-12-cage-free-eggs",
    "name": "Aberfeldy 12 Cage Free Eggs 700g",
    "image_url": "https://cdn1.woolworths.media/content/wowproductimages/large/170488.jpg",
    "source_id": "Woolworths - 170488",
    "barcode": "9311293010593",
    "shop": "Woolworths",
    "weight": "100G",
    "prices": []
  },
  {
    "source_url": "https://www.woolworths.com.au/shop/productdetails/232032/aberfeldy-12-jumbo-tasmanian-fresh-barn-laid-eggs",
    "name": "Aberfeldy 12 Jumbo Tasmanian Fresh Barn Laid Eggs 800g",
    "image_url": "https://cdn1.woolworths.media/content/wowproductimages/large/232032.jpg",
    "source_id": "Woolworths - 232032",
    "barcode": "9314204009990",
    "shop": "Woolworths",
    "weight": "100G",
    "prices": []
  },
  {
    "source_url": "https://www.woolworths.com.au/shop/productdetails/483462/aberfeldy-18-cage-free-eggs",
    "name": "Aberfeldy 18 Cage Free Eggs 900g",
    "image_url": "https://cdn1.woolworths.media/content/wowproductimages/large/483462.jpg",
    "source_id": "Woolworths - 483462",
    "barcode": "9314204000003",
    "shop": "Woolworths",
    "weight": "100G",
    "prices": [
      {
        "state": "TAS",
        "price": "945",
        "price_per_unit": "105",
        "price_unit": "G"
      }
    ]
  },
  {
    "source_url": "https://www.woolworths.com.au/shop/productdetails/231458/aberfeldy-30-large-tasmanian-fresh-barn-laid-eggs",
    "name": "Aberfeldy 30 Large Tasmanian Fresh Barn Laid Eggs 1.5kg",
    "image_url": "https://cdn1.woolworths.media/content/wowproductimages/large/231458.jpg",
    "source_id": "Woolworths - 231458",
    "barcode": "9314204009983",
    "shop": "Woolworths",
    "weight": "100G",
    "prices": [
      {
        "state": "TAS",
        "price": "1540",
        "price_per_unit": "103",
        "price_unit": "G"
      }
    ]
  },
  {
    "source_url": "https://www.woolworths.com.au/shop/productdetails/170487/aberfeldy-6-barn-laid-eggs",
    "name": "Aberfeldy 6 Barn Laid Eggs 350g",
    "image_url": "https://cdn1.woolworths.media/content/wowproductimages/large/170487.jpg",
    "source_id": "Woolworths - 170487",
    "barcode": "9311293011590",
    "shop": "Woolworths",
    "weight": "100G",
    "prices": []
  },
  {
    "source_url": "https://www.woolworths.com.au/shop/productdetails/159836/farm-fresh-12-extra-large-free-range-eggs",
    "name": "Farm Fresh 12 Extra Large Free Range Eggs 700g",
    "image_url": "https://cdn1.woolworths.media/content/wowproductimages/large/159836.jpg",
    "source_id": "Woolworths - 159836",
    "barcode": "9326380000265",
    "shop": "Woolworths",
    "weight": "100G",
    "prices": [
      {
        "state": "TAS",
        "price": "700",
        "price_per_unit": "100",
        "price_unit": "G"
      }
    ]
  },
  {
    "source_url": "https://www.woolworths.com.au/shop/productdetails/882128/farm-fresh-eggs-cage",
    "name": "Farm Fresh Eggs Cage 12 Pack 700g",
    "image_url": "https://cdn1.woolworths.media/content/wowproductimages/large/882128.jpg",
    "source_id": "Woolworths - 882128",
    "barcode": "9326380000159",
    "shop": "Woolworths",
    "weight": "100G",
    "prices": []
  },
  {
    "source_url": "https://www.woolworths.com.au/shop/productdetails/111133/sun-valley-12-extra-large-caged-eggs",
    "name": "Sun Valley 12 Extra Large Caged Eggs 732g",
    "image_url": "https://cdn1.woolworths.media/content/wowproductimages/large/111133.jpg",
    "source_id": "Woolworths - 111133",
    "barcode": "9326380000036",
    "shop": "Woolworths",
    "weight": "100G",
    "prices": [
      {
        "state": "TAS",
        "price": "510",
        "price_per_unit": "70",
        "price_unit": "G"
      }
    ]
  },
  {
    "source_url": "https://www.woolworths.com.au/shop/productdetails/111574/sun-valley-12-large-free-range-eggs",
    "name": "Sun Valley 12 Large Free Range Eggs 624g",
    "image_url": "https://cdn1.woolworths.media/content/wowproductimages/large/111574.jpg",
    "source_id": "Woolworths - 111574",
    "barcode": "9326380000043",
    "shop": "Woolworths",
    "weight": "100G",
    "prices": [
      {
        "state": "TAS",
        "price": "660",
        "price_per_unit": "106",
        "price_unit": "G"
      }
    ]
  },
  {
    "source_url": "https://www.woolworths.com.au/shop/productdetails/111128/sun-valley-6-extra-large-caged-eggs",
    "name": "Sun Valley 6 Extra Large Caged Eggs 354g",
    "image_url": "https://cdn1.woolworths.media/content/wowproductimages/large/111128.jpg",
    "source_id": "Woolworths - 111128",
    "barcode": "9326380000098",
    "shop": "Woolworths",
    "weight": "100G",
    "prices": []
  },
  {
    "source_url": "https://www.woolworths.com.au/shop/productdetails/111122/sun-valley-6-medium-free-range-eggs",
    "name": "Sun Valley 6 Medium Free Range Eggs 312g",
    "image_url": "https://cdn1.woolworths.media/content/wowproductimages/large/111122.jpg",
    "source_id": "Woolworths - 111122",
    "barcode": "9326380000081",
    "shop": "Woolworths",
    "weight": "100G",
    "prices": [
      {
        "state": "TAS",
        "price": "370",
        "price_per_unit": "119",
        "price_unit": "G"
      }
    ]
  },
  {
    "source_url": "https://www.woolworths.com.au/shop/productdetails/759141/tassie-devil-12-extra-large-free-range-eggs",
    "name": "Tassie Devil 12 Extra Large Free Range Eggs 700G",
    "image_url": "https://cdn1.woolworths.media/content/wowproductimages/large/759141.jpg",
    "source_id": "Woolworths - 759141",
    "barcode": "9314204019005",
    "shop": "Woolworths",
    "weight": "100G",
    "prices": [
      {
        "state": "TAS",
        "price": "830",
        "price_per_unit": "119",
        "price_unit": "G"
      }
    ]
  },
  {
    "source_url": "https://www.woolworths.com.au/shop/productdetails/72647/tassie-devil-18-large-free-range-eggs",
    "name": "Tassie Devil 18 Large Free Range Eggs 900g",
    "image_url": "https://cdn1.woolworths.media/content/wowproductimages/large/072647.jpg",
    "source_id": "Woolworths - 72647",
    "barcode": "9314204000652",
    "shop": "Woolworths",
    "weight": "100G",
    "prices": []
  },
  {
    "source_url": "https://www.woolworths.com.au/shop/productdetails/630090/tassie-devil-6-extra-large-free-range-eggs",
    "name": "Tassie Devil 6 Extra Large Free Range Eggs 350g",
    "image_url": "https://cdn1.woolworths.media/content/wowproductimages/large/630090.jpg",
    "source_id": "Woolworths - 630090",
    "barcode": "9314204000522",
    "shop": "Woolworths",
    "weight": "100G",
    "prices": [
      {
        "state": "TAS",
        "price": "480",
        "price_per_unit": "137",
        "price_unit": "G"
      }
    ]
  },
  {
    "source_url": "https://www.woolworths.com.au/shop/productdetails/159253/valley-brook-12-extra-large-free-range-eggs",
    "name": "Valley Brook 12 Extra Large Free Range Eggs 700g",
    "image_url": "https://cdn1.woolworths.media/content/wowproductimages/large/159253.jpg",
    "source_id": "Woolworths - 159253",
    "barcode": "9310751002149",
    "shop": "Woolworths",
    "weight": "100G",
    "prices": [
      {
        "state": "TAS",
        "price": "780",
        "price_per_unit": "111",
        "price_unit": "G"
      }
    ]
  },
  {
    "source_url": "https://www.woolworths.com.au/shop/productdetails/230625/valley-brook-12-jumbo-tasmanian-free-range-eggs",
    "name": "Valley Brook 12 Jumbo Tasmanian Free Range Eggs 800g",
    "image_url": "https://cdn1.woolworths.media/content/wowproductimages/large/230625.jpg",
    "source_id": "Woolworths - 230625",
    "barcode": "9314204009952",
    "shop": "Woolworths",
    "weight": "100G",
    "prices": [
      {
        "state": "TAS",
        "price": "830",
        "price_per_unit": "104",
        "price_unit": "G"
      }
    ]
  },
  {
    "source_url": "https://www.woolworths.com.au/shop/productdetails/159265/valley-brook-12-large-free-range-eggs",
    "name": "Valley Brook 12 Large Free Range Eggs 600g",
    "image_url": "https://cdn1.woolworths.media/content/wowproductimages/large/159265.jpg",
    "source_id": "Woolworths - 159265",
    "barcode": "9310751002132",
    "shop": "Woolworths",
    "weight": "100G",
    "prices": [
      {
        "state": "TAS",
        "price": "710",
        "price_per_unit": "118",
        "price_unit": "G"
      }
    ]
  },
  {
    "source_url": "https://www.woolworths.com.au/shop/productdetails/231306/valley-brook-30-large-tasmanian-free-range-eggs",
    "name": "Valley Brook 30 Large Tasmanian Free Range Eggs 1.5kg",
    "image_url": "https://cdn1.woolworths.media/content/wowproductimages/large/231306.jpg",
    "source_id": "Woolworths - 231306",
    "barcode": "9314204009969",
    "shop": "Woolworths",
    "weight": "100G",
    "prices": [
      {
        "state": "TAS",
        "price": "1760",
        "price_per_unit": "117",
        "price_unit": "G"
      }
    ]
  },
  {
    "source_url": "https://www.woolworths.com.au/shop/productdetails/159262/valley-brook-6-extra-large-free-range-eggs",
    "name": "Valley Brook 6 Extra Large Free Range Eggs 350g",
    "image_url": "https://cdn1.woolworths.media/content/wowproductimages/large/159262.jpg",
    "source_id": "Woolworths - 159262",
    "barcode": "9310751002118",
    "shop": "Woolworths",
    "weight": "100G",
    "prices": [
      {
        "state": "TAS",
        "price": "435",
        "price_per_unit": "124",
        "price_unit": "G"
      }
    ]
  },
  {
    "source_url": "https://www.woolworths.com.au/shop/productdetails/582362/woolworths-12-extra-large-free-range-eggs",
    "name": "Woolworths 12 Extra Large Free Range Eggs 700g",
    "image_url": "https://cdn1.woolworths.media/content/wowproductimages/large/582362.jpg",
    "source_id": "Woolworths - 582362",
    "barcode": "9300633637071",
    "shop": "Woolworths",
    "weight": "100G",
    "prices": [
      {
        "state": "TAS",
        "price": "610",
        "price_per_unit": "87",
        "price_unit": "G"
      }
    ]
  },
  {
    "source_url": "https://www.woolworths.com.au/shop/productdetails/582117/woolworths-12-large-free-range-eggs",
    "name": "Woolworths 12 Large Free Range Eggs 600g",
    "image_url": "https://cdn1.woolworths.media/content/wowproductimages/large/582117.jpg",
    "source_id": "Woolworths - 582117",
    "barcode": "9300633637040",
    "shop": "Woolworths",
    "weight": "100G",
    "prices": []
  },
  {
    "source_url": "https://www.woolworths.com.au/shop/productdetails/233997/woolworths-18-free-range-eggs-large",
    "name": "Woolworths 18 Free Range Eggs Large 900g",
    "image_url": "https://cdn1.woolworths.media/content/wowproductimages/large/233997.jpg",
    "source_id": "Woolworths - 233997",
    "barcode": "9339687308330",
    "shop": "Woolworths",
    "weight": "100G",
    "prices": []
  },
  {
    "source_url": "https://www.woolworths.com.au/shop/productdetails/133245/woolworths-free-range-extra-large-eggs",
    "name": "Woolworths Free Range Extra Large Eggs 6 Pack",
    "image_url": "https://cdn1.woolworths.media/content/wowproductimages/large/133245.jpg",
    "source_id": "Woolworths - 133245",
    "barcode": "9339687222193",
    "shop": "Woolworths",
    "weight": "100G",
    "prices": []
  },
  {
    "source_url": "https://www.woolworths.com.au/shop/productdetails/98235/hilltops-12-free-range-eggs",
    "name": "Hilltops 12 Free Range Eggs 600g",
    "image_url": "https://cdn1.woolworths.media/content/wowproductimages/large/098235.jpg",
    "source_id": "Woolworths - 98235",
    "barcode": "9369999073923",
    "shop": "Woolworths",
    "weight": "100G",
    "prices": []
  },
  {
    "source_url": "https://www.woolworths.com.au/shop/productdetails/198572/hilltops-pasture-raised-12-jumbo-free-range-eggs",
    "name": "Hilltops Pasture Raised 12 Jumbo Free Range Eggs 800g",
    "image_url": "https://cdn1.woolworths.media/content/wowproductimages/large/198572.jpg",
    "source_id": "Woolworths - 198572",
    "barcode": "9369999073947",
    "shop": "Woolworths",
    "weight": "100G",
    "prices": [
      {
        "state": "ACT",
        "price": "1495",
        "price_per_unit": "187",
        "price_unit": "G"
      }
    ]
  },
  {
    "source_url": "https://www.woolworths.com.au/shop/productdetails/869029/farmhouse-fresh-12-cage-eggs",
    "name": "Farmhouse Fresh 12 Cage Eggs 700g",
    "image_url": "https://cdn1.woolworths.media/content/wowproductimages/large/869029.jpg",
    "source_id": "Woolworths - 869029",
    "barcode": "9310229800185",
    "shop": "Woolworths",
    "weight": "100G",
    "prices": [
      {
        "state": "NT",
        "price": "530",
        "price_per_unit": "76",
        "price_unit": "G"
      }
    ]
  },
  {
    "source_url": "https://www.woolworths.com.au/shop/productdetails/96929/flanno-s-12-extra-large-free-range-eggs",
    "name": "Flanno's 12 Extra Large Free Range Eggs 800g",
    "image_url": "https://cdn1.woolworths.media/content/wowproductimages/large/096929.jpg",
    "source_id": "Woolworths - 96929",
    "barcode": "9322187000378",
    "shop": "Woolworths",
    "weight": "100G",
    "prices": []
  },
  {
    "source_url": "https://www.woolworths.com.au/shop/productdetails/97005/flanno-s-eggs-free-range-large-eggs-large",
    "name": "Flanno's Eggs Free Range Large Eggs Large 12 Pack",
    "image_url": "https://cdn1.woolworths.media/content/wowproductimages/large/097005.jpg",
    "source_id": "Woolworths - 97005",
    "barcode": "9322187000477",
    "shop": "Woolworths",
    "weight": "100G",
    "prices": [
      {
        "state": "NT",
        "price": "900",
        "price_per_unit": "129",
        "price_unit": "G"
      }
    ]
  },
  {
    "source_url": "https://www.woolworths.com.au/shop/productdetails/166475/flanno-s-eggs-free-range-large-eggs-large",
    "name": "Flanno's Eggs Free Range Large Eggs Large 6 Pack",
    "image_url": "https://cdn1.woolworths.media/content/wowproductimages/large/166475.jpg",
    "source_id": "Woolworths - 166475",
    "barcode": "9322187000514",
    "shop": "Woolworths",
    "weight": "100G",
    "prices": []
  },
  {
    "source_url": "https://www.woolworths.com.au/shop/productdetails/758566/flanno-s-park-cage-free-eggs-cage-free-eggs",
    "name": "Flanno's Park Cage Free Eggs Cage Free Eggs 12 Pack",
    "image_url": "https://cdn1.woolworths.media/content/wowproductimages/large/758566.jpg",
    "source_id": "Woolworths - 758566",
    "barcode": "9322187001023",
    "shop": "Woolworths",
    "weight": "100G",
    "prices": []
  },
  {
    "source_url": "https://www.woolworths.com.au/shop/productdetails/758594/flanno-s-park-cage-free-eggs-eggs",
    "name": "Flanno's Park Cage Free Eggs Eggs 6 Pack",
    "image_url": "https://cdn1.woolworths.media/content/wowproductimages/large/758594.jpg",
    "source_id": "Woolworths - 758594",
    "barcode": "9322187001054",
    "shop": "Woolworths",
    "weight": "100G",
    "prices": [
      {
        "state": "NT",
        "price": "470",
        "price_per_unit": "157",
        "price_unit": "G"
      }
    ]
  },
  {
    "source_url": "https://www.woolworths.com.au/shop/productdetails/96191/fresha-30-medium-caged-eggs",
    "name": "Fresha 30 Medium Caged Eggs 1.5kg",
    "image_url": "https://cdn1.woolworths.media/content/wowproductimages/large/096191.jpg",
    "source_id": "Woolworths - 96191",
    "barcode": "9312756004203",
    "shop": "Woolworths",
    "weight": "100G",
    "prices": []
  },
  {
    "source_url": "https://www.woolworths.com.au/shop/productdetails/96209/fresha-large-caged-eggs",
    "name": "Fresha Large Caged Eggs 750g",
    "image_url": "https://cdn1.woolworths.media/content/wowproductimages/large/096209.jpg",
    "source_id": "Woolworths - 96209",
    "barcode": "9312756004111",
    "shop": "Woolworths",
    "weight": "100G",
    "prices": []
  }
]