[
  {
    "source_url": "https://www.woolworths.com.au/shop/productdetails/222887/arnott-s-jatz-cracker-biscuits-extra-tasty-cheese",
    "name": "Arnott's Jatz Cracker Biscuits & Extra Tasty Cheese 33g",
    "image_url": "https://cdn1.woolworths.media/content/wowproductimages/large/222887.jpg",
    "source_id": "Woolworths - 222887",
    "barcode": "9311594541017",
    "shop": "Woolworths",
    "weight": "1KG",
    "prices": [
      {
        "state": "NSW",
        "price": "340",
        "price_per_unit": "10303",
        "price_unit": "KG"
      },
      {
        "state": "VIC",
        "price": "340",
        "price_per_unit": "10303",
        "price_unit": "KG"
      },
      {
        "state": "QLD",
        "price": "340",
        "price_per_unit": "10303",
        "price_unit": "KG"
      },
      {
        "state": "WA",
        "price": "340",
        "price_per_unit": "10303",
        "price_unit": "KG"
      },
      {
        "state": "SA",
        "price": "340",
        "price_per_unit": "10303",
        "price_unit": "KG"
      },
      {
        "state": "TAS",
        "price": "340",
        "price_per_unit": "10303",
        "price_unit": "KG"
      },
      {
        "state": "ACT",
        "price": "340",
        "price_per_unit": "10303",
        "price_unit": "KG"
      },
      {
        "state": "NT",
        "price": "340",
        "price_per_unit": "10303",
        "price_unit": "KG"
      }
    ]
  },
  {
    "source_url": "https://www.woolworths.com.au/shop/productdetails/222878/arnott-s-jatz-cracker-biscuits-tasty-cheese",
    "name": "Arnott's Jatz Cracker Biscuits & Tasty Cheese 33g",
    "image_url": "https://cdn1.woolworths.media/content/wowproductimages/large/222878.jpg",
    "source_id": "Woolworths - 222878",
    "barcode": "9311594541000",
    "shop": "Woolworths",
    "weight": "1KG",
    "prices": [
      {
        "state": "NSW",
        "price": "340",
        "price_per_unit": "10303",
        "price_unit": "KG"
      },
      {
        "state": "VIC",
        "price": "340",
        "price_per_unit": "10303",
        "price_unit": "KG"
      },
      {
        "state": "QLD",
        "price": "340",
        "price_per_unit": "10303",
        "price_unit": "KG"
      },
      {
        "state": "WA",
        "price": "340",
        "price_per_unit": "10303",
        "price_unit": "KG"
      },
      {
        "state": "SA",
        "price": "340",
        "price_per_unit": "10303",
        "price_unit": "KG"
      },
      {
        "state": "TAS",
        "price": "340",
        "price_per_unit": "10303",
        "price_unit": "KG"
      },
      {
        "state": "ACT",
        "price": "340",
        "price_per_unit": "10303",
        "price_unit": "KG"
      },
      {
        "state": "NT",
        "price": "340",
        "price_per_unit": "10303",
        "price_unit": "KG"
      }
    ]
  },
  {
    "source_url": "https://www.woolworths.com.au/shop/productdetails/370480/babybel-cheese-portions",
    "name": "Babybel Cheese Portions 200g",
    "image_url": "https://cdn1.woolworths.media/content/wowproductimages/large/370480.jpg",
    "source_id": "Woolworths - 370480",
    "barcode": "3073780968515",
    "shop": "Woolworths",
    "weight": "1KG",
    "prices": [
      {
        "state": "NSW",
        "price": "1120",
        "price_per_unit": "5600",
        "price_unit": "KG"
      },
      {
        "state": "QLD",
        "price": "1120",
        "price_per_unit": "5600",
        "price_unit": "KG"
      },
      {
        "state": "WA",
        "price": "1120",
        "price_per_unit": "5600",
        "price_unit": "KG"
      },
      {
        "state": "SA",
        "price": "1120",
        "price_per_unit": "5600",
        "price_unit": "KG"
      },
      {
        "state": "TAS",
        "price": "1120",
        "price_per_unit": "5600",
        "price_unit": "KG"
      },
      {
        "state": "ACT",
        "price": "1120",
        "price_per_unit": "5600",
        "price_unit": "KG"
      },
      {
        "state": "NT",
        "price": "1120",
        "price_per_unit": "5600",
        "price_unit": "KG"
      }
    ]
  },
  {
    "source_url": "https://www.woolworths.com.au/shop/productdetails/295443/babybel-mini-cheese-portions",
    "name": "Babybel Mini Cheese Portions 100g",
    "image_url": "https://cdn1.woolworths.media/content/wowproductimages/large/295443.jpg",
    "source_id": "Woolworths - 295443",
    "barcode": "3073780968508",
    "shop": "Woolworths",
    "weight": "1KG",
    "prices": [
      {
        "state": "NSW",
        "price": "625",
        "price_per_unit": "6250",
        "price_unit": "KG"
      },
      {
        "state": "QLD",
        "price": "625",
        "price_per_unit": "6250",
        "price_unit": "KG"
      },
      {
        "state": "WA",
        "price": "625",
        "price_per_unit": "6250",
        "price_unit": "KG"
      },
      {
        "state": "SA",
        "price": "625",
        "price_per_unit": "6250",
        "price_unit": "KG"
      },
      {
        "state": "TAS",
        "price": "625",
        "price_per_unit": "6250",
        "price_unit": "KG"
      },
      {
        "state": "ACT",
        "price": "625",
        "price_per_unit": "6250",
        "price_unit": "KG"
      },
      {
        "state": "NT",
        "price": "675",
        "price_per_unit": "6750",
        "price_unit": "KG"
      }
    ]
  },
  {
    "source_url": "https://www.woolworths.com.au/shop/productdetails/346623/bega-cheese-snack-stringers-cheddar-cheese",
    "name": "Bega Cheese Snack Stringers Cheddar 160g",
    "image_url": "https://cdn1.woolworths.media/content/wowproductimages/large/346623.jpg",
    "source_id": "Woolworths - 346623",
    "barcode": "9310264912126",
    "shop": "Woolworths",
    "weight": "1KG",
    "prices": [
      {
        "state": "NSW",
        "price": "700",
        "price_per_unit": "4375",
        "price_unit": "KG"
      },
      {
        "state": "QLD",
        "price": "700",
        "price_per_unit": "4375",
        "price_unit": "KG"
      },
      {
        "state": "WA",
        "price": "700",
        "price_per_unit": "4375",
        "price_unit": "KG"
      },
      {
        "state": "SA",
        "price": "700",
        "price_per_unit": "4375",
        "price_unit": "KG"
      },
      {
        "state": "TAS",
        "price": "700",
        "price_per_unit": "4375",
        "price_unit": "KG"
      },
      {
        "state": "ACT",
        "price": "700",
        "price_per_unit": "4375",
        "price_unit": "KG"
      },
      {
        "state": "NT",
        "price": "700",
        "price_per_unit": "4375",
        "price_unit": "KG"
      }
    ]
  },
  {
    "source_url": "https://www.woolworths.com.au/shop/productdetails/28991/bega-cheese-snack-stringers-cheese-cheese",
    "name": "Bega Cheese Snack Stringers Cheese 160g",
    "image_url": "https://cdn1.woolworths.media/content/wowproductimages/large/028991.jpg",
    "source_id": "Woolworths - 28991",
    "barcode": "9310264910009",
    "shop": "Woolworths",
    "weight": "1KG",
    "prices": [
      {
        "state": "NSW",
        "price": "700",
        "price_per_unit": "4375",
        "price_unit": "KG"
      },
      {
        "state": "QLD",
        "price": "700",
        "price_per_unit": "4375",
        "price_unit": "KG"
      },
      {
        "state": "WA",
        "price": "700",
        "price_per_unit": "4375",
        "price_unit": "KG"
      },
      {
        "state": "SA",
        "price": "700",
        "price_per_unit": "4375",
        "price_unit": "KG"
      },
      {
        "state": "TAS",
        "price": "700",
        "price_per_unit": "4375",
        "price_unit": "KG"
      },
      {
        "state": "ACT",
        "price": "700",
        "price_per_unit": "4375",
        "price_unit": "KG"
      },
      {
        "state": "NT",
        "price": "700",
        "price_per_unit": "4375",
        "price_unit": "KG"
      }
    ]
  },
  {
    "source_url": "https://www.woolworths.com.au/shop/productdetails/193896/bega-cheese-snack-stringers-lactose-free",
    "name": "Bega Cheese Snack Stringers Lactose Free 160g",
    "image_url": "https://cdn1.woolworths.media/content/wowproductimages/large/193896.jpg",
    "source_id": "Woolworths - 193896",
    "barcode": "9310264111277",
    "shop": "Woolworths",
    "weight": "1KG",
    "prices": [
      {
        "state": "NSW",
        "price": "700",
        "price_per_unit": "4375",
        "price_unit": "KG"
      },
      {
        "state": "QLD",
        "price": "700",
        "price_per_unit": "4375",
        "price_unit": "KG"
      },
      {
        "state": "WA",
        "price": "700",
        "price_per_unit": "4375",
        "price_unit": "KG"
      },
      {
        "state": "SA",
        "price": "700",
        "price_per_unit": "4375",
        "price_unit": "KG"
      },
      {
        "state": "TAS",
        "price": "700",
        "price_per_unit": "4375",
        "price_unit": "KG"
      },
      {
        "state": "ACT",
        "price": "700",
        "price_per_unit": "4375",
        "price_unit": "KG"
      },
      {
        "state": "NT",
        "price": "700",
        "price_per_unit": "4375",
        "price_unit": "KG"
      }
    ]
  },
  {
    "source_url": "https://www.woolworths.com.au/shop/productdetails/769404/dairyworks-colby-cheese-rice-crackers",
    "name": "Dairyworks Colby Cheese & Rice Crackers 4x120g",
    "image_url": "https://cdn1.woolworths.media/content/wowproductimages/large/769404.jpg",
    "source_id": "Woolworths - 769404",
    "barcode": "9421018080609",
    "shop": "Woolworths",
    "weight": "1KG",
    "prices": [
      {
        "state": "NSW",
        "price": "500",
        "price_per_unit": "4167",
        "price_unit": "KG"
      },
      {
        "state": "QLD",
        "price": "500",
        "price_per_unit": "4167",
        "price_unit": "KG"
      },
      {
        "state": "WA",
        "price": "500",
        "price_per_unit": "4167",
        "price_unit": "KG"
      },
      {
        "state": "SA",
        "price": "500",
        "price_per_unit": "4167",
        "price_unit": "KG"
      },
      {
        "state": "TAS",
        "price": "500",
        "price_per_unit": "4167",
        "price_unit": "KG"
      },
      {
        "state": "ACT",
        "price": "500",
        "price_per_unit": "4167",
        "price_unit": "KG"
      },
      {
        "state": "NT",
        "price": "500",
        "price_per_unit": "4167",
        "price_unit": "KG"
      }
    ]
  },
  {
    "source_url": "https://www.woolworths.com.au/shop/productdetails/707139/dairyworks-tasty-cheese-crackers",
    "name": "Dairyworks Tasty Cheese & Crackers 120g",
    "image_url": "https://cdn1.woolworths.media/content/wowproductimages/large/707139.jpg",
    "source_id": "Woolworths - 707139",
    "barcode": "9421018084379",
    "shop": "Woolworths",
    "weight": "1KG",
    "prices": [
      {
        "state": "NSW",
        "price": "450",
        "price_per_unit": "3750",
        "price_unit": "KG"
      },
      {
        "state": "QLD",
        "price": "450",
        "price_per_unit": "3750",
        "price_unit": "KG"
      },
      {
        "state": "WA",
        "price": "450",
        "price_per_unit": "3750",
        "price_unit": "KG"
      },
      {
        "state": "SA",
        "price": "450",
        "price_per_unit": "3750",
        "price_unit": "KG"
      },
      {
        "state": "TAS",
        "price": "450",
        "price_per_unit": "3750",
        "price_unit": "KG"
      },
      {
        "state": "ACT",
        "price": "450",
        "price_per_unit": "3750",
        "price_unit": "KG"
      },
      {
        "state": "NT",
        "price": "450",
        "price_per_unit": "3750",
        "price_unit": "KG"
      }
    ]
  },
  {
    "source_url": "https://www.woolworths.com.au/shop/productdetails/410455/kraft-bluey-mild-cheese-sticks",
    "name": "Kraft Bluey Mild Cheese Sticks 10 Pack",
    "image_url": "https://cdn1.woolworths.media/content/wowproductimages/large/410455.jpg",
    "source_id": "Woolworths - 410455",
    "barcode": "9316389198001",
    "shop": "Woolworths",
    "weight": "1KG",
    "prices": [
      {
        "state": "NSW",
        "price": "900",
        "price_per_unit": "4500",
        "price_unit": "KG"
      },
      {
        "state": "QLD",
        "price": "900",
        "price_per_unit": "4500",
        "price_unit": "KG"
      },
      {
        "state": "WA",
        "price": "900",
        "price_per_unit": "4500",
        "price_unit": "KG"
      },
      {
        "state": "SA",
        "price": "900",
        "price_per_unit": "4500",
        "price_unit": "KG"
      },
      {
        "state": "TAS",
        "price": "900",
        "price_per_unit": "4500",
        "price_unit": "KG"
      },
      {
        "state": "ACT",
        "price": "900",
        "price_per_unit": "4500",
        "price_unit": "KG"
      }
    ]
  },
  {
    "source_url": "https://www.woolworths.com.au/shop/productdetails/420584/kraft-bluey-mild-cheese-sticks",
    "name": "Kraft Bluey Mild Cheese Sticks 5 Pack",
    "image_url": "https://cdn1.woolworths.media/content/wowproductimages/large/420584.jpg",
    "source_id": "Woolworths - 420584",
    "barcode": "9316389197905",
    "shop": "Woolworths",
    "weight": "1KG",
    "prices": [
      {
        "state": "NSW",
        "price": "500",
        "price_per_unit": "5000",
        "price_unit": "KG"
      },
      {
        "state": "QLD",
        "price": "500",
        "price_per_unit": "5000",
        "price_unit": "KG"
      },
      {
        "state": "WA",
        "price": "500",
        "price_per_unit": "5000",
        "price_unit": "KG"
      },
      {
        "state": "SA",
        "price": "500",
        "price_per_unit": "5000",
        "price_unit": "KG"
      },
      {
        "state": "TAS",
        "price": "500",
        "price_per_unit": "5000",
        "price_unit": "KG"
      },
      {
        "state": "ACT",
        "price": "500",
        "price_per_unit": "5000",
        "price_unit": "KG"
      }
    ]
  },
  {
    "source_url": "https://www.woolworths.com.au/shop/productdetails/346546/laughing-cow-cheese-light",
    "name": "Laughing Cow Cheese Light 128g",
    "image_url": "https://cdn1.woolworths.media/content/wowproductimages/large/346546.jpg",
    "source_id": "Woolworths - 346546",
    "barcode": "3073781003338",
    "shop": "Woolworths",
    "weight": "1KG",
    "prices": [
      {
        "state": "NSW",
        "price": "400",
        "price_per_unit": "3125",
        "price_unit": "KG"
      },
      {
        "state": "QLD",
        "price": "400",
        "price_per_unit": "3125",
        "price_unit": "KG"
      },
      {
        "state": "WA",
        "price": "400",
        "price_per_unit": "3125",
        "price_unit": "KG"
      },
      {
        "state": "SA",
        "price": "400",
        "price_per_unit": "3125",
        "price_unit": "KG"
      },
      {
        "state": "TAS",
        "price": "400",
        "price_per_unit": "3125",
        "price_unit": "KG"
      },
      {
        "state": "ACT",
        "price": "400",
        "price_per_unit": "3125",
        "price_unit": "KG"
      },
      {
        "state": "NT",
        "price": "400",
        "price_per_unit": "3125",
        "price_unit": "KG"
      }
    ]
  },
  {
    "source_url": "https://www.woolworths.com.au/shop/productdetails/236626/laughing-cow-cheese-original-wedges",
    "name": "Laughing Cow Cheese Original Wedges 128g",
    "image_url": "https://cdn1.woolworths.media/content/wowproductimages/large/236626.jpg",
    "source_id": "Woolworths - 236626",
    "barcode": "3073781180237",
    "shop": "Woolworths",
    "weight": "1KG",
    "prices": [
      {
        "state": "NSW",
        "price": "400",
        "price_per_unit": "3125",
        "price_unit": "KG"
      },
      {
        "state": "QLD",
        "price": "400",
        "price_per_unit": "3125",
        "price_unit": "KG"
      },
      {
        "state": "WA",
        "price": "400",
        "price_per_unit": "3125",
        "price_unit": "KG"
      },
      {
        "state": "SA",
        "price": "400",
        "price_per_unit": "3125",
        "price_unit": "KG"
      },
      {
        "state": "TAS",
        "price": "400",
        "price_per_unit": "3125",
        "price_unit": "KG"
      },
      {
        "state": "ACT",
        "price": "400",
        "price_per_unit": "3125",
        "price_unit": "KG"
      },
      {
        "state": "NT",
        "price": "400",
        "price_per_unit": "3125",
        "price_unit": "KG"
      }
    ]
  },
  {
    "source_url": "https://www.woolworths.com.au/shop/productdetails/236831/laughing-cow-cheese-original-wedges",
    "name": "Laughing Cow Cheese Original Wedges 256g",
    "image_url": "https://cdn1.woolworths.media/content/wowproductimages/large/236831.jpg",
    "source_id": "Woolworths - 236831",
    "barcode": "3073781180251",
    "shop": "Woolworths",
    "weight": "1KG",
    "prices": [
      {
        "state": "NSW",
        "price": "850",
        "price_per_unit": "3320",
        "price_unit": "KG"
      },
      {
        "state": "QLD",
        "price": "850",
        "price_per_unit": "3320",
        "price_unit": "KG"
      },
      {
        "state": "WA",
        "price": "850",
        "price_per_unit": "3320",
        "price_unit": "KG"
      },
      {
        "state": "SA",
        "price": "850",
        "price_per_unit": "3320",
        "price_unit": "KG"
      },
      {
        "state": "ACT",
        "price": "850",
        "price_per_unit": "3320",
        "price_unit": "KG"
      },
      {
        "state": "NT",
        "price": "850",
        "price_per_unit": "3320",
        "price_unit": "KG"
      }
    ]
  },
  {
    "source_url": "https://www.woolworths.com.au/shop/productdetails/176903/mainland-cheese-snack-with-crackers-caramelised-onion-lavosh",
    "name": "Mainland Cheese Snack with Crackers Caramelised Onion Lavosh 36g",
    "image_url": "https://cdn1.woolworths.media/content/wowproductimages/large/176903.jpg",
    "source_id": "Woolworths - 176903",
    "barcode": "9310053106699",
    "shop": "Woolworths",
    "weight": "1KG",
    "prices": [
      {
        "state": "NSW",
        "price": "200",
        "price_per_unit": "5556",
        "price_unit": "KG"
      },
      {
        "state": "VIC",
        "price": "200",
        "price_per_unit": "5556",
        "price_unit": "KG"
      },
      {
        "state": "QLD",
        "price": "200",
        "price_per_unit": "5556",
        "price_unit": "KG"
      },
      {
        "state": "WA",
        "price": "200",
        "price_per_unit": "5556",
        "price_unit": "KG"
      },
      {
        "state": "SA",
        "price": "200",
        "price_per_unit": "5556",
        "price_unit": "KG"
      },
      {
        "state": "TAS",
        "price": "200",
        "price_per_unit": "5556",
        "price_unit": "KG"
      },
      {
        "state": "ACT",
        "price": "200",
        "price_per_unit": "5556",
        "price_unit": "KG"
      },
      {
        "state": "NT",
        "price": "200",
        "price_per_unit": "5556",
        "price_unit": "KG"
      }
    ]
  },
  {
    "source_url": "https://www.woolworths.com.au/shop/productdetails/67242/mainland-cheese-snack-with-crackers-cranberry-and-sunflower-seed",
    "name": "Mainland Cheese Snack with Crackers Cranberry and Sunflower Seed 38g",
    "image_url": "https://cdn1.woolworths.media/content/wowproductimages/large/067242.jpg",
    "source_id": "Woolworths - 67242",
    "barcode": "9310053105753",
    "shop": "Woolworths",
    "weight": "1KG",
    "prices": [
      {
        "state": "NSW",
        "price": "300",
        "price_per_unit": "7895",
        "price_unit": "KG"
      },
      {
        "state": "VIC",
        "price": "300",
        "price_per_unit": "7895",
        "price_unit": "KG"
      },
      {
        "state": "QLD",
        "price": "300",
        "price_per_unit": "7895",
        "price_unit": "KG"
      },
      {
        "state": "WA",
        "price": "300",
        "price_per_unit": "7895",
        "price_unit": "KG"
      },
      {
        "state": "SA",
        "price": "300",
        "price_per_unit": "7895",
        "price_unit": "KG"
      },
      {
        "state": "TAS",
        "price": "300",
        "price_per_unit": "7895",
        "price_unit": "KG"
      },
      {
        "state": "ACT",
        "price": "300",
        "price_per_unit": "7895",
        "price_unit": "KG"
      },
      {
        "state": "NT",
        "price": "300",
        "price_per_unit": "7895",
        "price_unit": "KG"
      }
    ]
  },
  {
    "source_url": "https://www.woolworths.com.au/shop/productdetails/67142/mainland-cheese-snack-with-crackers-date-and-apricot-extra-tasty",
    "name": "Mainland Cheese Snack with Crackers Date and Apricot, Extra Tasty 38g",
    "image_url": "https://cdn1.woolworths.media/content/wowproductimages/large/067142.jpg",
    "source_id": "Woolworths - 67142",
    "barcode": "9310053105760",
    "shop": "Woolworths",
    "weight": "1KG",
    "prices": [
      {
        "state": "NSW",
        "price": "300",
        "price_per_unit": "7895",
        "price_unit": "KG"
      },
      {
        "state": "VIC",
        "price": "300",
        "price_per_unit": "7895",
        "price_unit": "KG"
      },
      {
        "state": "QLD",
        "price": "300",
        "price_per_unit": "7895",
        "price_unit": "KG"
      },
      {
        "state": "WA",
        "price": "300",
        "price_per_unit": "7895",
        "price_unit": "KG"
      },
      {
        "state": "SA",
        "price": "300",
        "price_per_unit": "7895",
        "price_unit": "KG"
      },
      {
        "state": "TAS",
        "price": "300",
        "price_per_unit": "7895",
        "price_unit": "KG"
      },
      {
        "state": "ACT",
        "price": "300",
        "price_per_unit": "7895",
        "price_unit": "KG"
      },
      {
        "state": "NT",
        "price": "300",
        "price_per_unit": "7895",
        "price_unit": "KG"
      }
    ]
  },
  {
    "source_url": "https://www.woolworths.com.au/shop/productdetails/224796/mainland-cheese-snack-with-crackers-extra-tasty-special-res-cheese",
    "name": "Mainland Cheese Snack with Crackers Extra Tasty Special Res Cheese 50g",
    "image_url": "https://cdn1.woolworths.media/content/wowproductimages/large/224796.jpg",
    "source_id": "Woolworths - 224796",
    "barcode": "9310052310394",
    "shop": "Woolworths",
    "weight": "1KG",
    "prices": [
      {
        "state": "NSW",
        "price": "300",
        "price_per_unit": "6000",
        "price_unit": "KG"
      },
      {
        "state": "VIC",
        "price": "300",
        "price_per_unit": "6000",
        "price_unit": "KG"
      },
      {
        "state": "QLD",
        "price": "300",
        "price_per_unit": "6000",
        "price_unit": "KG"
      },
      {
        "state": "WA",
        "price": "300",
        "price_per_unit": "6000",
        "price_unit": "KG"
      },
      {
        "state": "SA",
        "price": "300",
        "price_per_unit": "6000",
        "price_unit": "KG"
      },
      {
        "state": "TAS",
        "price": "300",
        "price_per_unit": "6000",
        "price_unit": "KG"
      },
      {
        "state": "ACT",
        "price": "300",
        "price_per_unit": "6000",
        "price_unit": "KG"
      },
      {
        "state": "NT",
        "price": "300",
        "price_per_unit": "6000",
        "price_unit": "KG"
      }
    ]
  },
  {
    "source_url": "https://www.woolworths.com.au/shop/productdetails/224795/mainland-cheese-snack-with-crackers-tasty-cheese",
    "name": "Mainland Cheese Snack with Crackers Tasty Cheese 50g",
    "image_url": "https://cdn1.woolworths.media/content/wowproductimages/large/224795.jpg",
    "source_id": "Woolworths - 224795",
    "barcode": "9310052310387",
    "shop": "Woolworths",
    "weight": "1KG",
    "prices": [
      {
        "state": "NSW",
        "price": "300",
        "price_per_unit": "6000",
        "price_unit": "KG"
      },
      {
        "state": "VIC",
        "price": "300",
        "price_per_unit": "6000",
        "price_unit": "KG"
      },
      {
        "state": "QLD",
        "price": "300",
        "price_per_unit": "6000",
        "price_unit": "KG"
      },
      {
        "state": "WA",
        "price": "300",
        "price_per_unit": "6000",
        "price_unit": "KG"
      },
      {
        "state": "SA",
        "price": "300",
        "price_per_unit": "6000",
        "price_unit": "KG"
      },
      {
        "state": "ACT",
        "price": "300",
        "price_per_unit": "6000",
        "price_unit": "KG"
      },
      {
        "state": "NT",
        "price": "300",
        "price_per_unit": "6000",
        "price_unit": "KG"
      }
    ]
  },
  {
    "source_url": "https://www.woolworths.com.au/shop/productdetails/23757/mainland-cheese-snack-with-crackers-with-balsamic-beetroot",
    "name": "Mainland Cheese Snack with Crackers With Balsamic Beetroot 110g",
    "image_url": "https://cdn1.woolworths.media/content/wowproductimages/large/023757.jpg",
    "source_id": "Woolworths - 23757",
    "barcode": "9310053105494",
    "shop": "Woolworths",
    "weight": "1KG",
    "prices": [
      {
        "state": "NSW",
        "price": "550",
        "price_per_unit": "5000",
        "price_unit": "KG"
      },
      {
        "state": "VIC",
        "price": "550",
        "price_per_unit": "5000",
        "price_unit": "KG"
      },
      {
        "state": "QLD",
        "price": "550",
        "price_per_unit": "5000",
        "price_unit": "KG"
      },
      {
        "state": "WA",
        "price": "550",
        "price_per_unit": "5000",
        "price_unit": "KG"
      },
      {
        "state": "SA",
        "price": "550",
        "price_per_unit": "5000",
        "price_unit": "KG"
      },
      {
        "state": "TAS",
        "price": "550",
        "price_per_unit": "5000",
        "price_unit": "KG"
      },
      {
        "state": "ACT",
        "price": "550",
        "price_per_unit": "5000",
        "price_unit": "KG"
      },
      {
        "state": "NT",
        "price": "550",
        "price_per_unit": "5000",
        "price_unit": "KG"
      }
    ]
  },
  {
    "source_url": "https://www.woolworths.com.au/shop/productdetails/549579/mainland-cheese-snack-with-crackers-with-caramelised-onion",
    "name": "Mainland Cheese Snack with Crackers With Caramelised Onion 110g",
    "image_url": "https://cdn1.woolworths.media/content/wowproductimages/large/549579.jpg",
    "source_id": "Woolworths - 549579",
    "barcode": "9310053104251",
    "shop": "Woolworths",
    "weight": "1KG",
    "prices": [
      {
        "state": "NSW",
        "price": "550",
        "price_per_unit": "5000",
        "price_unit": "KG"
      },
      {
        "state": "VIC",
        "price": "550",
        "price_per_unit": "5000",
        "price_unit": "KG"
      },
      {
        "state": "QLD",
        "price": "550",
        "price_per_unit": "5000",
        "price_unit": "KG"
      },
      {
        "state": "WA",
        "price": "550",
        "price_per_unit": "5000",
        "price_unit": "KG"
      },
      {
        "state": "SA",
        "price": "550",
        "price_per_unit": "5000",
        "price_unit": "KG"
      },
      {
        "state": "TAS",
        "price": "550",
        "price_per_unit": "5000",
        "price_unit": "KG"
      },
      {
        "state": "ACT",
        "price": "550",
        "price_per_unit": "5000",
        "price_unit": "KG"
      },
      {
        "state": "NT",
        "price": "550",
        "price_per_unit": "5000",
        "price_unit": "KG"
      }
    ]
  },
  {
    "source_url": "https://www.woolworths.com.au/shop/productdetails/324521/mainland-cracker-cuts-tasty-cheese-snacks",
    "name": "Mainland Cracker Cuts Tasty Cheese Snacks 120g",
    "image_url": "https://cdn1.woolworths.media/content/wowproductimages/large/324521.jpg",
    "source_id": "Woolworths - 324521",
    "barcode": "9310052322069",
    "shop": "Woolworths",
    "weight": "1KG",
    "prices": [
      {
        "state": "NSW",
        "price": "600",
        "price_per_unit": "5000",
        "price_unit": "KG"
      },
      {
        "state": "VIC",
        "price": "600",
        "price_per_unit": "5000",
        "price_unit": "KG"
      },
      {
        "state": "QLD",
        "price": "600",
        "price_per_unit": "5000",
        "price_unit": "KG"
      },
      {
        "state": "WA",
        "price": "600",
        "price_per_unit": "5000",
        "price_unit": "KG"
      },
      {
        "state": "SA",
        "price": "600",
        "price_per_unit": "5000",
        "price_unit": "KG"
      },
      {
        "state": "TAS",
        "price": "600",
        "price_per_unit": "5000",
        "price_unit": "KG"
      },
      {
        "state": "ACT",
        "price": "600",
        "price_per_unit": "5000",
        "price_unit": "KG"
      },
      {
        "state": "NT",
        "price": "600",
        "price_per_unit": "5000",
        "price_unit": "KG"
      }
    ]
  },
  {
    "source_url": "https://www.woolworths.com.au/shop/productdetails/253846/mainland-on-the-go-tasty-cheese-and-cracker-snacks",
    "name": "Mainland On The Go Tasty Cheese And Cracker Snacks 4 pack",
    "image_url": "https://cdn1.woolworths.media/content/wowproductimages/large/253846.jpg",
    "source_id": "Woolworths - 253846",
    "barcode": "9310052321369",
    "shop": "Woolworths",
    "weight": "1KG",
    "prices": [
      {
        "state": "NSW",
        "price": "630",
        "price_per_unit": "5250",
        "price_unit": "KG"
      },
      {
        "state": "VIC",
        "price": "630",
        "price_per_unit": "5250",
        "price_unit": "KG"
      },
      {
        "state": "QLD",
        "price": "630",
        "price_per_unit": "5250",
        "price_unit": "KG"
      },
      {
        "state": "WA",
        "price": "630",
        "price_per_unit": "5250",
        "price_unit": "KG"
      },
      {
        "state": "SA",
        "price": "630",
        "price_per_unit": "5250",
        "price_unit": "KG"
      },
      {
        "state": "TAS",
        "price": "630",
        "price_per_unit": "5250",
        "price_unit": "KG"
      },
      {
        "state": "ACT",
        "price": "630",
        "price_per_unit": "5250",
        "price_unit": "KG"
      },
      {
        "state": "NT",
        "price": "630",
        "price_per_unit": "5250",
        "price_unit": "KG"
      }
    ]
  },
  {
    "source_url": "https://www.woolworths.com.au/shop/productdetails/96938/primo-stackers-chicken-cheese-crackers",
    "name": "Primo Stackers Chicken Cheese & Crackers 45g",
    "image_url": "https://cdn1.woolworths.media/content/wowproductimages/large/096938.jpg",
    "source_id": "Woolworths - 96938",
    "barcode": "9311594019844",
    "shop": "Woolworths",
    "weight": "1KG",
    "prices": [
      {
        "state": "NSW",
        "price": "450",
        "price_per_unit": "10000",
        "price_unit": "KG"
      },
      {
        "state": "VIC",
        "price": "450",
        "price_per_unit": "10000",
        "price_unit": "KG"
      },
      {
        "state": "QLD",
        "price": "450",
        "price_per_unit": "10000",
        "price_unit": "KG"
      },
      {
        "state": "WA",
        "price": "450",
        "price_per_unit": "10000",
        "price_unit": "KG"
      },
      {
        "state": "SA",
        "price": "450",
        "price_per_unit": "10000",
        "price_unit": "KG"
      },
      {
        "state": "TAS",
        "price": "450",
        "price_per_unit": "10000",
        "price_unit": "KG"
      },
      {
        "state": "ACT",
        "price": "450",
        "price_per_unit": "10000",
        "price_unit": "KG"
      },
      {
        "state": "NT",
        "price": "450",
        "price_per_unit": "10000",
        "price_unit": "KG"
      }
    ]
  },
  {
    "source_url": "https://www.woolworths.com.au/shop/productdetails/65887/primo-stackers-leg-ham-cheese-crackers",
    "name": "Primo Stackers Leg Ham Cheese & Crackers 50g",
    "image_url": "https://cdn1.woolworths.media/content/wowproductimages/large/065887.jpg",
    "source_id": "Woolworths - 65887",
    "barcode": "9311594019820",
    "shop": "Woolworths",
    "weight": "1KG",
    "prices": [
      {
        "state": "NSW",
        "price": "450",
        "price_per_unit": "9000",
        "price_unit": "KG"
      },
      {
        "state": "VIC",
        "price": "450",
        "price_per_unit": "9000",
        "price_unit": "KG"
      },
      {
        "state": "QLD",
        "price": "450",
        "price_per_unit": "9000",
        "price_unit": "KG"
      },
      {
        "state": "WA",
        "price": "450",
        "price_per_unit": "9000",
        "price_unit": "KG"
      },
      {
        "state": "SA",
        "price": "450",
        "price_per_unit": "9000",
        "price_unit": "KG"
      },
      {
        "state": "TAS",
        "price": "450",
        "price_per_unit": "9000",
        "price_unit": "KG"
      },
      {
        "state": "ACT",
        "price": "450",
        "price_per_unit": "9000",
        "price_unit": "KG"
      },
      {
        "state": "NT",
        "price": "450",
        "price_per_unit": "9000",
        "price_unit": "KG"
      }
    ]
  },
  {
    "source_url": "https://www.woolworths.com.au/shop/productdetails/193729/primo-stackers-mild-salami-cheddar-cheese-crackers",
    "name": "Primo Stackers Mild Salami Cheddar Cheese & Crackers 3 Pack",
    "image_url": "https://cdn1.woolworths.media/content/wowproductimages/large/193729.jpg",
    "source_id": "Woolworths - 193729",
    "barcode": "9311594019486",
    "shop": "Woolworths",
    "weight": "1KG",
    "prices": [
      {
        "state": "NSW",
        "price": "1130",
        "price_per_unit": "7533",
        "price_unit": "KG"
      },
      {
        "state": "QLD",
        "price": "1130",
        "price_per_unit": "7533",
        "price_unit": "KG"
      },
      {
        "state": "WA",
        "price": "1130",
        "price_per_unit": "7533",
        "price_unit": "KG"
      },
      {
        "state": "SA",
        "price": "1130",
        "price_per_unit": "7533",
        "price_unit": "KG"
      },
      {
        "state": "TAS",
        "price": "1130",
        "price_per_unit": "7533",
        "price_unit": "KG"
      },
      {
        "state": "ACT",
        "price": "1130",
        "price_per_unit": "7533",
        "price_unit": "KG"
      },
      {
        "state": "NT",
        "price": "1130",
        "price_per_unit": "7533",
        "price_unit": "KG"
      }
    ]
  },
  {
    "source_url": "https://www.woolworths.com.au/shop/productdetails/63584/primo-stackers-mild-salami-cheese-and-crackers",
    "name": "Primo Stackers Mild Salami Cheese And Crackers 50g",
    "image_url": "https://cdn1.woolworths.media/content/wowproductimages/large/063584.jpg",
    "source_id": "Woolworths - 63584",
    "barcode": "9311594019813",
    "shop": "Woolworths",
    "weight": "1KG",
    "prices": [
      {
        "state": "NSW",
        "price": "450",
        "price_per_unit": "9000",
        "price_unit": "KG"
      },
      {
        "state": "VIC",
        "price": "450",
        "price_per_unit": "9000",
        "price_unit": "KG"
      },
      {
        "state": "QLD",
        "price": "450",
        "price_per_unit": "9000",
        "price_unit": "KG"
      },
      {
        "state": "WA",
        "price": "450",
        "price_per_unit": "9000",
        "price_unit": "KG"
      },
      {
        "state": "SA",
        "price": "450",
        "price_per_unit": "9000",
        "price_unit": "KG"
      },
      {
        "state": "TAS",
        "price": "450",
        "price_per_unit": "9000",
        "price_unit": "KG"
      },
      {
        "state": "ACT",
        "price": "450",
        "price_per_unit": "9000",
        "price_unit": "KG"
      },
      {
        "state": "NT",
        "price": "450",
        "price_per_unit": "9000",
        "price_unit": "KG"
      }
    ]
  },
  {
    "source_url": "https://www.woolworths.com.au/shop/productdetails/222777/primo-stackers-pepperoni-cheese-jatz-crackers",
    "name": "Primo Stackers Pepperoni Cheese & Jatz Crackers 57g",
    "image_url": "https://cdn1.woolworths.media/content/wowproductimages/large/222777.jpg",
    "source_id": "Woolworths - 222777",
    "barcode": "9311594020086",
    "shop": "Woolworths",
    "weight": "1KG",
    "prices": [
      {
        "state": "NSW",
        "price": "450",
        "price_per_unit": "7895",
        "price_unit": "KG"
      },
      {
        "state": "VIC",
        "price": "450",
        "price_per_unit": "7895",
        "price_unit": "KG"
      },
      {
        "state": "QLD",
        "price": "450",
        "price_per_unit": "7895",
        "price_unit": "KG"
      },
      {
        "state": "WA",
        "price": "450",
        "price_per_unit": "7895",
        "price_unit": "KG"
      },
      {
        "state": "SA",
        "price": "450",
        "price_per_unit": "7895",
        "price_unit": "KG"
      },
      {
        "state": "TAS",
        "price": "450",
        "price_per_unit": "7895",
        "price_unit": "KG"
      },
      {
        "state": "ACT",
        "price": "450",
        "price_per_unit": "7895",
        "price_unit": "KG"
      }
    ]
  },
  {
    "source_url": "https://www.woolworths.com.au/shop/productdetails/97275/primo-stackers-salami-rice-cheese-crackers",
    "name": "Primo Stackers Salami Rice Cheese & Crackers 45g",
    "image_url": "https://cdn1.woolworths.media/content/wowproductimages/large/097275.jpg",
    "source_id": "Woolworths - 97275",
    "barcode": "9311594019837",
    "shop": "Woolworths",
    "weight": "1KG",
    "prices": [
      {
        "state": "NSW",
        "price": "450",
        "price_per_unit": "10000",
        "price_unit": "KG"
      },
      {
        "state": "VIC",
        "price": "450",
        "price_per_unit": "10000",
        "price_unit": "KG"
      },
      {
        "state": "QLD",
        "price": "450",
        "price_per_unit": "10000",
        "price_unit": "KG"
      },
      {
        "state": "WA",
        "price": "450",
        "price_per_unit": "10000",
        "price_unit": "KG"
      },
      {
        "state": "SA",
        "price": "450",
        "price_per_unit": "10000",
        "price_unit": "KG"
      },
      {
        "state": "TAS",
        "price": "450",
        "price_per_unit": "10000",
        "price_unit": "KG"
      },
      {
        "state": "ACT",
        "price": "450",
        "price_per_unit": "10000",
        "price_unit": "KG"
      },
      {
        "state": "NT",
        "price": "450",
        "price_per_unit": "10000",
        "price_unit": "KG"
      }
    ]
  },
  {
    "source_url": "https://www.woolworths.com.au/shop/productdetails/63927/primo-stackers-spicy-chrizo-cheese-and-crackers",
    "name": "Primo Stackers Spicy Chrizo Cheese And Crackers 50g",
    "image_url": "https://cdn1.woolworths.media/content/wowproductimages/large/063927.jpg",
    "source_id": "Woolworths - 63927",
    "barcode": "9311594019806",
    "shop": "Woolworths",
    "weight": "1KG",
    "prices": [
      {
        "state": "NSW",
        "price": "450",
        "price_per_unit": "9000",
        "price_unit": "KG"
      },
      {
        "state": "VIC",
        "price": "450",
        "price_per_unit": "9000",
        "price_unit": "KG"
      },
      {
        "state": "WA",
        "price": "450",
        "price_per_unit": "9000",
        "price_unit": "KG"
      },
      {
        "state": "SA",
        "price": "450",
        "price_per_unit": "9000",
        "price_unit": "KG"
      },
      {
        "state": "TAS",
        "price": "450",
        "price_per_unit": "9000",
        "price_unit": "KG"
      },
      {
        "state": "ACT",
        "price": "450",
        "price_per_unit": "9000",
        "price_unit": "KG"
      },
      {
        "state": "NT",
        "price": "450",
        "price_per_unit": "9000",
        "price_unit": "KG"
      }
    ]
  },
  {
    "source_url": "https://www.woolworths.com.au/shop/productdetails/225624/primo-trios-cabanossi-cheese-arnott-s-bbq-shapes",
    "name": "Primo Trios Cabanossi Cheese & Arnott's Bbq Shapes 50g",
    "image_url": "https://cdn1.woolworths.media/content/wowproductimages/large/225624.jpg",
    "source_id": "Woolworths - 225624",
    "barcode": "9311594015693",
    "shop": "Woolworths",
    "weight": "1KG",
    "prices": [
      {
        "state": "NSW",
        "price": "450",
        "price_per_unit": "9000",
        "price_unit": "KG"
      },
      {
        "state": "QLD",
        "price": "450",
        "price_per_unit": "9000",
        "price_unit": "KG"
      },
      {
        "state": "WA",
        "price": "450",
        "price_per_unit": "9000",
        "price_unit": "KG"
      },
      {
        "state": "SA",
        "price": "450",
        "price_per_unit": "9000",
        "price_unit": "KG"
      },
      {
        "state": "TAS",
        "price": "450",
        "price_per_unit": "9000",
        "price_unit": "KG"
      },
      {
        "state": "ACT",
        "price": "450",
        "price_per_unit": "9000",
        "price_unit": "KG"
      },
      {
        "state": "NT",
        "price": "450",
        "price_per_unit": "9000",
        "price_unit": "KG"
      }
    ]
  },
  {
    "source_url": "https://www.woolworths.com.au/shop/productdetails/223033/primo-trios-cabanossi-cheese-jatz-crackers",
    "name": "Primo Trios Cabanossi Cheese & Jatz Crackers 50g",
    "image_url": "https://cdn1.woolworths.media/content/wowproductimages/large/223033.jpg",
    "source_id": "Woolworths - 223033",
    "barcode": "9311594015723",
    "shop": "Woolworths",
    "weight": "1KG",
    "prices": [
      {
        "state": "NSW",
        "price": "450",
        "price_per_unit": "9000",
        "price_unit": "KG"
      },
      {
        "state": "VIC",
        "price": "450",
        "price_per_unit": "9000",
        "price_unit": "KG"
      },
      {
        "state": "QLD",
        "price": "450",
        "price_per_unit": "9000",
        "price_unit": "KG"
      },
      {
        "state": "WA",
        "price": "450",
        "price_per_unit": "9000",
        "price_unit": "KG"
      },
      {
        "state": "SA",
        "price": "450",
        "price_per_unit": "9000",
        "price_unit": "KG"
      },
      {
        "state": "TAS",
        "price": "450",
        "price_per_unit": "9000",
        "price_unit": "KG"
      },
      {
        "state": "ACT",
        "price": "450",
        "price_per_unit": "9000",
        "price_unit": "KG"
      }
    ]
  },
  {
    "source_url": "https://www.woolworths.com.au/shop/productdetails/172786/woolworths-australian-tasty-cheese-mild-salami-slices",
    "name": "Woolworths Australian Tasty Cheese & Mild Salami Slices 40g",
    "image_url": "https://cdn1.woolworths.media/content/wowproductimages/large/172786.jpg",
    "source_id": "Woolworths - 172786",
    "barcode": "9339687269174",
    "shop": "Woolworths",
    "weight": "1KG",
    "prices": [
      {
        "state": "NSW",
        "price": "200",
        "price_per_unit": "5000",
        "price_unit": "KG"
      },
      {
        "state": "QLD",
        "price": "200",
        "price_per_unit": "5000",
        "price_unit": "KG"
      },
      {
        "state": "WA",
        "price": "200",
        "price_per_unit": "5000",
        "price_unit": "KG"
      },
      {
        "state": "SA",
        "price": "200",
        "price_per_unit": "5000",
        "price_unit": "KG"
      },
      {
        "state": "TAS",
        "price": "200",
        "price_per_unit": "5000",
        "price_unit": "KG"
      },
      {
        "state": "ACT",
        "price": "200",
        "price_per_unit": "5000",
        "price_unit": "KG"
      },
      {
        "state": "NT",
        "price": "200",
        "price_per_unit": "5000",
        "price_unit": "KG"
      }
    ]
  },
  {
    "source_url": "https://www.woolworths.com.au/shop/productdetails/453301/woolworths-cheese-crackers-light-tasty",
    "name": "Woolworths Cheese & Crackers Light Tasty 50g Each",
    "image_url": "https://cdn1.woolworths.media/content/wowproductimages/large/453301.jpg",
    "source_id": "Woolworths - 453301",
    "barcode": "9300633583644",
    "shop": "Woolworths",
    "weight": "1KG",
    "prices": [
      {
        "state": "NSW",
        "price": "190",
        "price_per_unit": "3800",
        "price_unit": "KG"
      },
      {
        "state": "QLD",
        "price": "190",
        "price_per_unit": "3800",
        "price_unit": "KG"
      },
      {
        "state": "WA",
        "price": "190",
        "price_per_unit": "3800",
        "price_unit": "KG"
      },
      {
        "state": "SA",
        "price": "190",
        "price_per_unit": "3800",
        "price_unit": "KG"
      },
      {
        "state": "TAS",
        "price": "190",
        "price_per_unit": "3800",
        "price_unit": "KG"
      },
      {
        "state": "ACT",
        "price": "190",
        "price_per_unit": "3800",
        "price_unit": "KG"
      },
      {
        "state": "NT",
        "price": "190",
        "price_per_unit": "3800",
        "price_unit": "KG"
      }
    ]
  },
  {
    "source_url": "https://www.woolworths.com.au/shop/productdetails/120673/woolworths-extra-tasty-cheese-crackers",
    "name": "Woolworths Extra Tasty Cheese & Crackers 120g",
    "image_url": "https://cdn1.woolworths.media/content/wowproductimages/large/120673.jpg",
    "source_id": "Woolworths - 120673",
    "barcode": "9339687212385",
    "shop": "Woolworths",
    "weight": "1KG",
    "prices": [
      {
        "state": "NSW",
        "price": "440",
        "price_per_unit": "3667",
        "price_unit": "KG"
      },
      {
        "state": "QLD",
        "price": "440",
        "price_per_unit": "3667",
        "price_unit": "KG"
      },
      {
        "state": "WA",
        "price": "440",
        "price_per_unit": "3667",
        "price_unit": "KG"
      },
      {
        "state": "SA",
        "price": "440",
        "price_per_unit": "3667",
        "price_unit": "KG"
      },
      {
        "state": "TAS",
        "price": "440",
        "price_per_unit": "3667",
        "price_unit": "KG"
      },
      {
        "state": "ACT",
        "price": "440",
        "price_per_unit": "3667",
        "price_unit": "KG"
      },
      {
        "state": "NT",
        "price": "440",
        "price_per_unit": "3667",
        "price_unit": "KG"
      }
    ]
  },
  {
    "source_url": "https://www.woolworths.com.au/shop/productdetails/85681/woolworths-extra-tasty-cheese-garlic-olives-artisan-crackers",
    "name": "Woolworths Extra Tasty Cheese, Garlic Olives & Artisan Crackers 60g",
    "image_url": "https://cdn1.woolworths.media/content/wowproductimages/large/085681.jpg",
    "source_id": "Woolworths - 85681",
    "barcode": "9339687164523",
    "shop": "Woolworths",
    "weight": "1KG",
    "prices": [
      {
        "state": "NSW",
        "price": "300",
        "price_per_unit": "5000",
        "price_unit": "KG"
      },
      {
        "state": "VIC",
        "price": "300",
        "price_per_unit": "5000",
        "price_unit": "KG"
      },
      {
        "state": "QLD",
        "price": "300",
        "price_per_unit": "5000",
        "price_unit": "KG"
      }
    ]
  },
  {
    "source_url": "https://www.woolworths.com.au/shop/productdetails/120672/woolworths-light-tasty-cheese-crackers",
    "name": "Woolworths Light Tasty Cheese & Crackers 120g",
    "image_url": "https://cdn1.woolworths.media/content/wowproductimages/large/120672.jpg",
    "source_id": "Woolworths - 120672",
    "barcode": "9339687212378",
    "shop": "Woolworths",
    "weight": "1KG",
    "prices": [
      {
        "state": "NSW",
        "price": "440",
        "price_per_unit": "3667",
        "price_unit": "KG"
      },
      {
        "state": "QLD",
        "price": "440",
        "price_per_unit": "3667",
        "price_unit": "KG"
      },
      {
        "state": "WA",
        "price": "440",
        "price_per_unit": "3667",
        "price_unit": "KG"
      },
      {
        "state": "SA",
        "price": "440",
        "price_per_unit": "3667",
        "price_unit": "KG"
      },
      {
        "state": "TAS",
        "price": "440",
        "price_per_unit": "3667",
        "price_unit": "KG"
      },
      {
        "state": "ACT",
        "price": "440",
        "price_per_unit": "3667",
        "price_unit": "KG"
      },
      {
        "state": "NT",
        "price": "440",
        "price_per_unit": "3667",
        "price_unit": "KG"
      }
    ]
  },
  {
    "source_url": "https://www.woolworths.com.au/shop/productdetails/453300/woolworths-natural-tasty-cheese-crackers",
    "name": "Woolworths Natural Tasty Cheese & Crackers Each 50g",
    "image_url": "https://cdn1.woolworths.media/content/wowproductimages/large/453300.jpg",
    "source_id": "Woolworths - 453300",
    "barcode": "9300633583637",
    "shop": "Woolworths",
    "weight": "1KG",
    "prices": [
      {
        "state": "NSW",
        "price": "190",
        "price_per_unit": "3800",
        "price_unit": "KG"
      },
      {
        "state": "QLD",
        "price": "190",
        "price_per_unit": "3800",
        "price_unit": "KG"
      },
      {
        "state": "WA",
        "price": "190",
        "price_per_unit": "3800",
        "price_unit": "KG"
      },
      {
        "state": "SA",
        "price": "190",
        "price_per_unit": "3800",
        "price_unit": "KG"
      },
      {
        "state": "TAS",
        "price": "190",
        "price_per_unit": "3800",
        "price_unit": "KG"
      },
      {
        "state": "ACT",
        "price": "190",
        "price_per_unit": "3800",
        "price_unit": "KG"
      },
      {
        "state": "NT",
        "price": "190",
        "price_per_unit": "3800",
        "price_unit": "KG"
      }
    ]
  },
  {
    "source_url": "https://www.woolworths.com.au/shop/productdetails/85680/woolworths-sliced-mild-salami-with-tasty-cheese-garlic-stuffed-olives",
    "name": "Woolworths Sliced Mild Salami With Tasty Cheese, Garlic Stuffed Olives 60g",
    "image_url": "https://cdn1.woolworths.media/content/wowproductimages/large/085680.jpg",
    "source_id": "Woolworths - 85680",
    "barcode": "9339687164516",
    "shop": "Woolworths",
    "weight": "1KG",
    "prices": [
      {
        "state": "VIC",
        "price": "300",
        "price_per_unit": "5000",
        "price_unit": "KG"
      },
      {
        "state": "QLD",
        "price": "300",
        "price_per_unit": "5000",
        "price_unit": "KG"
      },
      {
        "state": "WA",
        "price": "300",
        "price_per_unit": "5000",
        "price_unit": "KG"
      },
      {
        "state": "ACT",
        "price": "300",
        "price_per_unit": "5000",
        "price_unit": "KG"
      }
    ]
  },
  {
    "source_url": "https://www.woolworths.com.au/shop/productdetails/120581/woolworths-tasty-cheese-crackers",
    "name": "Woolworths Tasty Cheese & Crackers 120g",
    "image_url": "https://cdn1.woolworths.media/content/wowproductimages/large/120581.jpg",
    "source_id": "Woolworths - 120581",
    "barcode": "9339687212361",
    "shop": "Woolworths",
    "weight": "1KG",
    "prices": [
      {
        "state": "NSW",
        "price": "440",
        "price_per_unit": "3667",
        "price_unit": "KG"
      },
      {
        "state": "QLD",
        "price": "440",
        "price_per_unit": "3667",
        "price_unit": "KG"
      },
      {
        "state": "WA",
        "price": "440",
        "price_per_unit": "3667",
        "price_unit": "KG"
      },
      {
        "state": "SA",
        "price": "440",
        "price_per_unit": "3667",
        "price_unit": "KG"
      },
      {
        "state": "TAS",
        "price": "440",
        "price_per_unit": "3667",
        "price_unit": "KG"
      },
      {
        "state": "ACT",
        "price": "440",
        "price_per_unit": "3667",
        "price_unit": "KG"
      },
      {
        "state": "NT",
        "price": "440",
        "price_per_unit": "3667",
        "price_unit": "KG"
      }
    ]
  },
  {
    "source_url": "https://www.woolworths.com.au/shop/productdetails/85679/woolworths-tasty-cheese-cubes-mini-pretzels",
    "name": "Woolworths Tasty Cheese Cubes & Mini Pretzels 35g",
    "image_url": "https://cdn1.woolworths.media/content/wowproductimages/large/085679.jpg",
    "source_id": "Woolworths - 85679",
    "barcode": "9339687269624",
    "shop": "Woolworths",
    "weight": "1KG",
    "prices": [
      {
        "state": "NT",
        "price": "230",
        "price_per_unit": "6571",
        "price_unit": "KG"
      }
    ]
  },
  {
    "source_url": "https://www.woolworths.com.au/shop/productdetails/94731/mainland-cheese-snack-with-crackers-with-chilli-jam",
    "name": "Mainland Cheese Snack with Crackers With Chilli Jam 110g",
    "image_url": "https://cdn1.woolworths.media/content/wowproductimages/large/094731.jpg",
    "source_id": "Woolworths - 94731",
    "barcode": "9310053105517",
    "shop": "Woolworths",
    "weight": "1KG",
    "prices": [
      {
        "state": "VIC",
        "price": "450",
        "price_per_unit": "4091",
        "price_unit": "KG"
      },
      {
        "state": "QLD",
        "price": "450",
        "price_per_unit": "4091",
        "price_unit": "KG"
      },
      {
        "state": "WA",
        "price": "450",
        "price_per_unit": "4091",
        "price_unit": "KG"
      },
      {
        "state": "SA",
        "price": "450",
        "price_per_unit": "4091",
        "price_unit": "KG"
      },
      {
        "state": "TAS",
        "price": "450",
        "price_per_unit": "4091",
        "price_unit": "KG"
      },
      {
        "state": "ACT",
        "price": "450",
        "price_per_unit": "4091",
        "price_unit": "KG"
      },
      {
        "state": "NT",
        "price": "450",
        "price_per_unit": "4091",
        "price_unit": "KG"
      }
    ]
  },
  {
    "source_url": "https://www.woolworths.com.au/shop/productdetails/76010/woolworths-cheese-crackers-extra-tasty",
    "name": "Woolworths Cheese & Crackers Extra Tasty 50g",
    "image_url": "https://cdn1.woolworths.media/content/wowproductimages/large/076010.jpg",
    "source_id": "Woolworths - 76010",
    "barcode": "9339687141555",
    "shop": "Woolworths",
    "weight": "1KG",
    "prices": [
      {
        "state": "QLD",
        "price": "190",
        "price_per_unit": "3800",
        "price_unit": "KG"
      },
      {
        "state": "WA",
        "price": "190",
        "price_per_unit": "3800",
        "price_unit": "KG"
      },
      {
        "state": "SA",
        "price": "190",
        "price_per_unit": "3800",
        "price_unit": "KG"
      },
      {
        "state": "TAS",
        "price": "190",
        "price_per_unit": "3800",
        "price_unit": "KG"
      },
      {
        "state": "ACT",
        "price": "190",
        "price_per_unit": "3800",
        "price_unit": "KG"
      },
      {
        "state": "NT",
        "price": "190",
        "price_per_unit": "3800",
        "price_unit": "KG"
      }
    ]
  },
  {
    "source_url": "https://www.woolworths.com.au/shop/productdetails/85692/woolworths-habanero-cheese-slices-with-mild-salami-crackers",
    "name": "Woolworths Habanero Cheese Slices With Mild Salami & Crackers 50g",
    "image_url": "https://cdn1.woolworths.media/content/wowproductimages/large/085692.jpg",
    "source_id": "Woolworths - 85692",
    "barcode": "9339687164530",
    "shop": "Woolworths",
    "weight": "1KG",
    "prices": [
      {
        "state": "VIC",
        "price": "300",
        "price_per_unit": "6000",
        "price_unit": "KG"
      },
      {
        "state": "ACT",
        "price": "300",
        "price_per_unit": "6000",
        "price_unit": "KG"
      }
    ]
  },
  {
    "source_url": "https://www.woolworths.com.au/shop/productdetails/259644/arnott-s-chicken-crimpy-shapes-cracker-biscuits-cheese",
    "name": "Arnott's Chicken Crimpy Shapes Cracker Biscuits & Cheese 32g",
    "image_url": "https://cdn1.woolworths.media/content/wowproductimages/large/259644.jpg",
    "source_id": "Woolworths - 259644",
    "barcode": "9311594541062",
    "shop": "Woolworths",
    "weight": "1KG",
    "prices": [
      {
        "state": "QLD",
        "price": "340",
        "price_per_unit": "10625",
        "price_unit": "KG"
      },
      {
        "state": "WA",
        "price": "340",
        "price_per_unit": "10625",
        "price_unit": "KG"
      },
      {
        "state": "SA",
        "price": "340",
        "price_per_unit": "10625",
        "price_unit": "KG"
      },
      {
        "state": "TAS",
        "price": "340",
        "price_per_unit": "10625",
        "price_unit": "KG"
      },
      {
        "state": "ACT",
        "price": "340",
        "price_per_unit": "10625",
        "price_unit": "KG"
      },
      {
        "state": "NT",
        "price": "340",
        "price_per_unit": "10625",
        "price_unit": "KG"
      }
    ]
  },
  {
    "source_url": "https://www.woolworths.com.au/shop/productdetails/901658/bega-colby-cheese-crackers",
    "name": "Bega Colby Cheese & Crackers 38g",
    "image_url": "https://cdn1.woolworths.media/content/wowproductimages/large/901658.jpg",
    "source_id": "Woolworths - 901658",
    "barcode": "9310053108310",
    "shop": "Woolworths",
    "weight": "1KG",
    "prices": [
      {
        "state": "QLD",
        "price": "300",
        "price_per_unit": "7895",
        "price_unit": "KG"
      },
      {
        "state": "WA",
        "price": "300",
        "price_per_unit": "7895",
        "price_unit": "KG"
      },
      {
        "state": "SA",
        "price": "300",
        "price_per_unit": "7895",
        "price_unit": "KG"
      },
      {
        "state": "TAS",
        "price": "300",
        "price_per_unit": "7895",
        "price_unit": "KG"
      },
      {
        "state": "ACT",
        "price": "300",
        "price_per_unit": "7895",
        "price_unit": "KG"
      },
      {
        "state": "NT",
        "price": "300",
        "price_per_unit": "7895",
        "price_unit": "KG"
      }
    ]
  },
  {
    "source_url": "https://www.woolworths.com.au/shop/productdetails/903635/bega-farmers-tasty-cheese-crackers",
    "name": "Bega Farmers' Tasty Cheese & Crackers 38g",
    "image_url": "https://cdn1.woolworths.media/content/wowproductimages/large/903635.jpg",
    "source_id": "Woolworths - 903635",
    "barcode": "9310053108327",
    "shop": "Woolworths",
    "weight": "1KG",
    "prices": [
      {
        "state": "QLD",
        "price": "300",
        "price_per_unit": "7895",
        "price_unit": "KG"
      },
      {
        "state": "WA",
        "price": "300",
        "price_per_unit": "7895",
        "price_unit": "KG"
      },
      {
        "state": "SA",
        "price": "300",
        "price_per_unit": "7895",
        "price_unit": "KG"
      },
      {
        "state": "TAS",
        "price": "300",
        "price_per_unit": "7895",
        "price_unit": "KG"
      },
      {
        "state": "ACT",
        "price": "300",
        "price_per_unit": "7895",
        "price_unit": "KG"
      },
      {
        "state": "NT",
        "price": "300",
        "price_per_unit": "7895",
        "price_unit": "KG"
      }
    ]
  },
  {
    "source_url": "https://www.woolworths.com.au/shop/productdetails/903584/bega-tasty-cheese-crackers",
    "name": "Bega Tasty Cheese & Crackers 4 Pack",
    "image_url": "https://cdn1.woolworths.media/content/wowproductimages/large/903584.jpg",
    "source_id": "Woolworths - 903584",
    "barcode": "9310053108334",
    "shop": "Woolworths",
    "weight": "1KG",
    "prices": [
      {
        "state": "QLD",
        "price": "700",
        "price_per_unit": "6250",
        "price_unit": "KG"
      },
      {
        "state": "WA",
        "price": "700",
        "price_per_unit": "6250",
        "price_unit": "KG"
      },
      {
        "state": "SA",
        "price": "700",
        "price_per_unit": "6250",
        "price_unit": "KG"
      },
      {
        "state": "TAS",
        "price": "700",
        "price_per_unit": "6250",
        "price_unit": "KG"
      },
      {
        "state": "ACT",
        "price": "700",
        "price_per_unit": "6250",
        "price_unit": "KG"
      },
      {
        "state": "NT",
        "price": "700",
        "price_per_unit": "6250",
        "price_unit": "KG"
      }
    ]
  },
  {
    "source_url": "https://www.woolworths.com.au/shop/productdetails/902976/bega-vintage-cheese-crackers-strong-bitey",
    "name": "Bega Vintage Cheese & Crackers Strong & Bitey 38g",
    "image_url": "https://cdn1.woolworths.media/content/wowproductimages/large/902976.jpg",
    "source_id": "Woolworths - 902976",
    "barcode": "9310053108303",
    "shop": "Woolworths",
    "weight": "1KG",
    "prices": [
      {
        "state": "QLD",
        "price": "300",
        "price_per_unit": "7895",
        "price_unit": "KG"
      },
      {
        "state": "WA",
        "price": "300",
        "price_per_unit": "7895",
        "price_unit": "KG"
      },
      {
        "state": "SA",
        "price": "300",
        "price_per_unit": "7895",
        "price_unit": "KG"
      },
      {
        "state": "TAS",
        "price": "300",
        "price_per_unit": "7895",
        "price_unit": "KG"
      },
      {
        "state": "ACT",
        "price": "300",
        "price_per_unit": "7895",
        "price_unit": "KG"
      },
      {
        "state": "NT",
        "price": "300",
        "price_per_unit": "7895",
        "price_unit": "KG"
      }
    ]
  },
  {
    "source_url": "https://www.woolworths.com.au/shop/productdetails/799093/dairylea-fridge-sticks-cheese",
    "name": "Dairylea Fridge Sticks Cheese 160g",
    "image_url": "https://cdn1.woolworths.media/content/wowproductimages/large/799093.jpg",
    "source_id": "Woolworths - 799093",
    "barcode": "9300650016422",
    "shop": "Woolworths",
    "weight": "1KG",
    "prices": [
      {
        "state": "QLD",
        "price": "500",
        "price_per_unit": "3125",
        "price_unit": "KG"
      },
      {
        "state": "WA",
        "price": "500",
        "price_per_unit": "3125",
        "price_unit": "KG"
      },
      {
        "state": "SA",
        "price": "500",
        "price_per_unit": "3125",
        "price_unit": "KG"
      },
      {
        "state": "TAS",
        "price": "500",
        "price_per_unit": "3125",
        "price_unit": "KG"
      },
      {
        "state": "ACT",
        "price": "500",
        "price_per_unit": "3125",
        "price_unit": "KG"
      },
      {
        "state": "NT",
        "price": "500",
        "price_per_unit": "3125",
        "price_unit": "KG"
      }
    ]
  },
  {
    "source_url": "https://www.woolworths.com.au/shop/productdetails/578498/dairyworks-tasty-cheese-rice-cracker",
    "name": "Dairyworks Tasty Cheese & Rice Cracker 10 Pack",
    "image_url": "https://cdn1.woolworths.media/content/wowproductimages/large/578498.jpg",
    "source_id": "Woolworths - 578498",
    "barcode": "9421018082849",
    "shop": "Woolworths",
    "weight": "1KG",
    "prices": [
      {
        "state": "QLD",
        "price": "1100",
        "price_per_unit": "3667",
        "price_unit": "KG"
      },
      {
        "state": "WA",
        "price": "1100",
        "price_per_unit": "3667",
        "price_unit": "KG"
      },
      {
        "state": "SA",
        "price": "1100",
        "price_per_unit": "3667",
        "price_unit": "KG"
      },
      {
        "state": "TAS",
        "price": "1100",
        "price_per_unit": "3667",
        "price_unit": "KG"
      },
      {
        "state": "ACT",
        "price": "1100",
        "price_per_unit": "3667",
        "price_unit": "KG"
      },
      {
        "state": "NT",
        "price": "1100",
        "price_per_unit": "3667",
        "price_unit": "KG"
      }
    ]
  },
  {
    "source_url": "https://www.woolworths.com.au/shop/productdetails/903703/mainland-extra-tasty-cheddar-cracker-cuts",
    "name": "Mainland Extra Tasty Cheddar Cracker Cuts 120g",
    "image_url": "https://cdn1.woolworths.media/content/wowproductimages/large/903703.jpg",
    "source_id": "Woolworths - 903703",
    "barcode": "9310053108174",
    "shop": "Woolworths",
    "weight": "1KG",
    "prices": [
      {
        "state": "QLD",
        "price": "600",
        "price_per_unit": "5000",
        "price_unit": "KG"
      },
      {
        "state": "WA",
        "price": "600",
        "price_per_unit": "5000",
        "price_unit": "KG"
      },
      {
        "state": "SA",
        "price": "600",
        "price_per_unit": "5000",
        "price_unit": "KG"
      },
      {
        "state": "TAS",
        "price": "600",
        "price_per_unit": "5000",
        "price_unit": "KG"
      },
      {
        "state": "ACT",
        "price": "600",
        "price_per_unit": "5000",
        "price_unit": "KG"
      },
      {
        "state": "NT",
        "price": "600",
        "price_per_unit": "5000",
        "price_unit": "KG"
      }
    ]
  },
  {
    "source_url": "https://www.woolworths.com.au/shop/productdetails/302570/mainland-munchables-tasty-cheese-cracker-snacks",
    "name": "Mainland Munchables Tasty Cheese & Cracker Snacks 4 pack",
    "image_url": "https://cdn1.woolworths.media/content/wowproductimages/large/302570.jpg",
    "source_id": "Woolworths - 302570",
    "barcode": "9310052321994",
    "shop": "Woolworths",
    "weight": "1KG",
    "prices": [
      {
        "state": "QLD",
        "price": "560",
        "price_per_unit": "4667",
        "price_unit": "KG"
      },
      {
        "state": "WA",
        "price": "560",
        "price_per_unit": "4667",
        "price_unit": "KG"
      },
      {
        "state": "TAS",
        "price": "560",
        "price_per_unit": "4667",
        "price_unit": "KG"
      }
    ]
  },
  {
    "source_url": "https://www.woolworths.com.au/shop/productdetails/316673/moondarra-cream-cheese-herb-garlic-snack-pack",
    "name": "Moondarra Cream Cheese Herb & Garlic Snack Pack 50g",
    "image_url": "https://cdn1.woolworths.media/content/wowproductimages/large/316673.jpg",
    "source_id": "Woolworths - 316673",
    "barcode": "9329427005148",
    "shop": "Woolworths",
    "weight": "1KG",
    "prices": [
      {
        "state": "QLD",
        "price": "300",
        "price_per_unit": "6000",
        "price_unit": "KG"
      },
      {
        "state": "WA",
        "price": "300",
        "price_per_unit": "6000",
        "price_unit": "KG"
      },
      {
        "state": "SA",
        "price": "300",
        "price_per_unit": "6000",
        "price_unit": "KG"
      },
      {
        "state": "TAS",
        "price": "300",
        "price_per_unit": "6000",
        "price_unit": "KG"
      },
      {
        "state": "ACT",
        "price": "300",
        "price_per_unit": "6000",
        "price_unit": "KG"
      },
      {
        "state": "NT",
        "price": "300",
        "price_per_unit": "6000",
        "price_unit": "KG"
      }
    ]
  },
  {
    "source_url": "https://www.woolworths.com.au/shop/productdetails/317172/moondarra-cream-cheese-honey-pistachio-snack-pack",
    "name": "Moondarra Cream Cheese Honey & Pistachio Snack Pack 50g",
    "image_url": "https://cdn1.woolworths.media/content/wowproductimages/large/317172.jpg",
    "source_id": "Woolworths - 317172",
    "barcode": "9329427005209",
    "shop": "Woolworths",
    "weight": "1KG",
    "prices": [
      {
        "state": "QLD",
        "price": "300",
        "price_per_unit": "6000",
        "price_unit": "KG"
      },
      {
        "state": "WA",
        "price": "300",
        "price_per_unit": "6000",
        "price_unit": "KG"
      },
      {
        "state": "SA",
        "price": "300",
        "price_per_unit": "6000",
        "price_unit": "KG"
      },
      {
        "state": "TAS",
        "price": "300",
        "price_per_unit": "6000",
        "price_unit": "KG"
      },
      {
        "state": "ACT",
        "price": "300",
        "price_per_unit": "6000",
        "price_unit": "KG"
      },
      {
        "state": "NT",
        "price": "300",
        "price_per_unit": "6000",
        "price_unit": "KG"
      }
    ]
  },
  {
    "source_url": "https://www.woolworths.com.au/shop/productdetails/905052/primo-paw-patrol-cabanossi-rice-crackers-tasty-cheese",
    "name": "Primo Paw Patrol Cabanossi Rice Crackers & Tasty Cheese 38g",
    "image_url": "https://cdn1.woolworths.media/content/wowproductimages/large/905052.jpg",
    "source_id": "Woolworths - 905052",
    "barcode": "9311594014955",
    "shop": "Woolworths",
    "weight": "1KG",
    "prices": [
      {
        "state": "QLD",
        "price": "350",
        "price_per_unit": "9211",
        "price_unit": "KG"
      },
      {
        "state": "WA",
        "price": "350",
        "price_per_unit": "9211",
        "price_unit": "KG"
      },
      {
        "state": "SA",
        "price": "350",
        "price_per_unit": "9211",
        "price_unit": "KG"
      },
      {
        "state": "TAS",
        "price": "350",
        "price_per_unit": "9211",
        "price_unit": "KG"
      },
      {
        "state": "ACT",
        "price": "350",
        "price_per_unit": "9211",
        "price_unit": "KG"
      },
      {
        "state": "NT",
        "price": "350",
        "price_per_unit": "9211",
        "price_unit": "KG"
      }
    ]
  },
  {
    "source_url": "https://www.woolworths.com.au/shop/productdetails/903948/primo-paw-patrol-leg-ham-choc-chip-cookies-tasty-cheese",
    "name": "Primo Paw Patrol Leg Ham Choc Chip Cookies & Tasty Cheese 38g",
    "image_url": "https://cdn1.woolworths.media/content/wowproductimages/large/903948.jpg",
    "source_id": "Woolworths - 903948",
    "barcode": "9311594014931",
    "shop": "Woolworths",
    "weight": "1KG",
    "prices": [
      {
        "state": "QLD",
        "price": "350",
        "price_per_unit": "9211",
        "price_unit": "KG"
      },
      {
        "state": "WA",
        "price": "350",
        "price_per_unit": "9211",
        "price_unit": "KG"
      },
      {
        "state": "SA",
        "price": "350",
        "price_per_unit": "9211",
        "price_unit": "KG"
      },
      {
        "state": "TAS",
        "price": "350",
        "price_per_unit": "9211",
        "price_unit": "KG"
      },
      {
        "state": "ACT",
        "price": "350",
        "price_per_unit": "9211",
        "price_unit": "KG"
      },
      {
        "state": "NT",
        "price": "350",
        "price_per_unit": "9211",
        "price_unit": "KG"
      }
    ]
  },
  {
    "source_url": "https://www.woolworths.com.au/shop/productdetails/903695/primo-reserve-mild-sopressa-gouda-cheese-with-water-crackers",
    "name": "Primo Reserve Mild Sopressa & Gouda Cheese With Water Crackers 45g",
    "image_url": "https://cdn1.woolworths.media/content/wowproductimages/large/903695.jpg",
    "source_id": "Woolworths - 903695",
    "barcode": "9311594014306",
    "shop": "Woolworths",
    "weight": "1KG",
    "prices": [
      {
        "state": "QLD",
        "price": "450",
        "price_per_unit": "10000",
        "price_unit": "KG"
      },
      {
        "state": "WA",
        "price": "450",
        "price_per_unit": "10000",
        "price_unit": "KG"
      },
      {
        "state": "SA",
        "price": "450",
        "price_per_unit": "10000",
        "price_unit": "KG"
      },
      {
        "state": "TAS",
        "price": "450",
        "price_per_unit": "10000",
        "price_unit": "KG"
      },
      {
        "state": "ACT",
        "price": "450",
        "price_per_unit": "10000",
        "price_unit": "KG"
      },
      {
        "state": "NT",
        "price": "450",
        "price_per_unit": "10000",
        "price_unit": "KG"
      }
    ]
  },
  {
    "source_url": "https://www.woolworths.com.au/shop/productdetails/904313/primo-reserve-smoked-ham-gouda-cheese-with-water-crackers",
    "name": "Primo Reserve Smoked Ham & Gouda Cheese With Water Crackers 45g",
    "image_url": "https://cdn1.woolworths.media/content/wowproductimages/large/904313.jpg",
    "source_id": "Woolworths - 904313",
    "barcode": "9311594014313",
    "shop": "Woolworths",
    "weight": "1KG",
    "prices": [
      {
        "state": "QLD",
        "price": "450",
        "price_per_unit": "10000",
        "price_unit": "KG"
      },
      {
        "state": "WA",
        "price": "450",
        "price_per_unit": "10000",
        "price_unit": "KG"
      },
      {
        "state": "SA",
        "price": "450",
        "price_per_unit": "10000",
        "price_unit": "KG"
      },
      {
        "state": "TAS",
        "price": "450",
        "price_per_unit": "10000",
        "price_unit": "KG"
      },
      {
        "state": "ACT",
        "price": "450",
        "price_per_unit": "10000",
        "price_unit": "KG"
      },
      {
        "state": "NT",
        "price": "450",
        "price_per_unit": "10000",
        "price_unit": "KG"
      }
    ]
  },
  {
    "source_url": "https://www.woolworths.com.au/shop/productdetails/415979/primo-trios-cabanossi-tasty-cheese-sour-cream-chives-crackers",
    "name": "Primo Trios Cabanossi Tasty Cheese Sour Cream & Chives Crackers 50g",
    "image_url": "https://cdn1.woolworths.media/content/wowproductimages/large/415979.jpg",
    "source_id": "Woolworths - 415979",
    "barcode": "9311594015334",
    "shop": "Woolworths",
    "weight": "1KG",
    "prices": [
      {
        "state": "QLD",
        "price": "450",
        "price_per_unit": "9000",
        "price_unit": "KG"
      },
      {
        "state": "WA",
        "price": "450",
        "price_per_unit": "9000",
        "price_unit": "KG"
      },
      {
        "state": "SA",
        "price": "450",
        "price_per_unit": "9000",
        "price_unit": "KG"
      },
      {
        "state": "TAS",
        "price": "450",
        "price_per_unit": "9000",
        "price_unit": "KG"
      },
      {
        "state": "ACT",
        "price": "450",
        "price_per_unit": "9000",
        "price_unit": "KG"
      }
    ]
  },
  {
    "source_url": "https://www.woolworths.com.au/shop/productdetails/416228/primo-trios-ham-tasty-cheese-with-cheddar-cheese-crackers",
    "name": "Primo Trios Ham & Tasty Cheese With Cheddar Cheese Crackers 50g",
    "image_url": "https://cdn1.woolworths.media/content/wowproductimages/large/416228.jpg",
    "source_id": "Woolworths - 416228",
    "barcode": "9311594015327",
    "shop": "Woolworths",
    "weight": "1KG",
    "prices": [
      {
        "state": "QLD",
        "price": "450",
        "price_per_unit": "9000",
        "price_unit": "KG"
      },
      {
        "state": "WA",
        "price": "450",
        "price_per_unit": "9000",
        "price_unit": "KG"
      },
      {
        "state": "SA",
        "price": "450",
        "price_per_unit": "9000",
        "price_unit": "KG"
      },
      {
        "state": "TAS",
        "price": "450",
        "price_per_unit": "9000",
        "price_unit": "KG"
      },
      {
        "state": "ACT",
        "price": "450",
        "price_per_unit": "9000",
        "price_unit": "KG"
      }
    ]
  },
  {
    "source_url": "https://www.woolworths.com.au/shop/productdetails/431194/primo-trios-minions-ham-cheese-banana-chips",
    "name": "Primo Trios Minions Ham Cheese & Banana Chips 47g",
    "image_url": "https://cdn1.woolworths.media/content/wowproductimages/large/431194.jpg",
    "source_id": "Woolworths - 431194",
    "barcode": "9311594015341",
    "shop": "Woolworths",
    "weight": "1KG",
    "prices": [
      {
        "state": "QLD",
        "price": "300",
        "price_per_unit": "6383",
        "price_unit": "KG"
      },
      {
        "state": "SA",
        "price": "300",
        "price_per_unit": "6383",
        "price_unit": "KG"
      },
      {
        "state": "ACT",
        "price": "300",
        "price_per_unit": "6383",
        "price_unit": "KG"
      }
    ]
  },
  {
    "source_url": "https://www.woolworths.com.au/shop/productdetails/429971/primo-trios-minions-twiggy-cheese-rice-cracker",
    "name": "Primo Trios Minions Twiggy Cheese & Rice Cracker 47g",
    "image_url": "https://cdn1.woolworths.media/content/wowproductimages/large/429971.jpg",
    "source_id": "Woolworths - 429971",
    "barcode": "9311594462503",
    "shop": "Woolworths",
    "weight": "1KG",
    "prices": [
      {
        "state": "QLD",
        "price": "300",
        "price_per_unit": "6383",
        "price_unit": "KG"
      },
      {
        "state": "WA",
        "price": "300",
        "price_per_unit": "6383",
        "price_unit": "KG"
      },
      {
        "state": "ACT",
        "price": "300",
        "price_per_unit": "6383",
        "price_unit": "KG"
      }
    ]
  },
  {
    "source_url": "https://www.woolworths.com.au/shop/productdetails/420600/primo-trios-twiggy-tasty-cheese-barbeque-rice-crackers",
    "name": "Primo Trios Twiggy Tasty Cheese & Barbeque Rice Crackers 50g",
    "image_url": "https://cdn1.woolworths.media/content/wowproductimages/large/420600.jpg",
    "source_id": "Woolworths - 420600",
    "barcode": "9311594462510",
    "shop": "Woolworths",
    "weight": "1KG",
    "prices": [
      {
        "state": "QLD",
        "price": "450",
        "price_per_unit": "9000",
        "price_unit": "KG"
      },
      {
        "state": "WA",
        "price": "450",
        "price_per_unit": "9000",
        "price_unit": "KG"
      },
      {
        "state": "SA",
        "price": "450",
        "price_per_unit": "9000",
        "price_unit": "KG"
      },
      {
        "state": "ACT",
        "price": "450",
        "price_per_unit": "9000",
        "price_unit": "KG"
      }
    ]
  },
  {
    "source_url": "https://www.woolworths.com.au/shop/productdetails/423710/sunbeam-sultana-apple-with-cheddar-cheese",
    "name": "Sunbeam Sultana & Apple With Cheddar Cheese 35g",
    "image_url": "https://cdn1.woolworths.media/content/wowproductimages/large/423710.jpg",
    "source_id": "Woolworths - 423710",
    "barcode": "9310162866019",
    "shop": "Woolworths",
    "weight": "1KG",
    "prices": [
      {
        "state": "QLD",
        "price": "190",
        "price_per_unit": "5429",
        "price_unit": "KG"
      },
      {
        "state": "WA",
        "price": "190",
        "price_per_unit": "5429",
        "price_unit": "KG"
      },
      {
        "state": "SA",
        "price": "190",
        "price_per_unit": "5429",
        "price_unit": "KG"
      },
      {
        "state": "ACT",
        "price": "190",
        "price_per_unit": "5429",
        "price_unit": "KG"
      }
    ]
  },
  {
    "source_url": "https://www.woolworths.com.au/shop/productdetails/423709/sunbeam-sultana-apricot-with-cheddar-cheese",
    "name": "Sunbeam Sultana & Apricot With Cheddar Cheese 35g",
    "image_url": "https://cdn1.woolworths.media/content/wowproductimages/large/423709.jpg",
    "source_id": "Woolworths - 423709",
    "barcode": "9310162866026",
    "shop": "Woolworths",
    "weight": "1KG",
    "prices": [
      {
        "state": "QLD",
        "price": "190",
        "price_per_unit": "5429",
        "price_unit": "KG"
      },
      {
        "state": "WA",
        "price": "190",
        "price_per_unit": "5429",
        "price_unit": "KG"
      }
    ]
  },
  {
    "source_url": "https://www.woolworths.com.au/shop/productdetails/415550/sunbeam-sultanas-cheddar-cheese-snacks",
    "name": "Sunbeam Sultanas & Cheddar Cheese Snacks 35g",
    "image_url": "https://cdn1.woolworths.media/content/wowproductimages/large/415550.jpg",
    "source_id": "Woolworths - 415550",
    "barcode": "9310162866002",
    "shop": "Woolworths",
    "weight": "1KG",
    "prices": [
      {
        "state": "QLD",
        "price": "190",
        "price_per_unit": "5429",
        "price_unit": "KG"
      },
      {
        "state": "WA",
        "price": "190",
        "price_per_unit": "5429",
        "price_unit": "KG"
      },
      {
        "state": "SA",
        "price": "190",
        "price_per_unit": "5429",
        "price_unit": "KG"
      }
    ]
  },
  {
    "source_url": "https://www.woolworths.com.au/shop/productdetails/423281/sunbeam-sultanas-with-cheddar-cheese",
    "name": "Sunbeam Sultanas With Cheddar Cheese 4 Pack",
    "image_url": "https://cdn1.woolworths.media/content/wowproductimages/large/423281.jpg",
    "source_id": "Woolworths - 423281",
    "barcode": "9310162866033",
    "shop": "Woolworths",
    "weight": "1KG",
    "prices": [
      {
        "state": "QLD",
        "price": "900",
        "price_per_unit": "9000",
        "price_unit": "KG"
      },
      {
        "state": "WA",
        "price": "900",
        "price_per_unit": "9000",
        "price_unit": "KG"
      },
      {
        "state": "SA",
        "price": "900",
        "price_per_unit": "9000",
        "price_unit": "KG"
      }
    ]
  },
  {
    "source_url": "https://www.woolworths.com.au/shop/productdetails/453303/woolworths-natural-cheese-sticks",
    "name": "Woolworths Natural Cheese Sticks 160g",
    "image_url": "https://cdn1.woolworths.media/content/wowproductimages/large/453303.jpg",
    "source_id": "Woolworths - 453303",
    "barcode": "9300633583668",
    "shop": "Woolworths",
    "weight": "1KG",
    "prices": [
      {
        "state": "QLD",
        "price": "550",
        "price_per_unit": "3438",
        "price_unit": "KG"
      },
      {
        "state": "WA",
        "price": "550",
        "price_per_unit": "3438",
        "price_unit": "KG"
      },
      {
        "state": "SA",
        "price": "550",
        "price_per_unit": "3438",
        "price_unit": "KG"
      },
      {
        "state": "TAS",
        "price": "550",
        "price_per_unit": "3438",
        "price_unit": "KG"
      },
      {
        "state": "ACT",
        "price": "550",
        "price_per_unit": "3438",
        "price_unit": "KG"
      },
      {
        "state": "NT",
        "price": "550",
        "price_per_unit": "3438",
        "price_unit": "KG"
      }
    ]
  }
]