[
  {
    "source_url": "https://www.woolworths.com.au/shop/productdetails/95977/castello-marinated-fetta-cubes",
    "name": "Castello Marinated Fetta Cubes 265g",
    "image_url": "https://cdn1.woolworths.media/content/wowproductimages/large/095977.jpg",
    "source_id": "Woolworths - 95977",
    "barcode": "5711953115943",
    "shop": "Woolworths",
    "weight": "1KG",
    "prices": [
      {
        "state": "NSW",
        "price": "650",
        "price_per_unit": "2453",
        "price_unit": "KG"
      },
      {
        "state": "NSW",
        "price": "650",
        "price_per_unit": "2453",
        "price_unit": "KG"
      },
      {
        "state": "VIC",
        "price": "650",
        "price_per_unit": "2453",
        "price_unit": "KG"
      },
      {
        "state": "VIC",
        "price": "650",
        "price_per_unit": "2453",
        "price_unit": "KG"
      },
      {
        "state": "QLD",
        "price": "650",
        "price_per_unit": "2453",
        "price_unit": "KG"
      },
      {
        "state": "QLD",
        "price": "650",
        "price_per_unit": "2453",
        "price_unit": "KG"
      },
      {
        "state": "WA",
        "price": "650",
        "price_per_unit": "2453",
        "price_unit": "KG"
      },
      {
        "state": "WA",
        "price": "650",
        "price_per_unit": "2453",
        "price_unit": "KG"
      },
      {
        "state": "SA",
        "price": "650",
        "price_per_unit": "2453",
        "price_unit": "KG"
      },
      {
        "state": "SA",
        "price": "650",
        "price_per_unit": "2453",
        "price_unit": "KG"
      },
      {
        "state": "TAS",
        "price": "650",
        "price_per_unit": "2453",
        "price_unit": "KG"
      },
      {
        "state": "TAS",
        "price": "650",
        "price_per_unit": "2453",
        "price_unit": "KG"
      },
      {
        "state": "ACT",
        "price": "650",
        "price_per_unit": "2453",
        "price_unit": "KG"
      },
      {
        "state": "ACT",
        "price": "650",
        "price_per_unit": "2453",
        "price_unit": "KG"
      },
      {
        "state": "NT",
        "price": "650",
        "price_per_unit": "2453",
        "price_unit": "KG"
      },
      {
        "state": "NT",
        "price": "650",
        "price_per_unit": "2453",
        "price_unit": "KG"
      }
    ]
  },
  {
    "source_url": "https://www.woolworths.com.au/shop/productdetails/611905/castello-marinated-greek-style-cheese-in-oil-with-garlic-herbs",
    "name": "Castello Marinated Greek Style Cheese In Oil With Garlic & Herbs 100g",
    "image_url": "https://cdn1.woolworths.media/content/wowproductimages/large/611905.jpg",
    "source_id": "Woolworths - 611905",
    "barcode": "5711953057069",
    "shop": "Woolworths",
    "weight": "1KG",
    "prices": [
      {
        "state": "NSW",
        "price": "320",
        "price_per_unit": "3200",
        "price_unit": "KG"
      },
      {
        "state": "NSW",
        "price": "320",
        "price_per_unit": "3200",
        "price_unit": "KG"
      },
      {
        "state": "VIC",
        "price": "320",
        "price_per_unit": "3200",
        "price_unit": "KG"
      },
      {
        "state": "VIC",
        "price": "320",
        "price_per_unit": "3200",
        "price_unit": "KG"
      },
      {
        "state": "QLD",
        "price": "320",
        "price_per_unit": "3200",
        "price_unit": "KG"
      },
      {
        "state": "QLD",
        "price": "320",
        "price_per_unit": "3200",
        "price_unit": "KG"
      },
      {
        "state": "WA",
        "price": "320",
        "price_per_unit": "3200",
        "price_unit": "KG"
      },
      {
        "state": "WA",
        "price": "320",
        "price_per_unit": "3200",
        "price_unit": "KG"
      },
      {
        "state": "SA",
        "price": "320",
        "price_per_unit": "3200",
        "price_unit": "KG"
      },
      {
        "state": "SA",
        "price": "320",
        "price_per_unit": "3200",
        "price_unit": "KG"
      },
      {
        "state": "TAS",
        "price": "320",
        "price_per_unit": "3200",
        "price_unit": "KG"
      },
      {
        "state": "TAS",
        "price": "320",
        "price_per_unit": "3200",
        "price_unit": "KG"
      },
      {
        "state": "ACT",
        "price": "320",
        "price_per_unit": "3200",
        "price_unit": "KG"
      },
      {
        "state": "ACT",
        "price": "320",
        "price_per_unit": "3200",
        "price_unit": "KG"
      },
      {
        "state": "NT",
        "price": "320",
        "price_per_unit": "3200",
        "price_unit": "KG"
      },
      {
        "state": "NT",
        "price": "320",
        "price_per_unit": "3200",
        "price_unit": "KG"
      }
    ]
  },
  {
    "source_url": "https://www.woolworths.com.au/shop/productdetails/353006/de-gustibus-buffalo-mozzarella",
    "name": "De Gustibus Buffalo Mozzarella 125g",
    "image_url": "https://cdn1.woolworths.media/content/wowproductimages/large/353006.jpg",
    "source_id": "Woolworths - 353006",
    "barcode": "9421901314255",
    "shop": "Woolworths",
    "weight": "1KG",
    "prices": [
      {
        "state": "NSW",
        "price": "650",
        "price_per_unit": "5200",
        "price_unit": "KG"
      },
      {
        "state": "NSW",
        "price": "650",
        "price_per_unit": "5200",
        "price_unit": "KG"
      },
      {
        "state": "QLD",
        "price": "650",
        "price_per_unit": "5200",
        "price_unit": "KG"
      },
      {
        "state": "QLD",
        "price": "650",
        "price_per_unit": "5200",
        "price_unit": "KG"
      }
    ]
  },
  {
    "source_url": "https://www.woolworths.com.au/shop/productdetails/215032/de-gustibus-buffalo-pearls-mozzarella",
    "name": "De Gustibus Buffalo Pearls Mozzarella 100g",
    "image_url": "https://cdn1.woolworths.media/content/wowproductimages/large/215032.jpg",
    "source_id": "Woolworths - 215032",
    "barcode": "9421901314248",
    "shop": "Woolworths",
    "weight": "1KG",
    "prices": [
      {
        "state": "NSW",
        "price": "650",
        "price_per_unit": "6500",
        "price_unit": "KG"
      },
      {
        "state": "NSW",
        "price": "650",
        "price_per_unit": "6500",
        "price_unit": "KG"
      },
      {
        "state": "QLD",
        "price": "650",
        "price_per_unit": "6500",
        "price_unit": "KG"
      },
      {
        "state": "QLD",
        "price": "650",
        "price_per_unit": "6500",
        "price_unit": "KG"
      }
    ]
  },
  {
    "source_url": "https://www.woolworths.com.au/shop/productdetails/29121/melbourne-cheese-company-fetta-garlic-herbs",
    "name": "Melbourne Cheese Company Fetta Garlic & Herbs 250g",
    "image_url": "https://cdn1.woolworths.media/content/wowproductimages/large/029121.jpg",
    "source_id": "Woolworths - 29121",
    "barcode": "9322515030893",
    "shop": "Woolworths",
    "weight": "1KG",
    "prices": [
      {
        "state": "NSW",
        "price": "750",
        "price_per_unit": "3000",
        "price_unit": "KG"
      },
      {
        "state": "NSW",
        "price": "750",
        "price_per_unit": "3000",
        "price_unit": "KG"
      },
      {
        "state": "VIC",
        "price": "750",
        "price_per_unit": "3000",
        "price_unit": "KG"
      },
      {
        "state": "VIC",
        "price": "750",
        "price_per_unit": "3000",
        "price_unit": "KG"
      },
      {
        "state": "QLD",
        "price": "750",
        "price_per_unit": "3000",
        "price_unit": "KG"
      },
      {
        "state": "QLD",
        "price": "750",
        "price_per_unit": "3000",
        "price_unit": "KG"
      },
      {
        "state": "SA",
        "price": "750",
        "price_per_unit": "3000",
        "price_unit": "KG"
      },
      {
        "state": "SA",
        "price": "750",
        "price_per_unit": "3000",
        "price_unit": "KG"
      },
      {
        "state": "TAS",
        "price": "750",
        "price_per_unit": "3000",
        "price_unit": "KG"
      },
      {
        "state": "TAS",
        "price": "750",
        "price_per_unit": "3000",
        "price_unit": "KG"
      },
      {
        "state": "ACT",
        "price": "750",
        "price_per_unit": "3000",
        "price_unit": "KG"
      },
      {
        "state": "ACT",
        "price": "750",
        "price_per_unit": "3000",
        "price_unit": "KG"
      },
      {
        "state": "NT",
        "price": "750",
        "price_per_unit": "3000",
        "price_unit": "KG"
      },
      {
        "state": "NT",
        "price": "750",
        "price_per_unit": "3000",
        "price_unit": "KG"
      }
    ]
  },
  {
    "source_url": "https://www.woolworths.com.au/shop/productdetails/31165/melbourne-cheese-company-persian-fetta",
    "name": "Melbourne Cheese Company Persian Fetta 250g",
    "image_url": "https://cdn1.woolworths.media/content/wowproductimages/large/031165.jpg",
    "source_id": "Woolworths - 31165",
    "barcode": "9322515030886",
    "shop": "Woolworths",
    "weight": "1KG",
    "prices": [
      {
        "state": "NSW",
        "price": "750",
        "price_per_unit": "3000",
        "price_unit": "KG"
      },
      {
        "state": "NSW",
        "price": "750",
        "price_per_unit": "3000",
        "price_unit": "KG"
      },
      {
        "state": "VIC",
        "price": "750",
        "price_per_unit": "3000",
        "price_unit": "KG"
      },
      {
        "state": "VIC",
        "price": "750",
        "price_per_unit": "3000",
        "price_unit": "KG"
      },
      {
        "state": "QLD",
        "price": "750",
        "price_per_unit": "3000",
        "price_unit": "KG"
      },
      {
        "state": "QLD",
        "price": "750",
        "price_per_unit": "3000",
        "price_unit": "KG"
      },
      {
        "state": "WA",
        "price": "750",
        "price_per_unit": "3000",
        "price_unit": "KG"
      },
      {
        "state": "WA",
        "price": "750",
        "price_per_unit": "3000",
        "price_unit": "KG"
      },
      {
        "state": "SA",
        "price": "750",
        "price_per_unit": "3000",
        "price_unit": "KG"
      },
      {
        "state": "SA",
        "price": "750",
        "price_per_unit": "3000",
        "price_unit": "KG"
      },
      {
        "state": "TAS",
        "price": "750",
        "price_per_unit": "3000",
        "price_unit": "KG"
      },
      {
        "state": "TAS",
        "price": "750",
        "price_per_unit": "3000",
        "price_unit": "KG"
      },
      {
        "state": "ACT",
        "price": "750",
        "price_per_unit": "3000",
        "price_unit": "KG"
      },
      {
        "state": "ACT",
        "price": "750",
        "price_per_unit": "3000",
        "price_unit": "KG"
      },
      {
        "state": "NT",
        "price": "750",
        "price_per_unit": "3000",
        "price_unit": "KG"
      },
      {
        "state": "NT",
        "price": "750",
        "price_per_unit": "3000",
        "price_unit": "KG"
      }
    ]
  },
  {
    "source_url": "https://www.woolworths.com.au/shop/productdetails/97995/mil-lel-extra-sharp-parmesan-pecorino",
    "name": "Mil Lel Extra Sharp Parmesan & Pecorino 170g",
    "image_url": "https://cdn1.woolworths.media/content/wowproductimages/large/097995.jpg",
    "source_id": "Woolworths - 97995",
    "barcode": "9311482013794",
    "shop": "Woolworths",
    "weight": "1KG",
    "prices": [
      {
        "state": "NSW",
        "price": "690",
        "price_per_unit": "4059",
        "price_unit": "KG"
      },
      {
        "state": "NSW",
        "price": "690",
        "price_per_unit": "4059",
        "price_unit": "KG"
      },
      {
        "state": "VIC",
        "price": "690",
        "price_per_unit": "4059",
        "price_unit": "KG"
      },
      {
        "state": "VIC",
        "price": "690",
        "price_per_unit": "4059",
        "price_unit": "KG"
      },
      {
        "state": "QLD",
        "price": "690",
        "price_per_unit": "4059",
        "price_unit": "KG"
      },
      {
        "state": "QLD",
        "price": "690",
        "price_per_unit": "4059",
        "price_unit": "KG"
      },
      {
        "state": "WA",
        "price": "690",
        "price_per_unit": "4059",
        "price_unit": "KG"
      },
      {
        "state": "WA",
        "price": "690",
        "price_per_unit": "4059",
        "price_unit": "KG"
      },
      {
        "state": "SA",
        "price": "690",
        "price_per_unit": "4059",
        "price_unit": "KG"
      },
      {
        "state": "SA",
        "price": "690",
        "price_per_unit": "4059",
        "price_unit": "KG"
      },
      {
        "state": "TAS",
        "price": "690",
        "price_per_unit": "4059",
        "price_unit": "KG"
      },
      {
        "state": "TAS",
        "price": "690",
        "price_per_unit": "4059",
        "price_unit": "KG"
      },
      {
        "state": "ACT",
        "price": "690",
        "price_per_unit": "4059",
        "price_unit": "KG"
      },
      {
        "state": "ACT",
        "price": "690",
        "price_per_unit": "4059",
        "price_unit": "KG"
      },
      {
        "state": "NT",
        "price": "690",
        "price_per_unit": "4059",
        "price_unit": "KG"
      },
      {
        "state": "NT",
        "price": "690",
        "price_per_unit": "4059",
        "price_unit": "KG"
      }
    ]
  },
  {
    "source_url": "https://www.woolworths.com.au/shop/productdetails/98063/mil-lel-shaved-parmesan",
    "name": "Mil Lel Shaved Parmesan 170g",
    "image_url": "https://cdn1.woolworths.media/content/wowproductimages/large/098063.jpg",
    "source_id": "Woolworths - 98063",
    "barcode": "9311482013787",
    "shop": "Woolworths",
    "weight": "1KG",
    "prices": [
      {
        "state": "NSW",
        "price": "690",
        "price_per_unit": "4059",
        "price_unit": "KG"
      },
      {
        "state": "NSW",
        "price": "690",
        "price_per_unit": "4059",
        "price_unit": "KG"
      },
      {
        "state": "VIC",
        "price": "690",
        "price_per_unit": "4059",
        "price_unit": "KG"
      },
      {
        "state": "VIC",
        "price": "690",
        "price_per_unit": "4059",
        "price_unit": "KG"
      },
      {
        "state": "QLD",
        "price": "690",
        "price_per_unit": "4059",
        "price_unit": "KG"
      },
      {
        "state": "QLD",
        "price": "690",
        "price_per_unit": "4059",
        "price_unit": "KG"
      },
      {
        "state": "WA",
        "price": "690",
        "price_per_unit": "4059",
        "price_unit": "KG"
      },
      {
        "state": "WA",
        "price": "690",
        "price_per_unit": "4059",
        "price_unit": "KG"
      },
      {
        "state": "SA",
        "price": "690",
        "price_per_unit": "4059",
        "price_unit": "KG"
      },
      {
        "state": "SA",
        "price": "690",
        "price_per_unit": "4059",
        "price_unit": "KG"
      },
      {
        "state": "TAS",
        "price": "690",
        "price_per_unit": "4059",
        "price_unit": "KG"
      },
      {
        "state": "TAS",
        "price": "690",
        "price_per_unit": "4059",
        "price_unit": "KG"
      },
      {
        "state": "ACT",
        "price": "690",
        "price_per_unit": "4059",
        "price_unit": "KG"
      },
      {
        "state": "ACT",
        "price": "690",
        "price_per_unit": "4059",
        "price_unit": "KG"
      },
      {
        "state": "NT",
        "price": "690",
        "price_per_unit": "4059",
        "price_unit": "KG"
      },
      {
        "state": "NT",
        "price": "690",
        "price_per_unit": "4059",
        "price_unit": "KG"
      }
    ]
  },
  {
    "source_url": "https://www.woolworths.com.au/shop/productdetails/97106/mil-lel-shredded-parmesan",
    "name": "Mil Lel Shredded Parmesan 170g",
    "image_url": "https://cdn1.woolworths.media/content/wowproductimages/large/097106.jpg",
    "source_id": "Woolworths - 97106",
    "barcode": "9311482013763",
    "shop": "Woolworths",
    "weight": "1KG",
    "prices": [
      {
        "state": "NSW",
        "price": "690",
        "price_per_unit": "4059",
        "price_unit": "KG"
      },
      {
        "state": "NSW",
        "price": "690",
        "price_per_unit": "4059",
        "price_unit": "KG"
      },
      {
        "state": "VIC",
        "price": "690",
        "price_per_unit": "4059",
        "price_unit": "KG"
      },
      {
        "state": "VIC",
        "price": "690",
        "price_per_unit": "4059",
        "price_unit": "KG"
      },
      {
        "state": "QLD",
        "price": "690",
        "price_per_unit": "4059",
        "price_unit": "KG"
      },
      {
        "state": "QLD",
        "price": "690",
        "price_per_unit": "4059",
        "price_unit": "KG"
      },
      {
        "state": "WA",
        "price": "690",
        "price_per_unit": "4059",
        "price_unit": "KG"
      },
      {
        "state": "WA",
        "price": "690",
        "price_per_unit": "4059",
        "price_unit": "KG"
      },
      {
        "state": "SA",
        "price": "690",
        "price_per_unit": "4059",
        "price_unit": "KG"
      },
      {
        "state": "SA",
        "price": "690",
        "price_per_unit": "4059",
        "price_unit": "KG"
      },
      {
        "state": "TAS",
        "price": "690",
        "price_per_unit": "4059",
        "price_unit": "KG"
      },
      {
        "state": "TAS",
        "price": "690",
        "price_per_unit": "4059",
        "price_unit": "KG"
      },
      {
        "state": "ACT",
        "price": "690",
        "price_per_unit": "4059",
        "price_unit": "KG"
      },
      {
        "state": "ACT",
        "price": "690",
        "price_per_unit": "4059",
        "price_unit": "KG"
      },
      {
        "state": "NT",
        "price": "690",
        "price_per_unit": "4059",
        "price_unit": "KG"
      },
      {
        "state": "NT",
        "price": "690",
        "price_per_unit": "4059",
        "price_unit": "KG"
      }
    ]
  },
  {
    "source_url": "https://www.woolworths.com.au/shop/productdetails/320475/moondarra-marinated-cheese-soft-creamy",
    "name": "Moondarra Marinated Cheese Soft & Creamy 430g",
    "image_url": "https://cdn1.woolworths.media/content/wowproductimages/large/320475.jpg",
    "source_id": "Woolworths - 320475",
    "barcode": "9329427004301",
    "shop": "Woolworths",
    "weight": "1KG",
    "prices": [
      {
        "state": "NSW",
        "price": "1000",
        "price_per_unit": "2326",
        "price_unit": "KG"
      },
      {
        "state": "NSW",
        "price": "1000",
        "price_per_unit": "2326",
        "price_unit": "KG"
      },
      {
        "state": "VIC",
        "price": "1000",
        "price_per_unit": "2326",
        "price_unit": "KG"
      },
      {
        "state": "VIC",
        "price": "1000",
        "price_per_unit": "2326",
        "price_unit": "KG"
      },
      {
        "state": "QLD",
        "price": "1000",
        "price_per_unit": "2326",
        "price_unit": "KG"
      },
      {
        "state": "QLD",
        "price": "1000",
        "price_per_unit": "2326",
        "price_unit": "KG"
      },
      {
        "state": "WA",
        "price": "1000",
        "price_per_unit": "2326",
        "price_unit": "KG"
      },
      {
        "state": "WA",
        "price": "1000",
        "price_per_unit": "2326",
        "price_unit": "KG"
      },
      {
        "state": "SA",
        "price": "1000",
        "price_per_unit": "2326",
        "price_unit": "KG"
      },
      {
        "state": "SA",
        "price": "1000",
        "price_per_unit": "2326",
        "price_unit": "KG"
      },
      {
        "state": "TAS",
        "price": "1000",
        "price_per_unit": "2326",
        "price_unit": "KG"
      },
      {
        "state": "TAS",
        "price": "1000",
        "price_per_unit": "2326",
        "price_unit": "KG"
      },
      {
        "state": "ACT",
        "price": "1000",
        "price_per_unit": "2326",
        "price_unit": "KG"
      },
      {
        "state": "ACT",
        "price": "1000",
        "price_per_unit": "2326",
        "price_unit": "KG"
      },
      {
        "state": "NT",
        "price": "1000",
        "price_per_unit": "2326",
        "price_unit": "KG"
      },
      {
        "state": "NT",
        "price": "1000",
        "price_per_unit": "2326",
        "price_unit": "KG"
      }
    ]
  },
  {
    "source_url": "https://www.woolworths.com.au/shop/productdetails/807868/perfect-italiano-parmesan-cheese-block",
    "name": "Perfect Italiano Parmesan Cheese Block 200g",
    "image_url": "https://cdn1.woolworths.media/content/wowproductimages/large/807868.jpg",
    "source_id": "Woolworths - 807868",
    "barcode": "9310053105296",
    "shop": "Woolworths",
    "weight": "1KG",
    "prices": [
      {
        "state": "NSW",
        "price": "750",
        "price_per_unit": "3750",
        "price_unit": "KG"
      },
      {
        "state": "NSW",
        "price": "750",
        "price_per_unit": "3750",
        "price_unit": "KG"
      },
      {
        "state": "VIC",
        "price": "750",
        "price_per_unit": "3750",
        "price_unit": "KG"
      },
      {
        "state": "VIC",
        "price": "750",
        "price_per_unit": "3750",
        "price_unit": "KG"
      },
      {
        "state": "QLD",
        "price": "750",
        "price_per_unit": "3750",
        "price_unit": "KG"
      },
      {
        "state": "QLD",
        "price": "750",
        "price_per_unit": "3750",
        "price_unit": "KG"
      },
      {
        "state": "WA",
        "price": "750",
        "price_per_unit": "3750",
        "price_unit": "KG"
      },
      {
        "state": "WA",
        "price": "750",
        "price_per_unit": "3750",
        "price_unit": "KG"
      },
      {
        "state": "SA",
        "price": "750",
        "price_per_unit": "3750",
        "price_unit": "KG"
      },
      {
        "state": "SA",
        "price": "750",
        "price_per_unit": "3750",
        "price_unit": "KG"
      },
      {
        "state": "TAS",
        "price": "750",
        "price_per_unit": "3750",
        "price_unit": "KG"
      },
      {
        "state": "TAS",
        "price": "750",
        "price_per_unit": "3750",
        "price_unit": "KG"
      },
      {
        "state": "ACT",
        "price": "750",
        "price_per_unit": "3750",
        "price_unit": "KG"
      },
      {
        "state": "ACT",
        "price": "750",
        "price_per_unit": "3750",
        "price_unit": "KG"
      },
      {
        "state": "NT",
        "price": "750",
        "price_per_unit": "3750",
        "price_unit": "KG"
      },
      {
        "state": "NT",
        "price": "750",
        "price_per_unit": "3750",
        "price_unit": "KG"
      }
    ]
  },
  {
    "source_url": "https://www.woolworths.com.au/shop/productdetails/226469/perfect-italiano-parmesan-cheese-block-extra-sharp",
    "name": "Perfect Italiano Parmesan Cheese Block Extra Sharp 200g",
    "image_url": "https://cdn1.woolworths.media/content/wowproductimages/large/226469.jpg",
    "source_id": "Woolworths - 226469",
    "barcode": "9310052272678",
    "shop": "Woolworths",
    "weight": "1KG",
    "prices": [
      {
        "state": "NSW",
        "price": "750",
        "price_per_unit": "3750",
        "price_unit": "KG"
      },
      {
        "state": "NSW",
        "price": "750",
        "price_per_unit": "3750",
        "price_unit": "KG"
      },
      {
        "state": "VIC",
        "price": "750",
        "price_per_unit": "3750",
        "price_unit": "KG"
      },
      {
        "state": "VIC",
        "price": "750",
        "price_per_unit": "3750",
        "price_unit": "KG"
      },
      {
        "state": "QLD",
        "price": "750",
        "price_per_unit": "3750",
        "price_unit": "KG"
      },
      {
        "state": "QLD",
        "price": "750",
        "price_per_unit": "3750",
        "price_unit": "KG"
      },
      {
        "state": "WA",
        "price": "750",
        "price_per_unit": "3750",
        "price_unit": "KG"
      },
      {
        "state": "WA",
        "price": "750",
        "price_per_unit": "3750",
        "price_unit": "KG"
      },
      {
        "state": "SA",
        "price": "750",
        "price_per_unit": "3750",
        "price_unit": "KG"
      },
      {
        "state": "SA",
        "price": "750",
        "price_per_unit": "3750",
        "price_unit": "KG"
      },
      {
        "state": "TAS",
        "price": "750",
        "price_per_unit": "3750",
        "price_unit": "KG"
      },
      {
        "state": "TAS",
        "price": "750",
        "price_per_unit": "3750",
        "price_unit": "KG"
      },
      {
        "state": "ACT",
        "price": "750",
        "price_per_unit": "3750",
        "price_unit": "KG"
      },
      {
        "state": "ACT",
        "price": "750",
        "price_per_unit": "3750",
        "price_unit": "KG"
      },
      {
        "state": "NT",
        "price": "750",
        "price_per_unit": "3750",
        "price_unit": "KG"
      },
      {
        "state": "NT",
        "price": "750",
        "price_per_unit": "3750",
        "price_unit": "KG"
      }
    ]
  },
  {
    "source_url": "https://www.woolworths.com.au/shop/productdetails/42161/perfect-italiano-parmesan-cheese-grated-parmesan",
    "name": "Perfect Italiano Parmesan Cheese Grated 125g",
    "image_url": "https://cdn1.woolworths.media/content/wowproductimages/large/042161.jpg",
    "source_id": "Woolworths - 42161",
    "barcode": "9300665023217",
    "shop": "Woolworths",
    "weight": "1KG",
    "prices": [
      {
        "state": "NSW",
        "price": "450",
        "price_per_unit": "3600",
        "price_unit": "KG"
      },
      {
        "state": "NSW",
        "price": "450",
        "price_per_unit": "3600",
        "price_unit": "KG"
      },
      {
        "state": "VIC",
        "price": "450",
        "price_per_unit": "3600",
        "price_unit": "KG"
      },
      {
        "state": "VIC",
        "price": "450",
        "price_per_unit": "3600",
        "price_unit": "KG"
      },
      {
        "state": "QLD",
        "price": "450",
        "price_per_unit": "3600",
        "price_unit": "KG"
      },
      {
        "state": "QLD",
        "price": "450",
        "price_per_unit": "3600",
        "price_unit": "KG"
      },
      {
        "state": "WA",
        "price": "450",
        "price_per_unit": "3600",
        "price_unit": "KG"
      },
      {
        "state": "WA",
        "price": "450",
        "price_per_unit": "3600",
        "price_unit": "KG"
      },
      {
        "state": "SA",
        "price": "450",
        "price_per_unit": "3600",
        "price_unit": "KG"
      },
      {
        "state": "SA",
        "price": "450",
        "price_per_unit": "3600",
        "price_unit": "KG"
      },
      {
        "state": "TAS",
        "price": "450",
        "price_per_unit": "3600",
        "price_unit": "KG"
      },
      {
        "state": "TAS",
        "price": "450",
        "price_per_unit": "3600",
        "price_unit": "KG"
      },
      {
        "state": "ACT",
        "price": "450",
        "price_per_unit": "3600",
        "price_unit": "KG"
      },
      {
        "state": "ACT",
        "price": "450",
        "price_per_unit": "3600",
        "price_unit": "KG"
      },
      {
        "state": "NT",
        "price": "450",
        "price_per_unit": "3600",
        "price_unit": "KG"
      },
      {
        "state": "NT",
        "price": "450",
        "price_per_unit": "3600",
        "price_unit": "KG"
      }
    ]
  },
  {
    "source_url": "https://www.woolworths.com.au/shop/productdetails/302306/perfect-italiano-parmesan-cheese-grated-extra-sharp",
    "name": "Perfect Italiano Parmesan Cheese Grated Extra Sharp 125g",
    "image_url": "https://cdn1.woolworths.media/content/wowproductimages/large/302306.jpg",
    "source_id": "Woolworths - 302306",
    "barcode": "9310052273941",
    "shop": "Woolworths",
    "weight": "1KG",
    "prices": [
      {
        "state": "NSW",
        "price": "450",
        "price_per_unit": "3600",
        "price_unit": "KG"
      },
      {
        "state": "NSW",
        "price": "450",
        "price_per_unit": "3600",
        "price_unit": "KG"
      },
      {
        "state": "VIC",
        "price": "450",
        "price_per_unit": "3600",
        "price_unit": "KG"
      },
      {
        "state": "VIC",
        "price": "450",
        "price_per_unit": "3600",
        "price_unit": "KG"
      },
      {
        "state": "QLD",
        "price": "450",
        "price_per_unit": "3600",
        "price_unit": "KG"
      },
      {
        "state": "QLD",
        "price": "450",
        "price_per_unit": "3600",
        "price_unit": "KG"
      },
      {
        "state": "WA",
        "price": "450",
        "price_per_unit": "3600",
        "price_unit": "KG"
      },
      {
        "state": "WA",
        "price": "450",
        "price_per_unit": "3600",
        "price_unit": "KG"
      },
      {
        "state": "SA",
        "price": "450",
        "price_per_unit": "3600",
        "price_unit": "KG"
      },
      {
        "state": "SA",
        "price": "450",
        "price_per_unit": "3600",
        "price_unit": "KG"
      },
      {
        "state": "TAS",
        "price": "450",
        "price_per_unit": "3600",
        "price_unit": "KG"
      },
      {
        "state": "TAS",
        "price": "450",
        "price_per_unit": "3600",
        "price_unit": "KG"
      },
      {
        "state": "ACT",
        "price": "450",
        "price_per_unit": "3600",
        "price_unit": "KG"
      },
      {
        "state": "ACT",
        "price": "450",
        "price_per_unit": "3600",
        "price_unit": "KG"
      },
      {
        "state": "NT",
        "price": "450",
        "price_per_unit": "3600",
        "price_unit": "KG"
      },
      {
        "state": "NT",
        "price": "450",
        "price_per_unit": "3600",
        "price_unit": "KG"
      }
    ]
  },
  {
    "source_url": "https://www.woolworths.com.au/shop/productdetails/360904/perfect-italiano-parmesan-cheese-grated-shaved-parmesan",
    "name": "Perfect Italiano Parmesan Cheese Grated Shaved 125g",
    "image_url": "https://cdn1.woolworths.media/content/wowproductimages/large/360904.jpg",
    "source_id": "Woolworths - 360904",
    "barcode": "9310052277277",
    "shop": "Woolworths",
    "weight": "1KG",
    "prices": [
      {
        "state": "NSW",
        "price": "450",
        "price_per_unit": "3600",
        "price_unit": "KG"
      },
      {
        "state": "NSW",
        "price": "450",
        "price_per_unit": "3600",
        "price_unit": "KG"
      },
      {
        "state": "VIC",
        "price": "450",
        "price_per_unit": "3600",
        "price_unit": "KG"
      },
      {
        "state": "VIC",
        "price": "450",
        "price_per_unit": "3600",
        "price_unit": "KG"
      },
      {
        "state": "QLD",
        "price": "450",
        "price_per_unit": "3600",
        "price_unit": "KG"
      },
      {
        "state": "QLD",
        "price": "450",
        "price_per_unit": "3600",
        "price_unit": "KG"
      },
      {
        "state": "WA",
        "price": "450",
        "price_per_unit": "3600",
        "price_unit": "KG"
      },
      {
        "state": "WA",
        "price": "450",
        "price_per_unit": "3600",
        "price_unit": "KG"
      },
      {
        "state": "SA",
        "price": "450",
        "price_per_unit": "3600",
        "price_unit": "KG"
      },
      {
        "state": "SA",
        "price": "450",
        "price_per_unit": "3600",
        "price_unit": "KG"
      },
      {
        "state": "TAS",
        "price": "450",
        "price_per_unit": "3600",
        "price_unit": "KG"
      },
      {
        "state": "TAS",
        "price": "450",
        "price_per_unit": "3600",
        "price_unit": "KG"
      },
      {
        "state": "ACT",
        "price": "450",
        "price_per_unit": "3600",
        "price_unit": "KG"
      },
      {
        "state": "ACT",
        "price": "450",
        "price_per_unit": "3600",
        "price_unit": "KG"
      },
      {
        "state": "NT",
        "price": "450",
        "price_per_unit": "3600",
        "price_unit": "KG"
      },
      {
        "state": "NT",
        "price": "450",
        "price_per_unit": "3600",
        "price_unit": "KG"
      }
    ]
  },
  {
    "source_url": "https://www.woolworths.com.au/shop/productdetails/321218/tasmanian-heritage-marinated-fetta-cheese",
    "name": "Tasmanian Heritage Marinated Fetta Cheese 350g",
    "image_url": "https://cdn1.woolworths.media/content/wowproductimages/large/321218.jpg",
    "source_id": "Woolworths - 321218",
    "barcode": "9300639617701",
    "shop": "Woolworths",
    "weight": "1KG",
    "prices": [
      {
        "state": "NSW",
        "price": "1150",
        "price_per_unit": "3286",
        "price_unit": "KG"
      },
      {
        "state": "NSW",
        "price": "1150",
        "price_per_unit": "3286",
        "price_unit": "KG"
      },
      {
        "state": "VIC",
        "price": "1150",
        "price_per_unit": "3286",
        "price_unit": "KG"
      },
      {
        "state": "VIC",
        "price": "1150",
        "price_per_unit": "3286",
        "price_unit": "KG"
      },
      {
        "state": "QLD",
        "price": "1150",
        "price_per_unit": "3286",
        "price_unit": "KG"
      },
      {
        "state": "QLD",
        "price": "1150",
        "price_per_unit": "3286",
        "price_unit": "KG"
      },
      {
        "state": "WA",
        "price": "1150",
        "price_per_unit": "3286",
        "price_unit": "KG"
      },
      {
        "state": "WA",
        "price": "1150",
        "price_per_unit": "3286",
        "price_unit": "KG"
      },
      {
        "state": "SA",
        "price": "1150",
        "price_per_unit": "3286",
        "price_unit": "KG"
      },
      {
        "state": "SA",
        "price": "1150",
        "price_per_unit": "3286",
        "price_unit": "KG"
      },
      {
        "state": "TAS",
        "price": "1150",
        "price_per_unit": "3286",
        "price_unit": "KG"
      },
      {
        "state": "TAS",
        "price": "1150",
        "price_per_unit": "3286",
        "price_unit": "KG"
      },
      {
        "state": "ACT",
        "price": "1150",
        "price_per_unit": "3286",
        "price_unit": "KG"
      },
      {
        "state": "ACT",
        "price": "1150",
        "price_per_unit": "3286",
        "price_unit": "KG"
      },
      {
        "state": "NT",
        "price": "1150",
        "price_per_unit": "3286",
        "price_unit": "KG"
      },
      {
        "state": "NT",
        "price": "1150",
        "price_per_unit": "3286",
        "price_unit": "KG"
      }
    ]
  },
  {
    "source_url": "https://www.woolworths.com.au/shop/productdetails/457433/thomas-dux-marinated-danish-fetta-herb-garlic",
    "name": "Thomas Dux Marinated Danish Fetta Herb & Garlic 300g",
    "image_url": "https://cdn1.woolworths.media/content/wowproductimages/large/457433.jpg",
    "source_id": "Woolworths - 457433",
    "barcode": "9339687361700",
    "shop": "Woolworths",
    "weight": "1KG",
    "prices": [
      {
        "state": "NSW",
        "price": "610",
        "price_per_unit": "2033",
        "price_unit": "KG"
      },
      {
        "state": "NSW",
        "price": "610",
        "price_per_unit": "2033",
        "price_unit": "KG"
      },
      {
        "state": "VIC",
        "price": "610",
        "price_per_unit": "2033",
        "price_unit": "KG"
      },
      {
        "state": "VIC",
        "price": "610",
        "price_per_unit": "2033",
        "price_unit": "KG"
      },
      {
        "state": "QLD",
        "price": "610",
        "price_per_unit": "2033",
        "price_unit": "KG"
      },
      {
        "state": "QLD",
        "price": "610",
        "price_per_unit": "2033",
        "price_unit": "KG"
      },
      {
        "state": "WA",
        "price": "610",
        "price_per_unit": "2033",
        "price_unit": "KG"
      },
      {
        "state": "WA",
        "price": "610",
        "price_per_unit": "2033",
        "price_unit": "KG"
      },
      {
        "state": "SA",
        "price": "610",
        "price_per_unit": "2033",
        "price_unit": "KG"
      },
      {
        "state": "SA",
        "price": "610",
        "price_per_unit": "2033",
        "price_unit": "KG"
      },
      {
        "state": "TAS",
        "price": "610",
        "price_per_unit": "2033",
        "price_unit": "KG"
      },
      {
        "state": "TAS",
        "price": "610",
        "price_per_unit": "2033",
        "price_unit": "KG"
      },
      {
        "state": "ACT",
        "price": "610",
        "price_per_unit": "2033",
        "price_unit": "KG"
      },
      {
        "state": "ACT",
        "price": "610",
        "price_per_unit": "2033",
        "price_unit": "KG"
      },
      {
        "state": "NT",
        "price": "610",
        "price_per_unit": "2033",
        "price_unit": "KG"
      },
      {
        "state": "NT",
        "price": "610",
        "price_per_unit": "2033",
        "price_unit": "KG"
      }
    ]
  },
  {
    "source_url": "https://www.woolworths.com.au/shop/productdetails/94989/thomas-dux-persian-fetta-cheese",
    "name": "Thomas Dux Persian Fetta Cheese 180g",
    "image_url": "https://cdn1.woolworths.media/content/wowproductimages/large/094989.jpg",
    "source_id": "Woolworths - 94989",
    "barcode": "93561143",
    "shop": "Woolworths",
    "weight": "1KG",
    "prices": [
      {
        "state": "NSW",
        "price": "440",
        "price_per_unit": "2444",
        "price_unit": "KG"
      },
      {
        "state": "NSW",
        "price": "440",
        "price_per_unit": "2444",
        "price_unit": "KG"
      },
      {
        "state": "VIC",
        "price": "440",
        "price_per_unit": "2444",
        "price_unit": "KG"
      },
      {
        "state": "VIC",
        "price": "440",
        "price_per_unit": "2444",
        "price_unit": "KG"
      },
      {
        "state": "QLD",
        "price": "440",
        "price_per_unit": "2444",
        "price_unit": "KG"
      },
      {
        "state": "QLD",
        "price": "440",
        "price_per_unit": "2444",
        "price_unit": "KG"
      },
      {
        "state": "SA",
        "price": "440",
        "price_per_unit": "2444",
        "price_unit": "KG"
      },
      {
        "state": "SA",
        "price": "440",
        "price_per_unit": "2444",
        "price_unit": "KG"
      },
      {
        "state": "TAS",
        "price": "440",
        "price_per_unit": "2444",
        "price_unit": "KG"
      },
      {
        "state": "TAS",
        "price": "440",
        "price_per_unit": "2444",
        "price_unit": "KG"
      },
      {
        "state": "ACT",
        "price": "440",
        "price_per_unit": "2444",
        "price_unit": "KG"
      },
      {
        "state": "ACT",
        "price": "440",
        "price_per_unit": "2444",
        "price_unit": "KG"
      },
      {
        "state": "NT",
        "price": "440",
        "price_per_unit": "2444",
        "price_unit": "KG"
      },
      {
        "state": "NT",
        "price": "440",
        "price_per_unit": "2444",
        "price_unit": "KG"
      }
    ]
  },
  {
    "source_url": "https://www.woolworths.com.au/shop/productdetails/85589/woolworths-parmesan-cheese-block",
    "name": "Woolworths Parmesan Cheese Block 200g",
    "image_url": "https://cdn1.woolworths.media/content/wowproductimages/large/085589.jpg",
    "source_id": "Woolworths - 85589",
    "barcode": "9339687164417",
    "shop": "Woolworths",
    "weight": "1KG",
    "prices": [
      {
        "state": "NSW",
        "price": "650",
        "price_per_unit": "3250",
        "price_unit": "KG"
      },
      {
        "state": "NSW",
        "price": "650",
        "price_per_unit": "3250",
        "price_unit": "KG"
      },
      {
        "state": "VIC",
        "price": "650",
        "price_per_unit": "3250",
        "price_unit": "KG"
      },
      {
        "state": "VIC",
        "price": "650",
        "price_per_unit": "3250",
        "price_unit": "KG"
      },
      {
        "state": "QLD",
        "price": "650",
        "price_per_unit": "3250",
        "price_unit": "KG"
      },
      {
        "state": "QLD",
        "price": "650",
        "price_per_unit": "3250",
        "price_unit": "KG"
      },
      {
        "state": "WA",
        "price": "650",
        "price_per_unit": "3250",
        "price_unit": "KG"
      },
      {
        "state": "WA",
        "price": "650",
        "price_per_unit": "3250",
        "price_unit": "KG"
      },
      {
        "state": "SA",
        "price": "650",
        "price_per_unit": "3250",
        "price_unit": "KG"
      },
      {
        "state": "SA",
        "price": "650",
        "price_per_unit": "3250",
        "price_unit": "KG"
      },
      {
        "state": "TAS",
        "price": "650",
        "price_per_unit": "3250",
        "price_unit": "KG"
      },
      {
        "state": "TAS",
        "price": "650",
        "price_per_unit": "3250",
        "price_unit": "KG"
      },
      {
        "state": "ACT",
        "price": "650",
        "price_per_unit": "3250",
        "price_unit": "KG"
      },
      {
        "state": "ACT",
        "price": "650",
        "price_per_unit": "3250",
        "price_unit": "KG"
      },
      {
        "state": "NT",
        "price": "650",
        "price_per_unit": "3250",
        "price_unit": "KG"
      },
      {
        "state": "NT",
        "price": "650",
        "price_per_unit": "3250",
        "price_unit": "KG"
      }
    ]
  },
  {
    "source_url": "https://www.woolworths.com.au/shop/productdetails/85588/woolworths-shaved-parmesan",
    "name": "Woolworths Shaved Parmesan 250g",
    "image_url": "https://cdn1.woolworths.media/content/wowproductimages/large/085588.jpg",
    "source_id": "Woolworths - 85588",
    "barcode": "9339687164400",
    "shop": "Woolworths",
    "weight": "1KG",
    "prices": [
      {
        "state": "NSW",
        "price": "600",
        "price_per_unit": "2400",
        "price_unit": "KG"
      },
      {
        "state": "NSW",
        "price": "600",
        "price_per_unit": "2400",
        "price_unit": "KG"
      },
      {
        "state": "VIC",
        "price": "600",
        "price_per_unit": "2400",
        "price_unit": "KG"
      },
      {
        "state": "VIC",
        "price": "600",
        "price_per_unit": "2400",
        "price_unit": "KG"
      },
      {
        "state": "QLD",
        "price": "600",
        "price_per_unit": "2400",
        "price_unit": "KG"
      },
      {
        "state": "QLD",
        "price": "600",
        "price_per_unit": "2400",
        "price_unit": "KG"
      },
      {
        "state": "WA",
        "price": "600",
        "price_per_unit": "2400",
        "price_unit": "KG"
      },
      {
        "state": "WA",
        "price": "600",
        "price_per_unit": "2400",
        "price_unit": "KG"
      },
      {
        "state": "SA",
        "price": "600",
        "price_per_unit": "2400",
        "price_unit": "KG"
      },
      {
        "state": "SA",
        "price": "600",
        "price_per_unit": "2400",
        "price_unit": "KG"
      },
      {
        "state": "TAS",
        "price": "600",
        "price_per_unit": "2400",
        "price_unit": "KG"
      },
      {
        "state": "TAS",
        "price": "600",
        "price_per_unit": "2400",
        "price_unit": "KG"
      },
      {
        "state": "ACT",
        "price": "600",
        "price_per_unit": "2400",
        "price_unit": "KG"
      },
      {
        "state": "ACT",
        "price": "600",
        "price_per_unit": "2400",
        "price_unit": "KG"
      },
      {
        "state": "NT",
        "price": "600",
        "price_per_unit": "2400",
        "price_unit": "KG"
      },
      {
        "state": "NT",
        "price": "600",
        "price_per_unit": "2400",
        "price_unit": "KG"
      }
    ]
  },
  {
    "source_url": "https://www.woolworths.com.au/shop/productdetails/85587/woolworths-shredded-parmesan-cheese",
    "name": "Woolworths Shredded Parmesan Cheese 250g",
    "image_url": "https://cdn1.woolworths.media/content/wowproductimages/large/085587.jpg",
    "source_id": "Woolworths - 85587",
    "barcode": "9339687164394",
    "shop": "Woolworths",
    "weight": "1KG",
    "prices": [
      {
        "state": "NSW",
        "price": "600",
        "price_per_unit": "2400",
        "price_unit": "KG"
      },
      {
        "state": "NSW",
        "price": "600",
        "price_per_unit": "2400",
        "price_unit": "KG"
      },
      {
        "state": "VIC",
        "price": "600",
        "price_per_unit": "2400",
        "price_unit": "KG"
      },
      {
        "state": "VIC",
        "price": "600",
        "price_per_unit": "2400",
        "price_unit": "KG"
      },
      {
        "state": "QLD",
        "price": "600",
        "price_per_unit": "2400",
        "price_unit": "KG"
      },
      {
        "state": "QLD",
        "price": "600",
        "price_per_unit": "2400",
        "price_unit": "KG"
      },
      {
        "state": "WA",
        "price": "600",
        "price_per_unit": "2400",
        "price_unit": "KG"
      },
      {
        "state": "WA",
        "price": "600",
        "price_per_unit": "2400",
        "price_unit": "KG"
      },
      {
        "state": "SA",
        "price": "600",
        "price_per_unit": "2400",
        "price_unit": "KG"
      },
      {
        "state": "SA",
        "price": "600",
        "price_per_unit": "2400",
        "price_unit": "KG"
      },
      {
        "state": "TAS",
        "price": "600",
        "price_per_unit": "2400",
        "price_unit": "KG"
      },
      {
        "state": "TAS",
        "price": "600",
        "price_per_unit": "2400",
        "price_unit": "KG"
      },
      {
        "state": "ACT",
        "price": "600",
        "price_per_unit": "2400",
        "price_unit": "KG"
      },
      {
        "state": "ACT",
        "price": "600",
        "price_per_unit": "2400",
        "price_unit": "KG"
      },
      {
        "state": "NT",
        "price": "600",
        "price_per_unit": "2400",
        "price_unit": "KG"
      },
      {
        "state": "NT",
        "price": "600",
        "price_per_unit": "2400",
        "price_unit": "KG"
      }
    ]
  },
  {
    "source_url": "https://www.woolworths.com.au/shop/productdetails/640123/yarra-valley-cheese-marinated-persian-fetta",
    "name": "Yarra Valley Cheese Marinated Persian Fetta 350g",
    "image_url": "https://cdn1.woolworths.media/content/wowproductimages/large/640123.jpg",
    "source_id": "Woolworths - 640123",
    "barcode": "9326105000006",
    "shop": "Woolworths",
    "weight": "1KG",
    "prices": [
      {
        "state": "NSW",
        "price": "1140",
        "price_per_unit": "3257",
        "price_unit": "KG"
      },
      {
        "state": "NSW",
        "price": "1140",
        "price_per_unit": "3257",
        "price_unit": "KG"
      },
      {
        "state": "VIC",
        "price": "1140",
        "price_per_unit": "3257",
        "price_unit": "KG"
      },
      {
        "state": "VIC",
        "price": "1140",
        "price_per_unit": "3257",
        "price_unit": "KG"
      },
      {
        "state": "QLD",
        "price": "1140",
        "price_per_unit": "3257",
        "price_unit": "KG"
      },
      {
        "state": "QLD",
        "price": "1140",
        "price_per_unit": "3257",
        "price_unit": "KG"
      },
      {
        "state": "WA",
        "price": "1140",
        "price_per_unit": "3257",
        "price_unit": "KG"
      },
      {
        "state": "WA",
        "price": "1140",
        "price_per_unit": "3257",
        "price_unit": "KG"
      },
      {
        "state": "SA",
        "price": "1140",
        "price_per_unit": "3257",
        "price_unit": "KG"
      },
      {
        "state": "SA",
        "price": "1140",
        "price_per_unit": "3257",
        "price_unit": "KG"
      },
      {
        "state": "TAS",
        "price": "1140",
        "price_per_unit": "3257",
        "price_unit": "KG"
      },
      {
        "state": "TAS",
        "price": "1140",
        "price_per_unit": "3257",
        "price_unit": "KG"
      },
      {
        "state": "ACT",
        "price": "1140",
        "price_per_unit": "3257",
        "price_unit": "KG"
      },
      {
        "state": "ACT",
        "price": "1140",
        "price_per_unit": "3257",
        "price_unit": "KG"
      },
      {
        "state": "NT",
        "price": "1140",
        "price_per_unit": "3257",
        "price_unit": "KG"
      },
      {
        "state": "NT",
        "price": "1140",
        "price_per_unit": "3257",
        "price_unit": "KG"
      }
    ]
  },
  {
    "source_url": "https://www.woolworths.com.au/shop/productdetails/924706/yarra-valley-persian-fetta",
    "name": "Yarra Valley Persian Fetta 180g",
    "image_url": "https://cdn1.woolworths.media/content/wowproductimages/large/924706.jpg",
    "source_id": "Woolworths - 924706",
    "barcode": "9326105000679",
    "shop": "Woolworths",
    "weight": "1KG",
    "prices": [
      {
        "state": "NSW",
        "price": "730",
        "price_per_unit": "4056",
        "price_unit": "KG"
      },
      {
        "state": "NSW",
        "price": "730",
        "price_per_unit": "4056",
        "price_unit": "KG"
      },
      {
        "state": "WA",
        "price": "730",
        "price_per_unit": "4056",
        "price_unit": "KG"
      },
      {
        "state": "WA",
        "price": "730",
        "price_per_unit": "4056",
        "price_unit": "KG"
      },
      {
        "state": "TAS",
        "price": "730",
        "price_per_unit": "4056",
        "price_unit": "KG"
      },
      {
        "state": "TAS",
        "price": "730",
        "price_per_unit": "4056",
        "price_unit": "KG"
      },
      {
        "state": "ACT",
        "price": "730",
        "price_per_unit": "4056",
        "price_unit": "KG"
      },
      {
        "state": "ACT",
        "price": "730",
        "price_per_unit": "4056",
        "price_unit": "KG"
      },
      {
        "state": "NT",
        "price": "730",
        "price_per_unit": "4056",
        "price_unit": "KG"
      },
      {
        "state": "NT",
        "price": "730",
        "price_per_unit": "4056",
        "price_unit": "KG"
      }
    ]
  },
  {
    "source_url": "https://www.woolworths.com.au/shop/productdetails/239585/yarra-valley-persian-fetta-dill-chives",
    "name": "Yarra Valley Persian Fetta Dill & Chives 180g",
    "image_url": "https://cdn1.woolworths.media/content/wowproductimages/large/239585.jpg",
    "source_id": "Woolworths - 239585",
    "barcode": "9326105000457",
    "shop": "Woolworths",
    "weight": "1KG",
    "prices": [
      {
        "state": "NSW",
        "price": "730",
        "price_per_unit": "4056",
        "price_unit": "KG"
      },
      {
        "state": "NSW",
        "price": "730",
        "price_per_unit": "4056",
        "price_unit": "KG"
      },
      {
        "state": "SA",
        "price": "730",
        "price_per_unit": "4056",
        "price_unit": "KG"
      },
      {
        "state": "SA",
        "price": "730",
        "price_per_unit": "4056",
        "price_unit": "KG"
      },
      {
        "state": "TAS",
        "price": "730",
        "price_per_unit": "4056",
        "price_unit": "KG"
      },
      {
        "state": "TAS",
        "price": "730",
        "price_per_unit": "4056",
        "price_unit": "KG"
      },
      {
        "state": "ACT",
        "price": "730",
        "price_per_unit": "4056",
        "price_unit": "KG"
      },
      {
        "state": "ACT",
        "price": "730",
        "price_per_unit": "4056",
        "price_unit": "KG"
      },
      {
        "state": "NT",
        "price": "730",
        "price_per_unit": "4056",
        "price_unit": "KG"
      },
      {
        "state": "NT",
        "price": "730",
        "price_per_unit": "4056",
        "price_unit": "KG"
      }
    ]
  },
  {
    "source_url": "https://www.woolworths.com.au/shop/productdetails/415975/barambah-organics-cottage-cheese",
    "name": "Barambah Organics Cottage Cheese 200g",
    "image_url": "https://cdn1.woolworths.media/content/wowproductimages/large/415975.jpg",
    "source_id": "Woolworths - 415975",
    "barcode": "9332172020533",
    "shop": "Woolworths",
    "weight": "1KG",
    "prices": [
      {
        "state": "NSW",
        "price": "430",
        "price_per_unit": "2150",
        "price_unit": "KG"
      },
      {
        "state": "VIC",
        "price": "430",
        "price_per_unit": "2150",
        "price_unit": "KG"
      },
      {
        "state": "QLD",
        "price": "430",
        "price_per_unit": "2150",
        "price_unit": "KG"
      },
      {
        "state": "ACT",
        "price": "430",
        "price_per_unit": "2150",
        "price_unit": "KG"
      }
    ]
  },
  {
    "source_url": "https://www.woolworths.com.au/shop/productdetails/420751/barambah-organics-feta-cheese-block",
    "name": "Barambah Organics Feta Cheese Block 250g",
    "image_url": "https://cdn1.woolworths.media/content/wowproductimages/large/420751.jpg",
    "source_id": "Woolworths - 420751",
    "barcode": "9332172020519",
    "shop": "Woolworths",
    "weight": "1KG",
    "prices": [
      {
        "state": "VIC",
        "price": "800",
        "price_per_unit": "3200",
        "price_unit": "KG"
      },
      {
        "state": "QLD",
        "price": "800",
        "price_per_unit": "3200",
        "price_unit": "KG"
      },
      {
        "state": "ACT",
        "price": "800",
        "price_per_unit": "3200",
        "price_unit": "KG"
      }
    ]
  },
  {
    "source_url": "https://www.woolworths.com.au/shop/productdetails/757097/brancourts-cottage-cheese-classic",
    "name": "Brancourts Cottage Cheese Classic 250g",
    "image_url": "https://cdn1.woolworths.media/content/wowproductimages/large/757097.jpg",
    "source_id": "Woolworths - 757097",
    "barcode": "9311174005205",
    "shop": "Woolworths",
    "weight": "1KG",
    "prices": [
      {
        "state": "NSW",
        "price": "400",
        "price_per_unit": "1600",
        "price_unit": "KG"
      },
      {
        "state": "VIC",
        "price": "400",
        "price_per_unit": "1600",
        "price_unit": "KG"
      },
      {
        "state": "QLD",
        "price": "400",
        "price_per_unit": "1600",
        "price_unit": "KG"
      },
      {
        "state": "SA",
        "price": "400",
        "price_per_unit": "1600",
        "price_unit": "KG"
      },
      {
        "state": "TAS",
        "price": "400",
        "price_per_unit": "1600",
        "price_unit": "KG"
      },
      {
        "state": "ACT",
        "price": "400",
        "price_per_unit": "1600",
        "price_unit": "KG"
      },
      {
        "state": "NT",
        "price": "400",
        "price_per_unit": "1600",
        "price_unit": "KG"
      }
    ]
  },
  {
    "source_url": "https://www.woolworths.com.au/shop/productdetails/902834/brancourts-low-fat-cottage-cheese",
    "name": "Brancourts Low Fat Cottage Cheese 200g",
    "image_url": "https://cdn1.woolworths.media/content/wowproductimages/large/902834.jpg",
    "source_id": "Woolworths - 902834",
    "barcode": "9311174005489",
    "shop": "Woolworths",
    "weight": "1KG",
    "prices": [
      {
        "state": "NSW",
        "price": "380",
        "price_per_unit": "1900",
        "price_unit": "KG"
      },
      {
        "state": "VIC",
        "price": "380",
        "price_per_unit": "1900",
        "price_unit": "KG"
      },
      {
        "state": "QLD",
        "price": "380",
        "price_per_unit": "1900",
        "price_unit": "KG"
      },
      {
        "state": "WA",
        "price": "380",
        "price_per_unit": "1900",
        "price_unit": "KG"
      },
      {
        "state": "SA",
        "price": "380",
        "price_per_unit": "1900",
        "price_unit": "KG"
      },
      {
        "state": "TAS",
        "price": "380",
        "price_per_unit": "1900",
        "price_unit": "KG"
      },
      {
        "state": "ACT",
        "price": "380",
        "price_per_unit": "1900",
        "price_unit": "KG"
      },
      {
        "state": "NT",
        "price": "380",
        "price_per_unit": "1900",
        "price_unit": "KG"
      }
    ]
  },
  {
    "source_url": "https://www.woolworths.com.au/shop/productdetails/41404/bulla-cottage-cheese-onion-chives",
    "name": "Bulla Cottage Cheese Onion & Chives 200g",
    "image_url": "https://cdn1.woolworths.media/content/wowproductimages/large/041404.jpg",
    "source_id": "Woolworths - 41404",
    "barcode": "9310161005020",
    "shop": "Woolworths",
    "weight": "1KG",
    "prices": [
      {
        "state": "NSW",
        "price": "380",
        "price_per_unit": "1900",
        "price_unit": "KG"
      },
      {
        "state": "VIC",
        "price": "380",
        "price_per_unit": "1900",
        "price_unit": "KG"
      },
      {
        "state": "QLD",
        "price": "380",
        "price_per_unit": "1900",
        "price_unit": "KG"
      },
      {
        "state": "WA",
        "price": "380",
        "price_per_unit": "1900",
        "price_unit": "KG"
      },
      {
        "state": "SA",
        "price": "380",
        "price_per_unit": "1900",
        "price_unit": "KG"
      },
      {
        "state": "ACT",
        "price": "380",
        "price_per_unit": "1900",
        "price_unit": "KG"
      },
      {
        "state": "NT",
        "price": "380",
        "price_per_unit": "1900",
        "price_unit": "KG"
      }
    ]
  },
  {
    "source_url": "https://www.woolworths.com.au/shop/productdetails/41402/bulla-cottage-cheese-original",
    "name": "Bulla Cottage Cheese Original 200g",
    "image_url": "https://cdn1.woolworths.media/content/wowproductimages/large/041402.jpg",
    "source_id": "Woolworths - 41402",
    "barcode": "9310161005006",
    "shop": "Woolworths",
    "weight": "1KG",
    "prices": [
      {
        "state": "NSW",
        "price": "380",
        "price_per_unit": "1900",
        "price_unit": "KG"
      },
      {
        "state": "VIC",
        "price": "380",
        "price_per_unit": "1900",
        "price_unit": "KG"
      },
      {
        "state": "QLD",
        "price": "380",
        "price_per_unit": "1900",
        "price_unit": "KG"
      },
      {
        "state": "WA",
        "price": "380",
        "price_per_unit": "1900",
        "price_unit": "KG"
      },
      {
        "state": "SA",
        "price": "380",
        "price_per_unit": "1900",
        "price_unit": "KG"
      },
      {
        "state": "TAS",
        "price": "380",
        "price_per_unit": "1900",
        "price_unit": "KG"
      },
      {
        "state": "ACT",
        "price": "380",
        "price_per_unit": "1900",
        "price_unit": "KG"
      },
      {
        "state": "NT",
        "price": "380",
        "price_per_unit": "1900",
        "price_unit": "KG"
      }
    ]
  },
  {
    "source_url": "https://www.woolworths.com.au/shop/productdetails/360847/bulla-cottage-cheese-plain-cheese",
    "name": "Bulla Cottage Cheese Plain Cheese 500g",
    "image_url": "https://cdn1.woolworths.media/content/wowproductimages/large/360847.jpg",
    "source_id": "Woolworths - 360847",
    "barcode": "9310161005051",
    "shop": "Woolworths",
    "weight": "1KG",
    "prices": [
      {
        "state": "VIC",
        "price": "600",
        "price_per_unit": "1200",
        "price_unit": "KG"
      },
      {
        "state": "QLD",
        "price": "600",
        "price_per_unit": "1200",
        "price_unit": "KG"
      },
      {
        "state": "WA",
        "price": "600",
        "price_per_unit": "1200",
        "price_unit": "KG"
      },
      {
        "state": "SA",
        "price": "600",
        "price_per_unit": "1200",
        "price_unit": "KG"
      },
      {
        "state": "TAS",
        "price": "600",
        "price_per_unit": "1200",
        "price_unit": "KG"
      },
      {
        "state": "ACT",
        "price": "600",
        "price_per_unit": "1200",
        "price_unit": "KG"
      }
    ]
  },
  {
    "source_url": "https://www.woolworths.com.au/shop/productdetails/611883/castello-greek-style-cheese",
    "name": "Castello Greek Style Cheese 430g",
    "image_url": "https://cdn1.woolworths.media/content/wowproductimages/large/611883.jpg",
    "source_id": "Woolworths - 611883",
    "barcode": "5711953057021",
    "shop": "Woolworths",
    "weight": "1KG",
    "prices": [
      {
        "state": "NSW",
        "price": "300",
        "price_per_unit": "698",
        "price_unit": "KG"
      },
      {
        "state": "VIC",
        "price": "300",
        "price_per_unit": "698",
        "price_unit": "KG"
      },
      {
        "state": "QLD",
        "price": "300",
        "price_per_unit": "698",
        "price_unit": "KG"
      },
      {
        "state": "SA",
        "price": "300",
        "price_per_unit": "698",
        "price_unit": "KG"
      },
      {
        "state": "TAS",
        "price": "300",
        "price_per_unit": "698",
        "price_unit": "KG"
      },
      {
        "state": "NT",
        "price": "300",
        "price_per_unit": "698",
        "price_unit": "KG"
      }
    ]
  },
  {
    "source_url": "https://www.woolworths.com.au/shop/productdetails/166625/cheer-cheese-tasty-cheese-block",
    "name": "Cheer Cheese Tasty Cheese Block 1kg",
    "image_url": "https://cdn1.woolworths.media/content/wowproductimages/large/166625.jpg",
    "source_id": "Woolworths - 166625",
    "barcode": "9311482014562",
    "shop": "Woolworths",
    "weight": "1KG",
    "prices": [
      {
        "state": "NSW",
        "price": "1495",
        "price_per_unit": "1495",
        "price_unit": "KG"
      },
      {
        "state": "VIC",
        "price": "1495",
        "price_per_unit": "1495",
        "price_unit": "KG"
      },
      {
        "state": "QLD",
        "price": "1495",
        "price_per_unit": "1495",
        "price_unit": "KG"
      },
      {
        "state": "WA",
        "price": "1495",
        "price_per_unit": "1495",
        "price_unit": "KG"
      },
      {
        "state": "SA",
        "price": "1495",
        "price_per_unit": "1495",
        "price_unit": "KG"
      },
      {
        "state": "TAS",
        "price": "1495",
        "price_per_unit": "1495",
        "price_unit": "KG"
      },
      {
        "state": "ACT",
        "price": "1495",
        "price_per_unit": "1495",
        "price_unit": "KG"
      },
      {
        "state": "NT",
        "price": "1495",
        "price_per_unit": "1495",
        "price_unit": "KG"
      }
    ]
  },
  {
    "source_url": "https://www.woolworths.com.au/shop/productdetails/193761/devondale-colby-cheese-block",
    "name": "Devondale Colby Cheese Block 625g",
    "image_url": "https://cdn1.woolworths.media/content/wowproductimages/large/193761.jpg",
    "source_id": "Woolworths - 193761",
    "barcode": "9300639151335",
    "shop": "Woolworths",
    "weight": "1KG",
    "prices": [
      {
        "state": "NSW",
        "price": "1080",
        "price_per_unit": "1728",
        "price_unit": "KG"
      },
      {
        "state": "VIC",
        "price": "1080",
        "price_per_unit": "1728",
        "price_unit": "KG"
      },
      {
        "state": "QLD",
        "price": "1080",
        "price_per_unit": "1728",
        "price_unit": "KG"
      },
      {
        "state": "WA",
        "price": "1080",
        "price_per_unit": "1728",
        "price_unit": "KG"
      },
      {
        "state": "SA",
        "price": "1080",
        "price_per_unit": "1728",
        "price_unit": "KG"
      },
      {
        "state": "TAS",
        "price": "1080",
        "price_per_unit": "1728",
        "price_unit": "KG"
      },
      {
        "state": "ACT",
        "price": "1080",
        "price_per_unit": "1728",
        "price_unit": "KG"
      },
      {
        "state": "NT",
        "price": "1080",
        "price_per_unit": "1728",
        "price_unit": "KG"
      }
    ]
  },
  {
    "source_url": "https://www.woolworths.com.au/shop/productdetails/193763/devondale-tasty-cheese-block",
    "name": "Devondale Tasty Cheese Block 625g",
    "image_url": "https://cdn1.woolworths.media/content/wowproductimages/large/193763.jpg",
    "source_id": "Woolworths - 193763",
    "barcode": "9300639151342",
    "shop": "Woolworths",
    "weight": "1KG",
    "prices": [
      {
        "state": "NSW",
        "price": "1080",
        "price_per_unit": "1728",
        "price_unit": "KG"
      },
      {
        "state": "VIC",
        "price": "1080",
        "price_per_unit": "1728",
        "price_unit": "KG"
      },
      {
        "state": "QLD",
        "price": "1080",
        "price_per_unit": "1728",
        "price_unit": "KG"
      },
      {
        "state": "WA",
        "price": "1080",
        "price_per_unit": "1728",
        "price_unit": "KG"
      },
      {
        "state": "SA",
        "price": "1080",
        "price_per_unit": "1728",
        "price_unit": "KG"
      },
      {
        "state": "TAS",
        "price": "1080",
        "price_per_unit": "1728",
        "price_unit": "KG"
      },
      {
        "state": "ACT",
        "price": "1080",
        "price_per_unit": "1728",
        "price_unit": "KG"
      },
      {
        "state": "NT",
        "price": "1080",
        "price_per_unit": "1728",
        "price_unit": "KG"
      }
    ]
  },
  {
    "source_url": "https://www.woolworths.com.au/shop/productdetails/627367/dodoni-cypriot-halloumi",
    "name": "Dodoni Cypriot Halloumi 225g",
    "image_url": "https://cdn1.woolworths.media/content/wowproductimages/large/627367.jpg",
    "source_id": "Woolworths - 627367",
    "barcode": "5201168915013",
    "shop": "Woolworths",
    "weight": "1KG",
    "prices": [
      {
        "state": "NSW",
        "price": "750",
        "price_per_unit": "3333",
        "price_unit": "KG"
      },
      {
        "state": "QLD",
        "price": "750",
        "price_per_unit": "3333",
        "price_unit": "KG"
      },
      {
        "state": "WA",
        "price": "750",
        "price_per_unit": "3333",
        "price_unit": "KG"
      },
      {
        "state": "SA",
        "price": "750",
        "price_per_unit": "3333",
        "price_unit": "KG"
      },
      {
        "state": "TAS",
        "price": "750",
        "price_per_unit": "3333",
        "price_unit": "KG"
      },
      {
        "state": "ACT",
        "price": "750",
        "price_per_unit": "3333",
        "price_unit": "KG"
      },
      {
        "state": "NT",
        "price": "750",
        "price_per_unit": "3333",
        "price_unit": "KG"
      }
    ]
  },
  {
    "source_url": "https://www.woolworths.com.au/shop/productdetails/328103/dodoni-greek-feta-cheese",
    "name": "Dodoni Greek Feta Cheese 400g",
    "image_url": "https://cdn1.woolworths.media/content/wowproductimages/large/328103.jpg",
    "source_id": "Woolworths - 328103",
    "barcode": "5201168215649",
    "shop": "Woolworths",
    "weight": "1KG",
    "prices": [
      {
        "state": "NSW",
        "price": "1850",
        "price_per_unit": "4625",
        "price_unit": "KG"
      },
      {
        "state": "VIC",
        "price": "1850",
        "price_per_unit": "4625",
        "price_unit": "KG"
      },
      {
        "state": "QLD",
        "price": "1850",
        "price_per_unit": "4625",
        "price_unit": "KG"
      },
      {
        "state": "WA",
        "price": "1850",
        "price_per_unit": "4625",
        "price_unit": "KG"
      },
      {
        "state": "SA",
        "price": "1850",
        "price_per_unit": "4625",
        "price_unit": "KG"
      },
      {
        "state": "ACT",
        "price": "1850",
        "price_per_unit": "4625",
        "price_unit": "KG"
      },
      {
        "state": "NT",
        "price": "1850",
        "price_per_unit": "4625",
        "price_unit": "KG"
      }
    ]
  },
  {
    "source_url": "https://www.woolworths.com.au/shop/productdetails/209155/dodoni-greek-fetta-cheese",
    "name": "Dodoni Greek Fetta Cheese 150g",
    "image_url": "https://cdn1.woolworths.media/content/wowproductimages/large/209155.jpg",
    "source_id": "Woolworths - 209155",
    "barcode": "5201168815207",
    "shop": "Woolworths",
    "weight": "1KG",
    "prices": [
      {
        "state": "NSW",
        "price": "600",
        "price_per_unit": "4000",
        "price_unit": "KG"
      },
      {
        "state": "VIC",
        "price": "600",
        "price_per_unit": "4000",
        "price_unit": "KG"
      },
      {
        "state": "QLD",
        "price": "600",
        "price_per_unit": "4000",
        "price_unit": "KG"
      },
      {
        "state": "WA",
        "price": "600",
        "price_per_unit": "4000",
        "price_unit": "KG"
      },
      {
        "state": "SA",
        "price": "600",
        "price_per_unit": "4000",
        "price_unit": "KG"
      },
      {
        "state": "TAS",
        "price": "600",
        "price_per_unit": "4000",
        "price_unit": "KG"
      },
      {
        "state": "ACT",
        "price": "600",
        "price_per_unit": "4000",
        "price_unit": "KG"
      },
      {
        "state": "NT",
        "price": "600",
        "price_per_unit": "4000",
        "price_unit": "KG"
      }
    ]
  },
  {
    "source_url": "https://www.woolworths.com.au/shop/productdetails/500187/hillview-cheese-block",
    "name": "Hillview Cheese Block 1kg",
    "image_url": "https://cdn1.woolworths.media/content/wowproductimages/large/500187.jpg",
    "source_id": "Woolworths - 500187",
    "barcode": "9300633539047",
    "shop": "Woolworths",
    "weight": "1KG",
    "prices": [
      {
        "state": "NSW",
        "price": "990",
        "price_per_unit": "990",
        "price_unit": "KG"
      },
      {
        "state": "VIC",
        "price": "990",
        "price_per_unit": "990",
        "price_unit": "KG"
      },
      {
        "state": "QLD",
        "price": "990",
        "price_per_unit": "990",
        "price_unit": "KG"
      },
      {
        "state": "WA",
        "price": "990",
        "price_per_unit": "990",
        "price_unit": "KG"
      },
      {
        "state": "SA",
        "price": "990",
        "price_per_unit": "990",
        "price_unit": "KG"
      },
      {
        "state": "TAS",
        "price": "990",
        "price_per_unit": "990",
        "price_unit": "KG"
      },
      {
        "state": "ACT",
        "price": "990",
        "price_per_unit": "990",
        "price_unit": "KG"
      },
      {
        "state": "NT",
        "price": "990",
        "price_per_unit": "990",
        "price_unit": "KG"
      }
    ]
  },
  {
    "source_url": "https://www.woolworths.com.au/shop/productdetails/240822/la-casa-del-formaggio-bambini-bocconcini",
    "name": "La Casa Del Formaggio Bambini Bocconcini 220g",
    "image_url": "https://cdn1.woolworths.media/content/wowproductimages/large/240822.jpg",
    "source_id": "Woolworths - 240822",
    "barcode": "9324924000146",
    "shop": "Woolworths",
    "weight": "1KG",
    "prices": [
      {
        "state": "NSW",
        "price": "600",
        "price_per_unit": "2727",
        "price_unit": "KG"
      },
      {
        "state": "VIC",
        "price": "600",
        "price_per_unit": "2727",
        "price_unit": "KG"
      },
      {
        "state": "QLD",
        "price": "600",
        "price_per_unit": "2727",
        "price_unit": "KG"
      },
      {
        "state": "WA",
        "price": "600",
        "price_per_unit": "2727",
        "price_unit": "KG"
      },
      {
        "state": "SA",
        "price": "600",
        "price_per_unit": "2727",
        "price_unit": "KG"
      },
      {
        "state": "TAS",
        "price": "600",
        "price_per_unit": "2727",
        "price_unit": "KG"
      },
      {
        "state": "ACT",
        "price": "600",
        "price_per_unit": "2727",
        "price_unit": "KG"
      },
      {
        "state": "NT",
        "price": "600",
        "price_per_unit": "2727",
        "price_unit": "KG"
      }
    ]
  },
  {
    "source_url": "https://www.woolworths.com.au/shop/productdetails/725680/la-casa-del-formaggio-burrata",
    "name": "La Casa Del Formaggio Burrata 150g",
    "image_url": "https://cdn1.woolworths.media/content/wowproductimages/large/725680.jpg",
    "source_id": "Woolworths - 725680",
    "barcode": "9324924000740",
    "shop": "Woolworths",
    "weight": "1KG",
    "prices": [
      {
        "state": "NSW",
        "price": "650",
        "price_per_unit": "4333",
        "price_unit": "KG"
      },
      {
        "state": "VIC",
        "price": "650",
        "price_per_unit": "4333",
        "price_unit": "KG"
      },
      {
        "state": "QLD",
        "price": "650",
        "price_per_unit": "4333",
        "price_unit": "KG"
      },
      {
        "state": "WA",
        "price": "650",
        "price_per_unit": "4333",
        "price_unit": "KG"
      },
      {
        "state": "SA",
        "price": "650",
        "price_per_unit": "4333",
        "price_unit": "KG"
      },
      {
        "state": "TAS",
        "price": "650",
        "price_per_unit": "4333",
        "price_unit": "KG"
      },
      {
        "state": "ACT",
        "price": "650",
        "price_per_unit": "4333",
        "price_unit": "KG"
      },
      {
        "state": "NT",
        "price": "650",
        "price_per_unit": "4333",
        "price_unit": "KG"
      }
    ]
  },
  {
    "source_url": "https://www.woolworths.com.au/shop/productdetails/757527/la-casa-del-formaggio-cherry-bocconcini",
    "name": "La Casa Del Formaggio Cherry Bocconcini 220g",
    "image_url": "https://cdn1.woolworths.media/content/wowproductimages/large/757527.jpg",
    "source_id": "Woolworths - 757527",
    "barcode": "9324924000030",
    "shop": "Woolworths",
    "weight": "1KG",
    "prices": [
      {
        "state": "NSW",
        "price": "600",
        "price_per_unit": "2727",
        "price_unit": "KG"
      },
      {
        "state": "VIC",
        "price": "600",
        "price_per_unit": "2727",
        "price_unit": "KG"
      },
      {
        "state": "QLD",
        "price": "600",
        "price_per_unit": "2727",
        "price_unit": "KG"
      },
      {
        "state": "WA",
        "price": "600",
        "price_per_unit": "2727",
        "price_unit": "KG"
      },
      {
        "state": "SA",
        "price": "600",
        "price_per_unit": "2727",
        "price_unit": "KG"
      },
      {
        "state": "TAS",
        "price": "600",
        "price_per_unit": "2727",
        "price_unit": "KG"
      },
      {
        "state": "ACT",
        "price": "600",
        "price_per_unit": "2727",
        "price_unit": "KG"
      },
      {
        "state": "NT",
        "price": "600",
        "price_per_unit": "2727",
        "price_unit": "KG"
      }
    ]
  },
  {
    "source_url": "https://www.woolworths.com.au/shop/productdetails/732059/la-casa-del-formaggio-fresh-mozzarella",
    "name": "La Casa Del Formaggio Fresh Mozzarella 125g",
    "image_url": "https://cdn1.woolworths.media/content/wowproductimages/large/732059.jpg",
    "source_id": "Woolworths - 732059",
    "barcode": "9324924000764",
    "shop": "Woolworths",
    "weight": "1KG",
    "prices": [
      {
        "state": "NSW",
        "price": "300",
        "price_per_unit": "2400",
        "price_unit": "KG"
      },
      {
        "state": "VIC",
        "price": "300",
        "price_per_unit": "2400",
        "price_unit": "KG"
      },
      {
        "state": "QLD",
        "price": "300",
        "price_per_unit": "2400",
        "price_unit": "KG"
      },
      {
        "state": "WA",
        "price": "300",
        "price_per_unit": "2400",
        "price_unit": "KG"
      },
      {
        "state": "SA",
        "price": "300",
        "price_per_unit": "2400",
        "price_unit": "KG"
      },
      {
        "state": "TAS",
        "price": "300",
        "price_per_unit": "2400",
        "price_unit": "KG"
      },
      {
        "state": "ACT",
        "price": "300",
        "price_per_unit": "2400",
        "price_unit": "KG"
      },
      {
        "state": "NT",
        "price": "300",
        "price_per_unit": "2400",
        "price_unit": "KG"
      }
    ]
  },
  {
    "source_url": "https://www.woolworths.com.au/shop/productdetails/763149/la-casa-del-formaggio-fresh-mozzarella",
    "name": "La Casa Del Formaggio Fresh Mozzarella 200g",
    "image_url": "https://cdn1.woolworths.media/content/wowproductimages/large/763149.jpg",
    "source_id": "Woolworths - 763149",
    "barcode": "9324924000399",
    "shop": "Woolworths",
    "weight": "1KG",
    "prices": [
      {
        "state": "NSW",
        "price": "600",
        "price_per_unit": "3000",
        "price_unit": "KG"
      },
      {
        "state": "VIC",
        "price": "600",
        "price_per_unit": "3000",
        "price_unit": "KG"
      },
      {
        "state": "QLD",
        "price": "600",
        "price_per_unit": "3000",
        "price_unit": "KG"
      },
      {
        "state": "WA",
        "price": "600",
        "price_per_unit": "3000",
        "price_unit": "KG"
      },
      {
        "state": "SA",
        "price": "600",
        "price_per_unit": "3000",
        "price_unit": "KG"
      },
      {
        "state": "TAS",
        "price": "600",
        "price_per_unit": "3000",
        "price_unit": "KG"
      },
      {
        "state": "ACT",
        "price": "600",
        "price_per_unit": "3000",
        "price_unit": "KG"
      },
      {
        "state": "NT",
        "price": "600",
        "price_per_unit": "3000",
        "price_unit": "KG"
      }
    ]
  },
  {
    "source_url": "https://www.woolworths.com.au/shop/productdetails/306390/la-casa-del-formaggio-fresh-mozzarella-slices",
    "name": "La Casa Del Formaggio Fresh Mozzarella Slices 200g",
    "image_url": "https://cdn1.woolworths.media/content/wowproductimages/large/306390.jpg",
    "source_id": "Woolworths - 306390",
    "barcode": "9324924000849",
    "shop": "Woolworths",
    "weight": "1KG",
    "prices": [
      {
        "state": "NSW",
        "price": "600",
        "price_per_unit": "3000",
        "price_unit": "KG"
      },
      {
        "state": "VIC",
        "price": "600",
        "price_per_unit": "3000",
        "price_unit": "KG"
      },
      {
        "state": "QLD",
        "price": "600",
        "price_per_unit": "3000",
        "price_unit": "KG"
      },
      {
        "state": "WA",
        "price": "600",
        "price_per_unit": "3000",
        "price_unit": "KG"
      }
    ]
  },
  {
    "source_url": "https://www.woolworths.com.au/shop/productdetails/251571/la-casa-del-formaggio-mozzarella-ball",
    "name": "La Casa Del Formaggio Mozzarella Ball 450g",
    "image_url": "https://cdn1.woolworths.media/content/wowproductimages/large/251571.jpg",
    "source_id": "Woolworths - 251571",
    "barcode": "9324924000016",
    "shop": "Woolworths",
    "weight": "1KG",
    "prices": [
      {
        "state": "NSW",
        "price": "800",
        "price_per_unit": "1778",
        "price_unit": "KG"
      },
      {
        "state": "VIC",
        "price": "800",
        "price_per_unit": "1778",
        "price_unit": "KG"
      },
      {
        "state": "QLD",
        "price": "800",
        "price_per_unit": "1778",
        "price_unit": "KG"
      },
      {
        "state": "WA",
        "price": "800",
        "price_per_unit": "1778",
        "price_unit": "KG"
      },
      {
        "state": "SA",
        "price": "800",
        "price_per_unit": "1778",
        "price_unit": "KG"
      },
      {
        "state": "TAS",
        "price": "800",
        "price_per_unit": "1778",
        "price_unit": "KG"
      },
      {
        "state": "ACT",
        "price": "800",
        "price_per_unit": "1778",
        "price_unit": "KG"
      },
      {
        "state": "NT",
        "price": "800",
        "price_per_unit": "1778",
        "price_unit": "KG"
      }
    ]
  },
  {
    "source_url": "https://www.woolworths.com.au/shop/productdetails/261472/la-casa-del-formaggio-traditional-bocconcini",
    "name": "La Casa Del Formaggio Traditional Bocconcini 220g",
    "image_url": "https://cdn1.woolworths.media/content/wowproductimages/large/261472.jpg",
    "source_id": "Woolworths - 261472",
    "barcode": "9324924000023",
    "shop": "Woolworths",
    "weight": "1KG",
    "prices": [
      {
        "state": "NSW",
        "price": "600",
        "price_per_unit": "2727",
        "price_unit": "KG"
      },
      {
        "state": "VIC",
        "price": "600",
        "price_per_unit": "2727",
        "price_unit": "KG"
      },
      {
        "state": "QLD",
        "price": "600",
        "price_per_unit": "2727",
        "price_unit": "KG"
      },
      {
        "state": "WA",
        "price": "600",
        "price_per_unit": "2727",
        "price_unit": "KG"
      },
      {
        "state": "SA",
        "price": "600",
        "price_per_unit": "2727",
        "price_unit": "KG"
      },
      {
        "state": "TAS",
        "price": "600",
        "price_per_unit": "2727",
        "price_unit": "KG"
      },
      {
        "state": "ACT",
        "price": "600",
        "price_per_unit": "2727",
        "price_unit": "KG"
      },
      {
        "state": "NT",
        "price": "600",
        "price_per_unit": "2727",
        "price_unit": "KG"
      }
    ]
  },
  {
    "source_url": "https://www.woolworths.com.au/shop/productdetails/354824/la-casa-del-formaggio-traditional-ricotta-cheese",
    "name": "La Casa Del Formaggio Traditional Ricotta Cheese 1kg",
    "image_url": "https://cdn1.woolworths.media/content/wowproductimages/large/354824.jpg",
    "source_id": "Woolworths - 354824",
    "barcode": "9324924000733",
    "shop": "Woolworths",
    "weight": "1KG",
    "prices": [
      {
        "state": "NSW",
        "price": "1100",
        "price_per_unit": "1100",
        "price_unit": "KG"
      },
      {
        "state": "VIC",
        "price": "1100",
        "price_per_unit": "1100",
        "price_unit": "KG"
      },
      {
        "state": "QLD",
        "price": "1100",
        "price_per_unit": "1100",
        "price_unit": "KG"
      },
      {
        "state": "WA",
        "price": "1100",
        "price_per_unit": "1100",
        "price_unit": "KG"
      },
      {
        "state": "SA",
        "price": "1100",
        "price_per_unit": "1100",
        "price_unit": "KG"
      },
      {
        "state": "ACT",
        "price": "1100",
        "price_per_unit": "1100",
        "price_unit": "KG"
      },
      {
        "state": "NT",
        "price": "1100",
        "price_per_unit": "1100",
        "price_unit": "KG"
      }
    ]
  },
  {
    "source_url": "https://www.woolworths.com.au/shop/productdetails/485598/lemnos-cheese-fetta",
    "name": "Lemnos Cheese Fetta 2 Pack",
    "image_url": "https://cdn1.woolworths.media/content/wowproductimages/large/485598.jpg",
    "source_id": "Woolworths - 485598",
    "barcode": "9316389001684",
    "shop": "Woolworths",
    "weight": "1KG",
    "prices": [
      {
        "state": "NSW",
        "price": "700",
        "price_per_unit": "3500",
        "price_unit": "KG"
      },
      {
        "state": "VIC",
        "price": "700",
        "price_per_unit": "3500",
        "price_unit": "KG"
      },
      {
        "state": "QLD",
        "price": "700",
        "price_per_unit": "3500",
        "price_unit": "KG"
      },
      {
        "state": "WA",
        "price": "700",
        "price_per_unit": "3500",
        "price_unit": "KG"
      },
      {
        "state": "SA",
        "price": "700",
        "price_per_unit": "3500",
        "price_unit": "KG"
      },
      {
        "state": "TAS",
        "price": "700",
        "price_per_unit": "3500",
        "price_unit": "KG"
      },
      {
        "state": "ACT",
        "price": "700",
        "price_per_unit": "3500",
        "price_unit": "KG"
      },
      {
        "state": "NT",
        "price": "700",
        "price_per_unit": "3500",
        "price_unit": "KG"
      }
    ]
  },
  {
    "source_url": "https://www.woolworths.com.au/shop/productdetails/162588/lemnos-haloumi-cheese",
    "name": "Lemnos Haloumi Cheese 180g",
    "image_url": "https://cdn1.woolworths.media/content/wowproductimages/large/162588.jpg",
    "source_id": "Woolworths - 162588",
    "barcode": "9316389000359",
    "shop": "Woolworths",
    "weight": "1KG",
    "prices": [
      {
        "state": "NSW",
        "price": "560",
        "price_per_unit": "3111",
        "price_unit": "KG"
      },
      {
        "state": "VIC",
        "price": "560",
        "price_per_unit": "3111",
        "price_unit": "KG"
      },
      {
        "state": "QLD",
        "price": "560",
        "price_per_unit": "3111",
        "price_unit": "KG"
      },
      {
        "state": "WA",
        "price": "560",
        "price_per_unit": "3111",
        "price_unit": "KG"
      },
      {
        "state": "SA",
        "price": "560",
        "price_per_unit": "3111",
        "price_unit": "KG"
      },
      {
        "state": "TAS",
        "price": "560",
        "price_per_unit": "3111",
        "price_unit": "KG"
      },
      {
        "state": "ACT",
        "price": "560",
        "price_per_unit": "3111",
        "price_unit": "KG"
      },
      {
        "state": "NT",
        "price": "560",
        "price_per_unit": "3111",
        "price_unit": "KG"
      }
    ]
  },
  {
    "source_url": "https://www.woolworths.com.au/shop/productdetails/903591/lemnos-haloumi-cubes-plain",
    "name": "Lemnos Haloumi Cubes Plain 120g",
    "image_url": "https://cdn1.woolworths.media/content/wowproductimages/large/903591.jpg",
    "source_id": "Woolworths - 903591",
    "barcode": "9316389190609",
    "shop": "Woolworths",
    "weight": "1KG",
    "prices": [
      {
        "state": "NSW",
        "price": "520",
        "price_per_unit": "4333",
        "price_unit": "KG"
      },
      {
        "state": "VIC",
        "price": "520",
        "price_per_unit": "4333",
        "price_unit": "KG"
      },
      {
        "state": "QLD",
        "price": "520",
        "price_per_unit": "4333",
        "price_unit": "KG"
      },
      {
        "state": "WA",
        "price": "520",
        "price_per_unit": "4333",
        "price_unit": "KG"
      },
      {
        "state": "SA",
        "price": "520",
        "price_per_unit": "4333",
        "price_unit": "KG"
      },
      {
        "state": "TAS",
        "price": "520",
        "price_per_unit": "4333",
        "price_unit": "KG"
      },
      {
        "state": "ACT",
        "price": "520",
        "price_per_unit": "4333",
        "price_unit": "KG"
      },
      {
        "state": "NT",
        "price": "520",
        "price_per_unit": "4333",
        "price_unit": "KG"
      }
    ]
  },
  {
    "source_url": "https://www.woolworths.com.au/shop/productdetails/726230/lemnos-haloumi-salt-reduced",
    "name": "Lemnos Haloumi Salt Reduced 180g",
    "image_url": "https://cdn1.woolworths.media/content/wowproductimages/large/726230.jpg",
    "source_id": "Woolworths - 726230",
    "barcode": "9316389001615",
    "shop": "Woolworths",
    "weight": "1KG",
    "prices": [
      {
        "state": "NSW",
        "price": "560",
        "price_per_unit": "3111",
        "price_unit": "KG"
      },
      {
        "state": "VIC",
        "price": "560",
        "price_per_unit": "3111",
        "price_unit": "KG"
      },
      {
        "state": "QLD",
        "price": "560",
        "price_per_unit": "3111",
        "price_unit": "KG"
      },
      {
        "state": "WA",
        "price": "560",
        "price_per_unit": "3111",
        "price_unit": "KG"
      },
      {
        "state": "SA",
        "price": "560",
        "price_per_unit": "3111",
        "price_unit": "KG"
      },
      {
        "state": "TAS",
        "price": "560",
        "price_per_unit": "3111",
        "price_unit": "KG"
      },
      {
        "state": "ACT",
        "price": "560",
        "price_per_unit": "3111",
        "price_unit": "KG"
      },
      {
        "state": "NT",
        "price": "560",
        "price_per_unit": "3111",
        "price_unit": "KG"
      }
    ]
  },
  {
    "source_url": "https://www.woolworths.com.au/shop/productdetails/211134/lemnos-smooth-fetta-cheese",
    "name": "Lemnos Smooth Fetta Cheese 200g",
    "image_url": "https://cdn1.woolworths.media/content/wowproductimages/large/211134.jpg",
    "source_id": "Woolworths - 211134",
    "barcode": "9316389000106",
    "shop": "Woolworths",
    "weight": "1KG",
    "prices": [
      {
        "state": "NSW",
        "price": "650",
        "price_per_unit": "3250",
        "price_unit": "KG"
      },
      {
        "state": "VIC",
        "price": "650",
        "price_per_unit": "3250",
        "price_unit": "KG"
      },
      {
        "state": "QLD",
        "price": "650",
        "price_per_unit": "3250",
        "price_unit": "KG"
      },
      {
        "state": "WA",
        "price": "650",
        "price_per_unit": "3250",
        "price_unit": "KG"
      },
      {
        "state": "SA",
        "price": "650",
        "price_per_unit": "3250",
        "price_unit": "KG"
      },
      {
        "state": "TAS",
        "price": "650",
        "price_per_unit": "3250",
        "price_unit": "KG"
      },
      {
        "state": "ACT",
        "price": "650",
        "price_per_unit": "3250",
        "price_unit": "KG"
      },
      {
        "state": "NT",
        "price": "650",
        "price_per_unit": "3250",
        "price_unit": "KG"
      }
    ]
  },
  {
    "source_url": "https://www.woolworths.com.au/shop/productdetails/162581/lemnos-traditional-fetta",
    "name": "Lemnos Traditional Fetta 180g",
    "image_url": "https://cdn1.woolworths.media/content/wowproductimages/large/162581.jpg",
    "source_id": "Woolworths - 162581",
    "barcode": "9316389000335",
    "shop": "Woolworths",
    "weight": "1KG",
    "prices": [
      {
        "state": "NSW",
        "price": "650",
        "price_per_unit": "3611",
        "price_unit": "KG"
      },
      {
        "state": "VIC",
        "price": "650",
        "price_per_unit": "3611",
        "price_unit": "KG"
      },
      {
        "state": "QLD",
        "price": "650",
        "price_per_unit": "3611",
        "price_unit": "KG"
      },
      {
        "state": "WA",
        "price": "650",
        "price_per_unit": "3611",
        "price_unit": "KG"
      },
      {
        "state": "SA",
        "price": "650",
        "price_per_unit": "3611",
        "price_unit": "KG"
      },
      {
        "state": "TAS",
        "price": "650",
        "price_per_unit": "3611",
        "price_unit": "KG"
      },
      {
        "state": "ACT",
        "price": "650",
        "price_per_unit": "3611",
        "price_unit": "KG"
      },
      {
        "state": "NT",
        "price": "650",
        "price_per_unit": "3611",
        "price_unit": "KG"
      }
    ]
  },
  {
    "source_url": "https://www.woolworths.com.au/shop/productdetails/97321/perfect-italiano-original-ricotta-cheese-tub-ricotta",
    "name": "Perfect Italiano Original Ricotta Cheese Tub 250g",
    "image_url": "https://cdn1.woolworths.media/content/wowproductimages/large/097321.jpg",
    "source_id": "Woolworths - 97321",
    "barcode": "9300665000683",
    "shop": "Woolworths",
    "weight": "1KG",
    "prices": [
      {
        "state": "NSW",
        "price": "500",
        "price_per_unit": "2000",
        "price_unit": "KG"
      },
      {
        "state": "VIC",
        "price": "500",
        "price_per_unit": "2000",
        "price_unit": "KG"
      },
      {
        "state": "QLD",
        "price": "500",
        "price_per_unit": "2000",
        "price_unit": "KG"
      },
      {
        "state": "WA",
        "price": "500",
        "price_per_unit": "2000",
        "price_unit": "KG"
      },
      {
        "state": "SA",
        "price": "500",
        "price_per_unit": "2000",
        "price_unit": "KG"
      },
      {
        "state": "TAS",
        "price": "500",
        "price_per_unit": "2000",
        "price_unit": "KG"
      },
      {
        "state": "ACT",
        "price": "500",
        "price_per_unit": "2000",
        "price_unit": "KG"
      },
      {
        "state": "NT",
        "price": "540",
        "price_per_unit": "2160",
        "price_unit": "KG"
      }
    ]
  },
  {
    "source_url": "https://www.woolworths.com.au/shop/productdetails/19682/perfect-italiano-original-ricotta-cheese-tub-ricotta",
    "name": "Perfect Italiano Original Ricotta Cheese Tub 500g",
    "image_url": "https://cdn1.woolworths.media/content/wowproductimages/large/019682.jpg",
    "source_id": "Woolworths - 19682",
    "barcode": "9300665068256",
    "shop": "Woolworths",
    "weight": "1KG",
    "prices": [
      {
        "state": "NSW",
        "price": "630",
        "price_per_unit": "1260",
        "price_unit": "KG"
      },
      {
        "state": "VIC",
        "price": "630",
        "price_per_unit": "1260",
        "price_unit": "KG"
      },
      {
        "state": "QLD",
        "price": "630",
        "price_per_unit": "1260",
        "price_unit": "KG"
      },
      {
        "state": "WA",
        "price": "630",
        "price_per_unit": "1260",
        "price_unit": "KG"
      },
      {
        "state": "SA",
        "price": "630",
        "price_per_unit": "1260",
        "price_unit": "KG"
      },
      {
        "state": "TAS",
        "price": "630",
        "price_per_unit": "1260",
        "price_unit": "KG"
      },
      {
        "state": "ACT",
        "price": "630",
        "price_per_unit": "1260",
        "price_unit": "KG"
      },
      {
        "state": "NT",
        "price": "630",
        "price_per_unit": "1260",
        "price_unit": "KG"
      }
    ]
  },
  {
    "source_url": "https://www.woolworths.com.au/shop/productdetails/255377/philadelphia-light-cooking-cream-tub",
    "name": "Philadelphia Light Cooking Cream Tub 240ml",
    "image_url": "https://cdn1.woolworths.media/content/wowproductimages/large/255377.jpg",
    "source_id": "Woolworths - 255377",
    "barcode": "9300650451582",
    "shop": "Woolworths",
    "weight": "100ML",
    "prices": [
      {
        "state": "NSW",
        "price": "330",
        "price_per_unit": "138",
        "price_unit": "ML"
      },
      {
        "state": "VIC",
        "price": "330",
        "price_per_unit": "138",
        "price_unit": "ML"
      },
      {
        "state": "QLD",
        "price": "330",
        "price_per_unit": "138",
        "price_unit": "ML"
      },
      {
        "state": "WA",
        "price": "330",
        "price_per_unit": "138",
        "price_unit": "ML"
      },
      {
        "state": "SA",
        "price": "330",
        "price_per_unit": "138",
        "price_unit": "ML"
      },
      {
        "state": "TAS",
        "price": "330",
        "price_per_unit": "138",
        "price_unit": "ML"
      },
      {
        "state": "ACT",
        "price": "330",
        "price_per_unit": "138",
        "price_unit": "ML"
      },
      {
        "state": "NT",
        "price": "355",
        "price_per_unit": "148",
        "price_unit": "ML"
      }
    ]
  },
  {
    "source_url": "https://www.woolworths.com.au/shop/productdetails/96422/philadelphia-light-cream-cheese-spread-tub",
    "name": "Philadelphia Light Cream Cheese Spread Tub 250g",
    "image_url": "https://cdn1.woolworths.media/content/wowproductimages/large/096422.jpg",
    "source_id": "Woolworths - 96422",
    "barcode": "9300650430617",
    "shop": "Woolworths",
    "weight": "1KG",
    "prices": [
      {
        "state": "NSW",
        "price": "570",
        "price_per_unit": "2280",
        "price_unit": "KG"
      },
      {
        "state": "VIC",
        "price": "570",
        "price_per_unit": "2280",
        "price_unit": "KG"
      },
      {
        "state": "QLD",
        "price": "570",
        "price_per_unit": "2280",
        "price_unit": "KG"
      },
      {
        "state": "WA",
        "price": "570",
        "price_per_unit": "2280",
        "price_unit": "KG"
      },
      {
        "state": "SA",
        "price": "570",
        "price_per_unit": "2280",
        "price_unit": "KG"
      },
      {
        "state": "TAS",
        "price": "570",
        "price_per_unit": "2280",
        "price_unit": "KG"
      },
      {
        "state": "ACT",
        "price": "570",
        "price_per_unit": "2280",
        "price_unit": "KG"
      },
      {
        "state": "NT",
        "price": "570",
        "price_per_unit": "2280",
        "price_unit": "KG"
      }
    ]
  },
  {
    "source_url": "https://www.woolworths.com.au/shop/productdetails/48062/philadelphia-original-cream-cheese-block",
    "name": "Philadelphia Original Cream Cheese Block 250g",
    "image_url": "https://cdn1.woolworths.media/content/wowproductimages/large/048062.jpg",
    "source_id": "Woolworths - 48062",
    "barcode": "9300650430419",
    "shop": "Woolworths",
    "weight": "1KG",
    "prices": [
      {
        "state": "NSW",
        "price": "450",
        "price_per_unit": "1800",
        "price_unit": "KG"
      },
      {
        "state": "VIC",
        "price": "450",
        "price_per_unit": "1800",
        "price_unit": "KG"
      },
      {
        "state": "QLD",
        "price": "450",
        "price_per_unit": "1800",
        "price_unit": "KG"
      },
      {
        "state": "WA",
        "price": "450",
        "price_per_unit": "1800",
        "price_unit": "KG"
      },
      {
        "state": "SA",
        "price": "450",
        "price_per_unit": "1800",
        "price_unit": "KG"
      },
      {
        "state": "TAS",
        "price": "450",
        "price_per_unit": "1800",
        "price_unit": "KG"
      },
      {
        "state": "ACT",
        "price": "450",
        "price_per_unit": "1800",
        "price_unit": "KG"
      },
      {
        "state": "NT",
        "price": "450",
        "price_per_unit": "1800",
        "price_unit": "KG"
      }
    ]
  },
  {
    "source_url": "https://www.woolworths.com.au/shop/productdetails/221027/philadelphia-original-cream-cheese-portions-snacks",
    "name": "Philadelphia Original Cream Cheese Portions Snacks 150g",
    "image_url": "https://cdn1.woolworths.media/content/wowproductimages/large/221027.jpg",
    "source_id": "Woolworths - 221027",
    "barcode": "93567022",
    "shop": "Woolworths",
    "weight": "1KG",
    "prices": [
      {
        "state": "NSW",
        "price": "400",
        "price_per_unit": "2667",
        "price_unit": "KG"
      },
      {
        "state": "VIC",
        "price": "400",
        "price_per_unit": "2667",
        "price_unit": "KG"
      },
      {
        "state": "QLD",
        "price": "400",
        "price_per_unit": "2667",
        "price_unit": "KG"
      },
      {
        "state": "WA",
        "price": "400",
        "price_per_unit": "2667",
        "price_unit": "KG"
      },
      {
        "state": "SA",
        "price": "400",
        "price_per_unit": "2667",
        "price_unit": "KG"
      },
      {
        "state": "TAS",
        "price": "400",
        "price_per_unit": "2667",
        "price_unit": "KG"
      },
      {
        "state": "ACT",
        "price": "400",
        "price_per_unit": "2667",
        "price_unit": "KG"
      },
      {
        "state": "NT",
        "price": "400",
        "price_per_unit": "2667",
        "price_unit": "KG"
      }
    ]
  },
  {
    "source_url": "https://www.woolworths.com.au/shop/productdetails/858232/philadelphia-original-cream-cheese-spread-tub",
    "name": "Philadelphia Original Cream Cheese Spread Tub 140g",
    "image_url": "https://cdn1.woolworths.media/content/wowproductimages/large/858232.jpg",
    "source_id": "Woolworths - 858232",
    "barcode": "9300650015944",
    "shop": "Woolworths",
    "weight": "1KG",
    "prices": [
      {
        "state": "NSW",
        "price": "400",
        "price_per_unit": "2857",
        "price_unit": "KG"
      },
      {
        "state": "VIC",
        "price": "400",
        "price_per_unit": "2857",
        "price_unit": "KG"
      },
      {
        "state": "QLD",
        "price": "400",
        "price_per_unit": "2857",
        "price_unit": "KG"
      },
      {
        "state": "WA",
        "price": "400",
        "price_per_unit": "2857",
        "price_unit": "KG"
      },
      {
        "state": "SA",
        "price": "400",
        "price_per_unit": "2857",
        "price_unit": "KG"
      },
      {
        "state": "TAS",
        "price": "400",
        "price_per_unit": "2857",
        "price_unit": "KG"
      },
      {
        "state": "ACT",
        "price": "400",
        "price_per_unit": "2857",
        "price_unit": "KG"
      },
      {
        "state": "NT",
        "price": "400",
        "price_per_unit": "2857",
        "price_unit": "KG"
      }
    ]
  },
  {
    "source_url": "https://www.woolworths.com.au/shop/productdetails/79223/philadelphia-original-cream-cheese-spread-tub",
    "name": "Philadelphia Original Cream Cheese Spread Tub 250g",
    "image_url": "https://cdn1.woolworths.media/content/wowproductimages/large/079223.jpg",
    "source_id": "Woolworths - 79223",
    "barcode": "9300650431812",
    "shop": "Woolworths",
    "weight": "1KG",
    "prices": [
      {
        "state": "NSW",
        "price": "570",
        "price_per_unit": "2280",
        "price_unit": "KG"
      },
      {
        "state": "VIC",
        "price": "570",
        "price_per_unit": "2280",
        "price_unit": "KG"
      },
      {
        "state": "QLD",
        "price": "570",
        "price_per_unit": "2280",
        "price_unit": "KG"
      },
      {
        "state": "WA",
        "price": "570",
        "price_per_unit": "2280",
        "price_unit": "KG"
      },
      {
        "state": "SA",
        "price": "570",
        "price_per_unit": "2280",
        "price_unit": "KG"
      },
      {
        "state": "TAS",
        "price": "570",
        "price_per_unit": "2280",
        "price_unit": "KG"
      },
      {
        "state": "ACT",
        "price": "570",
        "price_per_unit": "2280",
        "price_unit": "KG"
      },
      {
        "state": "NT",
        "price": "570",
        "price_per_unit": "2280",
        "price_unit": "KG"
      }
    ]
  },
  {
    "source_url": "https://www.woolworths.com.au/shop/productdetails/72546/philadelphia-original-cream-cheese-twin-block",
    "name": "Philadelphia Original Cream Cheese Twin Block 500g",
    "image_url": "https://cdn1.woolworths.media/content/wowproductimages/large/072546.jpg",
    "source_id": "Woolworths - 72546",
    "barcode": "9300650431614",
    "shop": "Woolworths",
    "weight": "1KG",
    "prices": [
      {
        "state": "NSW",
        "price": "1000",
        "price_per_unit": "2000",
        "price_unit": "KG"
      },
      {
        "state": "VIC",
        "price": "1000",
        "price_per_unit": "2000",
        "price_unit": "KG"
      },
      {
        "state": "QLD",
        "price": "1000",
        "price_per_unit": "2000",
        "price_unit": "KG"
      },
      {
        "state": "WA",
        "price": "1000",
        "price_per_unit": "2000",
        "price_unit": "KG"
      },
      {
        "state": "SA",
        "price": "1000",
        "price_per_unit": "2000",
        "price_unit": "KG"
      },
      {
        "state": "TAS",
        "price": "1000",
        "price_per_unit": "2000",
        "price_unit": "KG"
      },
      {
        "state": "ACT",
        "price": "1000",
        "price_per_unit": "2000",
        "price_unit": "KG"
      },
      {
        "state": "NT",
        "price": "1000",
        "price_per_unit": "2000",
        "price_unit": "KG"
      }
    ]
  },
  {
    "source_url": "https://www.woolworths.com.au/shop/productdetails/756108/riverina-dairy-cyprus-style-haloumi",
    "name": "Riverina Dairy Cyprus Style Haloumi 180g",
    "image_url": "https://cdn1.woolworths.media/content/wowproductimages/large/756108.jpg",
    "source_id": "Woolworths - 756108",
    "barcode": "9322666001353",
    "shop": "Woolworths",
    "weight": "1KG",
    "prices": [
      {
        "state": "NSW",
        "price": "580",
        "price_per_unit": "3222",
        "price_unit": "KG"
      },
      {
        "state": "VIC",
        "price": "580",
        "price_per_unit": "3222",
        "price_unit": "KG"
      },
      {
        "state": "QLD",
        "price": "580",
        "price_per_unit": "3222",
        "price_unit": "KG"
      },
      {
        "state": "WA",
        "price": "580",
        "price_per_unit": "3222",
        "price_unit": "KG"
      },
      {
        "state": "SA",
        "price": "580",
        "price_per_unit": "3222",
        "price_unit": "KG"
      },
      {
        "state": "TAS",
        "price": "580",
        "price_per_unit": "3222",
        "price_unit": "KG"
      },
      {
        "state": "ACT",
        "price": "580",
        "price_per_unit": "3222",
        "price_unit": "KG"
      },
      {
        "state": "NT",
        "price": "580",
        "price_per_unit": "3222",
        "price_unit": "KG"
      }
    ]
  },
  {
    "source_url": "https://www.woolworths.com.au/shop/productdetails/221562/south-cape-crumbled-fetta",
    "name": "South Cape Crumbled Fetta 200g",
    "image_url": "https://cdn1.woolworths.media/content/wowproductimages/large/221562.jpg",
    "source_id": "Woolworths - 221562",
    "barcode": "9314441001801",
    "shop": "Woolworths",
    "weight": "1KG",
    "prices": [
      {
        "state": "NSW",
        "price": "800",
        "price_per_unit": "4000",
        "price_unit": "KG"
      },
      {
        "state": "VIC",
        "price": "800",
        "price_per_unit": "4000",
        "price_unit": "KG"
      },
      {
        "state": "QLD",
        "price": "800",
        "price_per_unit": "4000",
        "price_unit": "KG"
      },
      {
        "state": "WA",
        "price": "800",
        "price_per_unit": "4000",
        "price_unit": "KG"
      },
      {
        "state": "SA",
        "price": "800",
        "price_per_unit": "4000",
        "price_unit": "KG"
      },
      {
        "state": "TAS",
        "price": "800",
        "price_per_unit": "4000",
        "price_unit": "KG"
      },
      {
        "state": "ACT",
        "price": "800",
        "price_per_unit": "4000",
        "price_unit": "KG"
      },
      {
        "state": "NT",
        "price": "800",
        "price_per_unit": "4000",
        "price_unit": "KG"
      }
    ]
  },
  {
    "source_url": "https://www.woolworths.com.au/shop/productdetails/51344/south-cape-danish-style-fetta",
    "name": "South Cape Danish Style Fetta 200g",
    "image_url": "https://cdn1.woolworths.media/content/wowproductimages/large/051344.jpg",
    "source_id": "Woolworths - 51344",
    "barcode": "9314441009562",
    "shop": "Woolworths",
    "weight": "1KG",
    "prices": [
      {
        "state": "NSW",
        "price": "515",
        "price_per_unit": "2575",
        "price_unit": "KG"
      },
      {
        "state": "VIC",
        "price": "515",
        "price_per_unit": "2575",
        "price_unit": "KG"
      },
      {
        "state": "QLD",
        "price": "515",
        "price_per_unit": "2575",
        "price_unit": "KG"
      },
      {
        "state": "WA",
        "price": "515",
        "price_per_unit": "2575",
        "price_unit": "KG"
      },
      {
        "state": "SA",
        "price": "515",
        "price_per_unit": "2575",
        "price_unit": "KG"
      },
      {
        "state": "TAS",
        "price": "515",
        "price_per_unit": "2575",
        "price_unit": "KG"
      },
      {
        "state": "ACT",
        "price": "515",
        "price_per_unit": "2575",
        "price_unit": "KG"
      },
      {
        "state": "NT",
        "price": "515",
        "price_per_unit": "2575",
        "price_unit": "KG"
      }
    ]
  },
  {
    "source_url": "https://www.woolworths.com.au/shop/productdetails/306605/south-cape-greek-style-fetta",
    "name": "South Cape Greek Style Fetta 200g",
    "image_url": "https://cdn1.woolworths.media/content/wowproductimages/large/306605.jpg",
    "source_id": "Woolworths - 306605",
    "barcode": "9314441701398",
    "shop": "Woolworths",
    "weight": "1KG",
    "prices": [
      {
        "state": "NSW",
        "price": "515",
        "price_per_unit": "2575",
        "price_unit": "KG"
      },
      {
        "state": "VIC",
        "price": "515",
        "price_per_unit": "2575",
        "price_unit": "KG"
      },
      {
        "state": "QLD",
        "price": "515",
        "price_per_unit": "2575",
        "price_unit": "KG"
      },
      {
        "state": "WA",
        "price": "515",
        "price_per_unit": "2575",
        "price_unit": "KG"
      },
      {
        "state": "SA",
        "price": "515",
        "price_per_unit": "2575",
        "price_unit": "KG"
      },
      {
        "state": "TAS",
        "price": "515",
        "price_per_unit": "2575",
        "price_unit": "KG"
      },
      {
        "state": "ACT",
        "price": "515",
        "price_per_unit": "2575",
        "price_unit": "KG"
      },
      {
        "state": "NT",
        "price": "515",
        "price_per_unit": "2575",
        "price_unit": "KG"
      }
    ]
  },
  {
    "source_url": "https://www.woolworths.com.au/shop/productdetails/306607/south-cape-reduced-fat-greek-style-fetta",
    "name": "South Cape Reduced Fat Greek Style Fetta 200g",
    "image_url": "https://cdn1.woolworths.media/content/wowproductimages/large/306607.jpg",
    "source_id": "Woolworths - 306607",
    "barcode": "9314441701404",
    "shop": "Woolworths",
    "weight": "1KG",
    "prices": [
      {
        "state": "NSW",
        "price": "515",
        "price_per_unit": "2575",
        "price_unit": "KG"
      },
      {
        "state": "VIC",
        "price": "515",
        "price_per_unit": "2575",
        "price_unit": "KG"
      },
      {
        "state": "QLD",
        "price": "515",
        "price_per_unit": "2575",
        "price_unit": "KG"
      },
      {
        "state": "WA",
        "price": "515",
        "price_per_unit": "2575",
        "price_unit": "KG"
      },
      {
        "state": "SA",
        "price": "515",
        "price_per_unit": "2575",
        "price_unit": "KG"
      },
      {
        "state": "TAS",
        "price": "515",
        "price_per_unit": "2575",
        "price_unit": "KG"
      },
      {
        "state": "ACT",
        "price": "515",
        "price_per_unit": "2575",
        "price_unit": "KG"
      },
      {
        "state": "NT",
        "price": "515",
        "price_per_unit": "2575",
        "price_unit": "KG"
      }
    ]
  },
  {
    "source_url": "https://www.woolworths.com.au/shop/productdetails/810779/woolworths-cherry-bocconcini",
    "name": "Woolworths Cherry Bocconcini 220g",
    "image_url": "https://cdn1.woolworths.media/content/wowproductimages/large/810779.jpg",
    "source_id": "Woolworths - 810779",
    "barcode": "9339687041671",
    "shop": "Woolworths",
    "weight": "1KG",
    "prices": [
      {
        "state": "NSW",
        "price": "480",
        "price_per_unit": "2182",
        "price_unit": "KG"
      },
      {
        "state": "VIC",
        "price": "480",
        "price_per_unit": "2182",
        "price_unit": "KG"
      },
      {
        "state": "QLD",
        "price": "480",
        "price_per_unit": "2182",
        "price_unit": "KG"
      },
      {
        "state": "WA",
        "price": "480",
        "price_per_unit": "2182",
        "price_unit": "KG"
      },
      {
        "state": "SA",
        "price": "480",
        "price_per_unit": "2182",
        "price_unit": "KG"
      },
      {
        "state": "TAS",
        "price": "480",
        "price_per_unit": "2182",
        "price_unit": "KG"
      },
      {
        "state": "ACT",
        "price": "480",
        "price_per_unit": "2182",
        "price_unit": "KG"
      },
      {
        "state": "NT",
        "price": "480",
        "price_per_unit": "2182",
        "price_unit": "KG"
      }
    ]
  },
  {
    "source_url": "https://www.woolworths.com.au/shop/productdetails/725007/woolworths-chilli-haloumi-cheese",
    "name": "Woolworths Chilli Haloumi Cheese 180g",
    "image_url": "https://cdn1.woolworths.media/content/wowproductimages/large/725007.jpg",
    "source_id": "Woolworths - 725007",
    "barcode": "9339687059126",
    "shop": "Woolworths",
    "weight": "1KG",
    "prices": [
      {
        "state": "NSW",
        "price": "520",
        "price_per_unit": "2889",
        "price_unit": "KG"
      },
      {
        "state": "VIC",
        "price": "520",
        "price_per_unit": "2889",
        "price_unit": "KG"
      },
      {
        "state": "QLD",
        "price": "520",
        "price_per_unit": "2889",
        "price_unit": "KG"
      },
      {
        "state": "WA",
        "price": "520",
        "price_per_unit": "2889",
        "price_unit": "KG"
      },
      {
        "state": "SA",
        "price": "520",
        "price_per_unit": "2889",
        "price_unit": "KG"
      },
      {
        "state": "ACT",
        "price": "520",
        "price_per_unit": "2889",
        "price_unit": "KG"
      },
      {
        "state": "NT",
        "price": "520",
        "price_per_unit": "2889",
        "price_unit": "KG"
      }
    ]
  },
  {
    "source_url": "https://www.woolworths.com.au/shop/productdetails/296507/woolworths-cream-cheese",
    "name": "Woolworths Cream Cheese 250g",
    "image_url": "https://cdn1.woolworths.media/content/wowproductimages/large/296507.jpg",
    "source_id": "Woolworths - 296507",
    "barcode": "9300633982423",
    "shop": "Woolworths",
    "weight": "1KG",
    "prices": [
      {
        "state": "NSW",
        "price": "310",
        "price_per_unit": "1240",
        "price_unit": "KG"
      },
      {
        "state": "VIC",
        "price": "310",
        "price_per_unit": "1240",
        "price_unit": "KG"
      },
      {
        "state": "QLD",
        "price": "310",
        "price_per_unit": "1240",
        "price_unit": "KG"
      },
      {
        "state": "WA",
        "price": "310",
        "price_per_unit": "1240",
        "price_unit": "KG"
      },
      {
        "state": "SA",
        "price": "310",
        "price_per_unit": "1240",
        "price_unit": "KG"
      },
      {
        "state": "TAS",
        "price": "310",
        "price_per_unit": "1240",
        "price_unit": "KG"
      },
      {
        "state": "ACT",
        "price": "310",
        "price_per_unit": "1240",
        "price_unit": "KG"
      },
      {
        "state": "NT",
        "price": "310",
        "price_per_unit": "1240",
        "price_unit": "KG"
      }
    ]
  },
  {
    "source_url": "https://www.woolworths.com.au/shop/productdetails/624195/woolworths-cream-cheese-block",
    "name": "Woolworths Cream Cheese Block 225g",
    "image_url": "https://cdn1.woolworths.media/content/wowproductimages/large/624195.jpg",
    "source_id": "Woolworths - 624195",
    "barcode": "9300633675424",
    "shop": "Woolworths",
    "weight": "1KG",
    "prices": [
      {
        "state": "NSW",
        "price": "310",
        "price_per_unit": "1378",
        "price_unit": "KG"
      },
      {
        "state": "VIC",
        "price": "310",
        "price_per_unit": "1378",
        "price_unit": "KG"
      },
      {
        "state": "QLD",
        "price": "310",
        "price_per_unit": "1378",
        "price_unit": "KG"
      },
      {
        "state": "WA",
        "price": "310",
        "price_per_unit": "1378",
        "price_unit": "KG"
      },
      {
        "state": "SA",
        "price": "310",
        "price_per_unit": "1378",
        "price_unit": "KG"
      },
      {
        "state": "TAS",
        "price": "310",
        "price_per_unit": "1378",
        "price_unit": "KG"
      },
      {
        "state": "ACT",
        "price": "310",
        "price_per_unit": "1378",
        "price_unit": "KG"
      },
      {
        "state": "NT",
        "price": "310",
        "price_per_unit": "1378",
        "price_unit": "KG"
      }
    ]
  },
  {
    "source_url": "https://www.woolworths.com.au/shop/productdetails/780717/woolworths-creamed-cottage-cheese",
    "name": "Woolworths Creamed Cottage Cheese 500g",
    "image_url": "https://cdn1.woolworths.media/content/wowproductimages/large/780717.jpg",
    "source_id": "Woolworths - 780717",
    "barcode": "9300633485085",
    "shop": "Woolworths",
    "weight": "1KG",
    "prices": [
      {
        "state": "NSW",
        "price": "600",
        "price_per_unit": "1200",
        "price_unit": "KG"
      },
      {
        "state": "VIC",
        "price": "600",
        "price_per_unit": "1200",
        "price_unit": "KG"
      },
      {
        "state": "QLD",
        "price": "600",
        "price_per_unit": "1200",
        "price_unit": "KG"
      },
      {
        "state": "WA",
        "price": "600",
        "price_per_unit": "1200",
        "price_unit": "KG"
      },
      {
        "state": "SA",
        "price": "600",
        "price_per_unit": "1200",
        "price_unit": "KG"
      },
      {
        "state": "TAS",
        "price": "600",
        "price_per_unit": "1200",
        "price_unit": "KG"
      },
      {
        "state": "ACT",
        "price": "600",
        "price_per_unit": "1200",
        "price_unit": "KG"
      },
      {
        "state": "NT",
        "price": "600",
        "price_per_unit": "1200",
        "price_unit": "KG"
      }
    ]
  },
  {
    "source_url": "https://www.woolworths.com.au/shop/productdetails/452086/woolworths-danish-style-fetta",
    "name": "Woolworths Danish Style Fetta 200g",
    "image_url": "https://cdn1.woolworths.media/content/wowproductimages/large/452086.jpg",
    "source_id": "Woolworths - 452086",
    "barcode": "9300633583439",
    "shop": "Woolworths",
    "weight": "1KG",
    "prices": [
      {
        "state": "NSW",
        "price": "350",
        "price_per_unit": "1750",
        "price_unit": "KG"
      },
      {
        "state": "VIC",
        "price": "350",
        "price_per_unit": "1750",
        "price_unit": "KG"
      },
      {
        "state": "QLD",
        "price": "350",
        "price_per_unit": "1750",
        "price_unit": "KG"
      },
      {
        "state": "WA",
        "price": "350",
        "price_per_unit": "1750",
        "price_unit": "KG"
      },
      {
        "state": "SA",
        "price": "350",
        "price_per_unit": "1750",
        "price_unit": "KG"
      },
      {
        "state": "TAS",
        "price": "350",
        "price_per_unit": "1750",
        "price_unit": "KG"
      },
      {
        "state": "ACT",
        "price": "350",
        "price_per_unit": "1750",
        "price_unit": "KG"
      },
      {
        "state": "NT",
        "price": "350",
        "price_per_unit": "1750",
        "price_unit": "KG"
      }
    ]
  },
  {
    "source_url": "https://www.woolworths.com.au/shop/productdetails/452083/woolworths-greek-style-fetta",
    "name": "Woolworths Greek Style Fetta 200g",
    "image_url": "https://cdn1.woolworths.media/content/wowproductimages/large/452083.jpg",
    "source_id": "Woolworths - 452083",
    "barcode": "9300633583422",
    "shop": "Woolworths",
    "weight": "1KG",
    "prices": [
      {
        "state": "NSW",
        "price": "350",
        "price_per_unit": "1750",
        "price_unit": "KG"
      },
      {
        "state": "VIC",
        "price": "350",
        "price_per_unit": "1750",
        "price_unit": "KG"
      },
      {
        "state": "QLD",
        "price": "350",
        "price_per_unit": "1750",
        "price_unit": "KG"
      },
      {
        "state": "WA",
        "price": "350",
        "price_per_unit": "1750",
        "price_unit": "KG"
      },
      {
        "state": "SA",
        "price": "350",
        "price_per_unit": "1750",
        "price_unit": "KG"
      },
      {
        "state": "TAS",
        "price": "350",
        "price_per_unit": "1750",
        "price_unit": "KG"
      },
      {
        "state": "ACT",
        "price": "350",
        "price_per_unit": "1750",
        "price_unit": "KG"
      },
      {
        "state": "NT",
        "price": "350",
        "price_per_unit": "1750",
        "price_unit": "KG"
      }
    ]
  },
  {
    "source_url": "https://www.woolworths.com.au/shop/productdetails/829814/woolworths-haloumi",
    "name": "Woolworths Haloumi 180g",
    "image_url": "https://cdn1.woolworths.media/content/wowproductimages/large/829814.jpg",
    "source_id": "Woolworths - 829814",
    "barcode": "9300633735500",
    "shop": "Woolworths",
    "weight": "1KG",
    "prices": [
      {
        "state": "NSW",
        "price": "480",
        "price_per_unit": "2667",
        "price_unit": "KG"
      },
      {
        "state": "VIC",
        "price": "480",
        "price_per_unit": "2667",
        "price_unit": "KG"
      },
      {
        "state": "QLD",
        "price": "480",
        "price_per_unit": "2667",
        "price_unit": "KG"
      },
      {
        "state": "WA",
        "price": "480",
        "price_per_unit": "2667",
        "price_unit": "KG"
      },
      {
        "state": "SA",
        "price": "480",
        "price_per_unit": "2667",
        "price_unit": "KG"
      },
      {
        "state": "TAS",
        "price": "480",
        "price_per_unit": "2667",
        "price_unit": "KG"
      },
      {
        "state": "ACT",
        "price": "480",
        "price_per_unit": "2667",
        "price_unit": "KG"
      },
      {
        "state": "NT",
        "price": "480",
        "price_per_unit": "2667",
        "price_unit": "KG"
      }
    ]
  },
  {
    "source_url": "https://www.woolworths.com.au/shop/productdetails/763671/woolworths-mascarpone-cheese",
    "name": "Woolworths Mascarpone Cheese 250g",
    "image_url": "https://cdn1.woolworths.media/content/wowproductimages/large/763671.jpg",
    "source_id": "Woolworths - 763671",
    "barcode": "9300633437664",
    "shop": "Woolworths",
    "weight": "1KG",
    "prices": [
      {
        "state": "NSW",
        "price": "480",
        "price_per_unit": "1920",
        "price_unit": "KG"
      },
      {
        "state": "VIC",
        "price": "480",
        "price_per_unit": "1920",
        "price_unit": "KG"
      },
      {
        "state": "QLD",
        "price": "480",
        "price_per_unit": "1920",
        "price_unit": "KG"
      },
      {
        "state": "WA",
        "price": "480",
        "price_per_unit": "1920",
        "price_unit": "KG"
      },
      {
        "state": "SA",
        "price": "480",
        "price_per_unit": "1920",
        "price_unit": "KG"
      },
      {
        "state": "TAS",
        "price": "480",
        "price_per_unit": "1920",
        "price_unit": "KG"
      },
      {
        "state": "ACT",
        "price": "480",
        "price_per_unit": "1920",
        "price_unit": "KG"
      },
      {
        "state": "NT",
        "price": "480",
        "price_per_unit": "1920",
        "price_unit": "KG"
      }
    ]
  },
  {
    "source_url": "https://www.woolworths.com.au/shop/productdetails/688515/woolworths-mozzarella-cheese",
    "name": "Woolworths Mozzarella Cheese 350g",
    "image_url": "https://cdn1.woolworths.media/content/wowproductimages/large/688515.jpg",
    "source_id": "Woolworths - 688515",
    "barcode": "9339687045723",
    "shop": "Woolworths",
    "weight": "1KG",
    "prices": [
      {
        "state": "NSW",
        "price": "600",
        "price_per_unit": "1714",
        "price_unit": "KG"
      },
      {
        "state": "VIC",
        "price": "600",
        "price_per_unit": "1714",
        "price_unit": "KG"
      },
      {
        "state": "QLD",
        "price": "600",
        "price_per_unit": "1714",
        "price_unit": "KG"
      },
      {
        "state": "WA",
        "price": "600",
        "price_per_unit": "1714",
        "price_unit": "KG"
      },
      {
        "state": "SA",
        "price": "600",
        "price_per_unit": "1714",
        "price_unit": "KG"
      },
      {
        "state": "ACT",
        "price": "600",
        "price_per_unit": "1714",
        "price_unit": "KG"
      },
      {
        "state": "NT",
        "price": "600",
        "price_per_unit": "1714",
        "price_unit": "KG"
      }
    ]
  },
  {
    "source_url": "https://www.woolworths.com.au/shop/productdetails/536508/woolworths-mozzarella-shredded-cheese",
    "name": "Woolworths Mozzarella Shredded Cheese 250g",
    "image_url": "https://cdn1.woolworths.media/content/wowproductimages/large/536508.jpg",
    "source_id": "Woolworths - 536508",
    "barcode": "9300633618681",
    "shop": "Woolworths",
    "weight": "1KG",
    "prices": [
      {
        "state": "NSW",
        "price": "550",
        "price_per_unit": "2200",
        "price_unit": "KG"
      },
      {
        "state": "VIC",
        "price": "550",
        "price_per_unit": "2200",
        "price_unit": "KG"
      },
      {
        "state": "QLD",
        "price": "550",
        "price_per_unit": "2200",
        "price_unit": "KG"
      },
      {
        "state": "WA",
        "price": "550",
        "price_per_unit": "2200",
        "price_unit": "KG"
      },
      {
        "state": "SA",
        "price": "550",
        "price_per_unit": "2200",
        "price_unit": "KG"
      },
      {
        "state": "TAS",
        "price": "550",
        "price_per_unit": "2200",
        "price_unit": "KG"
      },
      {
        "state": "ACT",
        "price": "550",
        "price_per_unit": "2200",
        "price_unit": "KG"
      },
      {
        "state": "NT",
        "price": "550",
        "price_per_unit": "2200",
        "price_unit": "KG"
      }
    ]
  },
  {
    "source_url": "https://www.woolworths.com.au/shop/productdetails/728983/woolworths-mozzarella-shredded-cheese",
    "name": "Woolworths Mozzarella Shredded Cheese 500g",
    "image_url": "https://cdn1.woolworths.media/content/wowproductimages/large/728983.jpg",
    "source_id": "Woolworths - 728983",
    "barcode": "9300633326197",
    "shop": "Woolworths",
    "weight": "1KG",
    "prices": [
      {
        "state": "NSW",
        "price": "770",
        "price_per_unit": "1540",
        "price_unit": "KG"
      },
      {
        "state": "VIC",
        "price": "770",
        "price_per_unit": "1540",
        "price_unit": "KG"
      },
      {
        "state": "QLD",
        "price": "770",
        "price_per_unit": "1540",
        "price_unit": "KG"
      },
      {
        "state": "WA",
        "price": "770",
        "price_per_unit": "1540",
        "price_unit": "KG"
      },
      {
        "state": "SA",
        "price": "770",
        "price_per_unit": "1540",
        "price_unit": "KG"
      },
      {
        "state": "TAS",
        "price": "770",
        "price_per_unit": "1540",
        "price_unit": "KG"
      },
      {
        "state": "ACT",
        "price": "770",
        "price_per_unit": "1540",
        "price_unit": "KG"
      },
      {
        "state": "NT",
        "price": "770",
        "price_per_unit": "1540",
        "price_unit": "KG"
      }
    ]
  },
  {
    "source_url": "https://www.woolworths.com.au/shop/productdetails/474591/woolworths-ricotta-cheese-smooth",
    "name": "Woolworths Ricotta Cheese Smooth 375g",
    "image_url": "https://cdn1.woolworths.media/content/wowproductimages/large/474591.jpg",
    "source_id": "Woolworths - 474591",
    "barcode": "9300633577490",
    "shop": "Woolworths",
    "weight": "1KG",
    "prices": [
      {
        "state": "NSW",
        "price": "360",
        "price_per_unit": "960",
        "price_unit": "KG"
      },
      {
        "state": "VIC",
        "price": "360",
        "price_per_unit": "960",
        "price_unit": "KG"
      },
      {
        "state": "QLD",
        "price": "360",
        "price_per_unit": "960",
        "price_unit": "KG"
      },
      {
        "state": "WA",
        "price": "360",
        "price_per_unit": "960",
        "price_unit": "KG"
      },
      {
        "state": "SA",
        "price": "360",
        "price_per_unit": "960",
        "price_unit": "KG"
      },
      {
        "state": "TAS",
        "price": "360",
        "price_per_unit": "960",
        "price_unit": "KG"
      },
      {
        "state": "ACT",
        "price": "360",
        "price_per_unit": "960",
        "price_unit": "KG"
      },
      {
        "state": "NT",
        "price": "360",
        "price_per_unit": "960",
        "price_unit": "KG"
      }
    ]
  },
  {
    "source_url": "https://www.woolworths.com.au/shop/productdetails/476205/woolworths-ricotta-light-cheese",
    "name": "Woolworths Ricotta Light Cheese 375g",
    "image_url": "https://cdn1.woolworths.media/content/wowproductimages/large/476205.jpg",
    "source_id": "Woolworths - 476205",
    "barcode": "9300633584917",
    "shop": "Woolworths",
    "weight": "1KG",
    "prices": [
      {
        "state": "NSW",
        "price": "360",
        "price_per_unit": "960",
        "price_unit": "KG"
      },
      {
        "state": "VIC",
        "price": "360",
        "price_per_unit": "960",
        "price_unit": "KG"
      },
      {
        "state": "QLD",
        "price": "360",
        "price_per_unit": "960",
        "price_unit": "KG"
      },
      {
        "state": "WA",
        "price": "360",
        "price_per_unit": "960",
        "price_unit": "KG"
      },
      {
        "state": "SA",
        "price": "360",
        "price_per_unit": "960",
        "price_unit": "KG"
      },
      {
        "state": "TAS",
        "price": "360",
        "price_per_unit": "960",
        "price_unit": "KG"
      },
      {
        "state": "ACT",
        "price": "360",
        "price_per_unit": "960",
        "price_unit": "KG"
      }
    ]
  },
  {
    "source_url": "https://www.woolworths.com.au/shop/productdetails/891325/woolworths-tasty-cheese-block",
    "name": "Woolworths Tasty Cheese Block 1kg",
    "image_url": "https://cdn1.woolworths.media/content/wowproductimages/large/891325.jpg",
    "source_id": "Woolworths - 891325",
    "barcode": "9300633559021",
    "shop": "Woolworths",
    "weight": "1KG",
    "prices": [
      {
        "state": "NSW",
        "price": "1390",
        "price_per_unit": "1390",
        "price_unit": "KG"
      },
      {
        "state": "VIC",
        "price": "1390",
        "price_per_unit": "1390",
        "price_unit": "KG"
      },
      {
        "state": "QLD",
        "price": "1390",
        "price_per_unit": "1390",
        "price_unit": "KG"
      },
      {
        "state": "WA",
        "price": "1390",
        "price_per_unit": "1390",
        "price_unit": "KG"
      },
      {
        "state": "SA",
        "price": "1390",
        "price_per_unit": "1390",
        "price_unit": "KG"
      },
      {
        "state": "TAS",
        "price": "1390",
        "price_per_unit": "1390",
        "price_unit": "KG"
      },
      {
        "state": "ACT",
        "price": "1390",
        "price_per_unit": "1390",
        "price_unit": "KG"
      },
      {
        "state": "NT",
        "price": "1390",
        "price_per_unit": "1390",
        "price_unit": "KG"
      }
    ]
  },
  {
    "source_url": "https://www.woolworths.com.au/shop/productdetails/810778/woolworths-traditional-bocconcini",
    "name": "Woolworths Traditional Bocconcini 220g",
    "image_url": "https://cdn1.woolworths.media/content/wowproductimages/large/810778.jpg",
    "source_id": "Woolworths - 810778",
    "barcode": "9339687041664",
    "shop": "Woolworths",
    "weight": "1KG",
    "prices": [
      {
        "state": "NSW",
        "price": "480",
        "price_per_unit": "2182",
        "price_unit": "KG"
      },
      {
        "state": "VIC",
        "price": "480",
        "price_per_unit": "2182",
        "price_unit": "KG"
      },
      {
        "state": "QLD",
        "price": "480",
        "price_per_unit": "2182",
        "price_unit": "KG"
      },
      {
        "state": "WA",
        "price": "480",
        "price_per_unit": "2182",
        "price_unit": "KG"
      },
      {
        "state": "SA",
        "price": "480",
        "price_per_unit": "2182",
        "price_unit": "KG"
      },
      {
        "state": "TAS",
        "price": "480",
        "price_per_unit": "2182",
        "price_unit": "KG"
      },
      {
        "state": "ACT",
        "price": "480",
        "price_per_unit": "2182",
        "price_unit": "KG"
      },
      {
        "state": "NT",
        "price": "480",
        "price_per_unit": "2182",
        "price_unit": "KG"
      }
    ]
  },
  {
    "source_url": "https://www.woolworths.com.au/shop/productdetails/859721/perfect-italiano-parmesan-romano-cheese-block-cheese-block",
    "name": "Perfect Italiano Parmesan Romano Cheese Block 200g",
    "image_url": "https://cdn1.woolworths.media/content/wowproductimages/large/859721.jpg",
    "source_id": "Woolworths - 859721",
    "barcode": "9310053102578",
    "shop": "Woolworths",
    "weight": "1KG",
    "prices": [
      {
        "state": "VIC",
        "price": "750",
        "price_per_unit": "3750",
        "price_unit": "KG"
      },
      {
        "state": "VIC",
        "price": "750",
        "price_per_unit": "3750",
        "price_unit": "KG"
      },
      {
        "state": "QLD",
        "price": "750",
        "price_per_unit": "3750",
        "price_unit": "KG"
      },
      {
        "state": "QLD",
        "price": "750",
        "price_per_unit": "3750",
        "price_unit": "KG"
      },
      {
        "state": "WA",
        "price": "750",
        "price_per_unit": "3750",
        "price_unit": "KG"
      },
      {
        "state": "WA",
        "price": "750",
        "price_per_unit": "3750",
        "price_unit": "KG"
      },
      {
        "state": "SA",
        "price": "750",
        "price_per_unit": "3750",
        "price_unit": "KG"
      },
      {
        "state": "SA",
        "price": "750",
        "price_per_unit": "3750",
        "price_unit": "KG"
      },
      {
        "state": "ACT",
        "price": "750",
        "price_per_unit": "3750",
        "price_unit": "KG"
      },
      {
        "state": "ACT",
        "price": "750",
        "price_per_unit": "3750",
        "price_unit": "KG"
      },
      {
        "state": "NT",
        "price": "750",
        "price_per_unit": "3750",
        "price_unit": "KG"
      },
      {
        "state": "NT",
        "price": "750",
        "price_per_unit": "3750",
        "price_unit": "KG"
      }
    ]
  },
  {
    "source_url": "https://www.woolworths.com.au/shop/productdetails/728345/will-studd-aphrodite-halloumi",
    "name": "Will Studd Aphrodite Halloumi 200g - 300g",
    "image_url": "https://cdn1.woolworths.media/content/wowproductimages/large/728345.jpg",
    "source_id": "Woolworths - 728345",
    "barcode": "0270872000006",
    "shop": "Woolworths",
    "weight": "1KG",
    "prices": [
      {
        "state": "WA",
        "price": "1650",
        "price_per_unit": "5500",
        "price_unit": "KG"
      },
      {
        "state": "WA",
        "price": "1650",
        "price_per_unit": "5500",
        "price_unit": "KG"
      }
    ]
  },
  {
    "source_url": "https://www.woolworths.com.au/shop/productdetails/702566/alambra-cypriot-halloumi",
    "name": "Alambra Cypriot Halloumi 225g",
    "image_url": "https://cdn1.woolworths.media/content/wowproductimages/large/702566.jpg",
    "source_id": "Woolworths - 702566",
    "barcode": "5290093000659",
    "shop": "Woolworths",
    "weight": "1KG",
    "prices": [
      {
        "state": "VIC",
        "price": "800",
        "price_per_unit": "3556",
        "price_unit": "KG"
      },
      {
        "state": "QLD",
        "price": "800",
        "price_per_unit": "3556",
        "price_unit": "KG"
      },
      {
        "state": "WA",
        "price": "800",
        "price_per_unit": "3556",
        "price_unit": "KG"
      },
      {
        "state": "SA",
        "price": "800",
        "price_per_unit": "3556",
        "price_unit": "KG"
      },
      {
        "state": "TAS",
        "price": "800",
        "price_per_unit": "3556",
        "price_unit": "KG"
      },
      {
        "state": "ACT",
        "price": "800",
        "price_per_unit": "3556",
        "price_unit": "KG"
      },
      {
        "state": "NT",
        "price": "800",
        "price_per_unit": "3556",
        "price_unit": "KG"
      }
    ]
  },
  {
    "source_url": "https://www.woolworths.com.au/shop/productdetails/423708/bega-cream-cheese-with-vegemite",
    "name": "Bega Cream Cheese With Vegemite 190g",
    "image_url": "https://cdn1.woolworths.media/content/wowproductimages/large/423708.jpg",
    "source_id": "Woolworths - 423708",
    "barcode": "9352042004555",
    "shop": "Woolworths",
    "weight": "1KG",
    "prices": [
      {
        "state": "VIC",
        "price": "400",
        "price_per_unit": "2105",
        "price_unit": "KG"
      },
      {
        "state": "QLD",
        "price": "400",
        "price_per_unit": "2105",
        "price_unit": "KG"
      },
      {
        "state": "WA",
        "price": "400",
        "price_per_unit": "2105",
        "price_unit": "KG"
      },
      {
        "state": "SA",
        "price": "400",
        "price_per_unit": "2105",
        "price_unit": "KG"
      },
      {
        "state": "TAS",
        "price": "400",
        "price_per_unit": "2105",
        "price_unit": "KG"
      }
    ]
  },
  {
    "source_url": "https://www.woolworths.com.au/shop/productdetails/263082/bega-original-cream-cheese-spreadable",
    "name": "Bega Original Cream Cheese Spreadable 225g",
    "image_url": "https://cdn1.woolworths.media/content/wowproductimages/large/263082.jpg",
    "source_id": "Woolworths - 263082",
    "barcode": "9352042004159",
    "shop": "Woolworths",
    "weight": "1KG",
    "prices": [
      {
        "state": "VIC",
        "price": "400",
        "price_per_unit": "1778",
        "price_unit": "KG"
      },
      {
        "state": "QLD",
        "price": "400",
        "price_per_unit": "1778",
        "price_unit": "KG"
      },
      {
        "state": "SA",
        "price": "400",
        "price_per_unit": "1778",
        "price_unit": "KG"
      },
      {
        "state": "TAS",
        "price": "400",
        "price_per_unit": "1778",
        "price_unit": "KG"
      },
      {
        "state": "NT",
        "price": "400",
        "price_per_unit": "1778",
        "price_unit": "KG"
      }
    ]
  },
  {
    "source_url": "https://www.woolworths.com.au/shop/productdetails/381313/bega-tasty-cheese-block-tasty",
    "name": "Bega Tasty Cheese Block 750g",
    "image_url": "https://cdn1.woolworths.media/content/wowproductimages/large/381313.jpg",
    "source_id": "Woolworths - 381313",
    "barcode": "9310052400200",
    "shop": "Woolworths",
    "weight": "1KG",
    "prices": [
      {
        "state": "VIC",
        "price": "1350",
        "price_per_unit": "1800",
        "price_unit": "KG"
      },
      {
        "state": "QLD",
        "price": "1350",
        "price_per_unit": "1800",
        "price_unit": "KG"
      },
      {
        "state": "WA",
        "price": "1350",
        "price_per_unit": "1800",
        "price_unit": "KG"
      },
      {
        "state": "SA",
        "price": "1350",
        "price_per_unit": "1800",
        "price_unit": "KG"
      },
      {
        "state": "TAS",
        "price": "1350",
        "price_per_unit": "1800",
        "price_unit": "KG"
      },
      {
        "state": "ACT",
        "price": "1350",
        "price_per_unit": "1800",
        "price_unit": "KG"
      }
    ]
  },
  {
    "source_url": "https://www.woolworths.com.au/shop/productdetails/757009/brancourts-cottage-cheese-classic",
    "name": "Brancourts Cottage Cheese Classic 500g",
    "image_url": "https://cdn1.woolworths.media/content/wowproductimages/large/757009.jpg",
    "source_id": "Woolworths - 757009",
    "barcode": "9311174005199",
    "shop": "Woolworths",
    "weight": "1KG",
    "prices": [
      {
        "state": "VIC",
        "price": "700",
        "price_per_unit": "1400",
        "price_unit": "KG"
      },
      {
        "state": "QLD",
        "price": "700",
        "price_per_unit": "1400",
        "price_unit": "KG"
      },
      {
        "state": "SA",
        "price": "700",
        "price_per_unit": "1400",
        "price_unit": "KG"
      },
      {
        "state": "TAS",
        "price": "700",
        "price_per_unit": "1400",
        "price_unit": "KG"
      },
      {
        "state": "ACT",
        "price": "700",
        "price_per_unit": "1400",
        "price_unit": "KG"
      },
      {
        "state": "NT",
        "price": "700",
        "price_per_unit": "1400",
        "price_unit": "KG"
      }
    ]
  },
  {
    "source_url": "https://www.woolworths.com.au/shop/productdetails/256558/brancourts-lactose-free-cottage-cheese",
    "name": "Brancourts Lactose Free Cottage Cheese 225g",
    "image_url": "https://cdn1.woolworths.media/content/wowproductimages/large/256558.jpg",
    "source_id": "Woolworths - 256558",
    "barcode": "9311174005458",
    "shop": "Woolworths",
    "weight": "1KG",
    "prices": [
      {
        "state": "VIC",
        "price": "480",
        "price_per_unit": "2133",
        "price_unit": "KG"
      },
      {
        "state": "QLD",
        "price": "480",
        "price_per_unit": "2133",
        "price_unit": "KG"
      },
      {
        "state": "SA",
        "price": "480",
        "price_per_unit": "2133",
        "price_unit": "KG"
      },
      {
        "state": "TAS",
        "price": "480",
        "price_per_unit": "2133",
        "price_unit": "KG"
      },
      {
        "state": "ACT",
        "price": "480",
        "price_per_unit": "2133",
        "price_unit": "KG"
      }
    ]
  },
  {
    "source_url": "https://www.woolworths.com.au/shop/productdetails/71288/ki-bulgarian-goats-cheese",
    "name": "Ki Bulgarian Goats Cheese 400G",
    "image_url": "https://cdn1.woolworths.media/content/wowproductimages/large/071288.jpg",
    "source_id": "Woolworths - 71288",
    "barcode": "9310841001403",
    "shop": "Woolworths",
    "weight": "1KG",
    "prices": [
      {
        "state": "VIC",
        "price": "1250",
        "price_per_unit": "3125",
        "price_unit": "KG"
      },
      {
        "state": "QLD",
        "price": "1250",
        "price_per_unit": "3125",
        "price_unit": "KG"
      }
    ]
  },
  {
    "source_url": "https://www.woolworths.com.au/shop/productdetails/71183/ki-bulgarian-sheep-cheese",
    "name": "Ki Bulgarian Sheep Cheese 400G",
    "image_url": "https://cdn1.woolworths.media/content/wowproductimages/large/071183.jpg",
    "source_id": "Woolworths - 71183",
    "barcode": "9310841001380",
    "shop": "Woolworths",
    "weight": "1KG",
    "prices": [
      {
        "state": "VIC",
        "price": "1150",
        "price_per_unit": "2875",
        "price_unit": "KG"
      },
      {
        "state": "QLD",
        "price": "1150",
        "price_per_unit": "2875",
        "price_unit": "KG"
      },
      {
        "state": "WA",
        "price": "1150",
        "price_per_unit": "2875",
        "price_unit": "KG"
      },
      {
        "state": "SA",
        "price": "1150",
        "price_per_unit": "2875",
        "price_unit": "KG"
      },
      {
        "state": "ACT",
        "price": "1150",
        "price_per_unit": "2875",
        "price_unit": "KG"
      }
    ]
  },
  {
    "source_url": "https://www.woolworths.com.au/shop/productdetails/765116/la-casa-del-formaggio-mascarpone-mascarpone",
    "name": "La Casa Del Formaggio Mascarpone 250g",
    "image_url": "https://cdn1.woolworths.media/content/wowproductimages/large/765116.jpg",
    "source_id": "Woolworths - 765116",
    "barcode": "9324924000054",
    "shop": "Woolworths",
    "weight": "1KG",
    "prices": [
      {
        "state": "VIC",
        "price": "550",
        "price_per_unit": "2200",
        "price_unit": "KG"
      },
      {
        "state": "QLD",
        "price": "550",
        "price_per_unit": "2200",
        "price_unit": "KG"
      },
      {
        "state": "WA",
        "price": "550",
        "price_per_unit": "2200",
        "price_unit": "KG"
      },
      {
        "state": "SA",
        "price": "550",
        "price_per_unit": "2200",
        "price_unit": "KG"
      },
      {
        "state": "TAS",
        "price": "550",
        "price_per_unit": "2200",
        "price_unit": "KG"
      },
      {
        "state": "ACT",
        "price": "550",
        "price_per_unit": "2200",
        "price_unit": "KG"
      },
      {
        "state": "NT",
        "price": "550",
        "price_per_unit": "2200",
        "price_unit": "KG"
      }
    ]
  },
  {
    "source_url": "https://www.woolworths.com.au/shop/productdetails/172574/lemnos-crumbled-fetta-pouch-traditional",
    "name": "Lemnos Crumbled Fetta Pouch Traditional 150g",
    "image_url": "https://cdn1.woolworths.media/content/wowproductimages/large/172574.jpg",
    "source_id": "Woolworths - 172574",
    "barcode": "9316389196700",
    "shop": "Woolworths",
    "weight": "1KG",
    "prices": [
      {
        "state": "QLD",
        "price": "600",
        "price_per_unit": "4000",
        "price_unit": "KG"
      },
      {
        "state": "WA",
        "price": "600",
        "price_per_unit": "4000",
        "price_unit": "KG"
      },
      {
        "state": "SA",
        "price": "600",
        "price_per_unit": "4000",
        "price_unit": "KG"
      },
      {
        "state": "TAS",
        "price": "600",
        "price_per_unit": "4000",
        "price_unit": "KG"
      },
      {
        "state": "ACT",
        "price": "600",
        "price_per_unit": "4000",
        "price_unit": "KG"
      }
    ]
  },
  {
    "source_url": "https://www.woolworths.com.au/shop/productdetails/255398/lemnos-fetta-salad-cubes",
    "name": "Lemnos Fetta Salad Cubes 150g",
    "image_url": "https://cdn1.woolworths.media/content/wowproductimages/large/255398.jpg",
    "source_id": "Woolworths - 255398",
    "barcode": "9316389196502",
    "shop": "Woolworths",
    "weight": "1KG",
    "prices": [
      {
        "state": "VIC",
        "price": "600",
        "price_per_unit": "4000",
        "price_unit": "KG"
      },
      {
        "state": "QLD",
        "price": "600",
        "price_per_unit": "4000",
        "price_unit": "KG"
      },
      {
        "state": "SA",
        "price": "600",
        "price_per_unit": "4000",
        "price_unit": "KG"
      },
      {
        "state": "TAS",
        "price": "600",
        "price_per_unit": "4000",
        "price_unit": "KG"
      },
      {
        "state": "NT",
        "price": "600",
        "price_per_unit": "4000",
        "price_unit": "KG"
      }
    ]
  },
  {
    "source_url": "https://www.woolworths.com.au/shop/productdetails/185281/lemnos-paneer-cheese",
    "name": "Lemnos Paneer Cheese 200g",
    "image_url": "https://cdn1.woolworths.media/content/wowproductimages/large/185281.jpg",
    "source_id": "Woolworths - 185281",
    "barcode": "9316389000441",
    "shop": "Woolworths",
    "weight": "1KG",
    "prices": [
      {
        "state": "VIC",
        "price": "800",
        "price_per_unit": "4000",
        "price_unit": "KG"
      },
      {
        "state": "ACT",
        "price": "800",
        "price_per_unit": "4000",
        "price_unit": "KG"
      }
    ]
  },
  {
    "source_url": "https://www.woolworths.com.au/shop/productdetails/162584/lemnos-reduced-fat-fetta-traditional-crumbly-tangy",
    "name": "Lemnos Reduced Fat Fetta Traditional Crumbly & Tangy 180g",
    "image_url": "https://cdn1.woolworths.media/content/wowproductimages/large/162584.jpg",
    "source_id": "Woolworths - 162584",
    "barcode": "9316389000342",
    "shop": "Woolworths",
    "weight": "1KG",
    "prices": [
      {
        "state": "VIC",
        "price": "650",
        "price_per_unit": "3611",
        "price_unit": "KG"
      },
      {
        "state": "QLD",
        "price": "650",
        "price_per_unit": "3611",
        "price_unit": "KG"
      },
      {
        "state": "ACT",
        "price": "650",
        "price_per_unit": "3611",
        "price_unit": "KG"
      }
    ]
  },
  {
    "source_url": "https://www.woolworths.com.au/shop/productdetails/98070/philadelphia-light-cream-cheese-block",
    "name": "Philadelphia Light Cream Cheese Block 250g",
    "image_url": "https://cdn1.woolworths.media/content/wowproductimages/large/098070.jpg",
    "source_id": "Woolworths - 98070",
    "barcode": "9300650430112",
    "shop": "Woolworths",
    "weight": "1KG",
    "prices": [
      {
        "state": "VIC",
        "price": "450",
        "price_per_unit": "1800",
        "price_unit": "KG"
      },
      {
        "state": "QLD",
        "price": "450",
        "price_per_unit": "1800",
        "price_unit": "KG"
      },
      {
        "state": "WA",
        "price": "450",
        "price_per_unit": "1800",
        "price_unit": "KG"
      },
      {
        "state": "SA",
        "price": "450",
        "price_per_unit": "1800",
        "price_unit": "KG"
      },
      {
        "state": "TAS",
        "price": "450",
        "price_per_unit": "1800",
        "price_unit": "KG"
      },
      {
        "state": "NT",
        "price": "450",
        "price_per_unit": "1800",
        "price_unit": "KG"
      }
    ]
  },
  {
    "source_url": "https://www.woolworths.com.au/shop/productdetails/614432/riverina-dairy-cyprus-style-haloumi",
    "name": "Riverina Dairy Cyprus Style Haloumi 900g",
    "image_url": "https://cdn1.woolworths.media/content/wowproductimages/large/614432.jpg",
    "source_id": "Woolworths - 614432",
    "barcode": "9322666002183",
    "shop": "Woolworths",
    "weight": "1KG",
    "prices": [
      {
        "state": "VIC",
        "price": "2100",
        "price_per_unit": "2333",
        "price_unit": "KG"
      },
      {
        "state": "QLD",
        "price": "2100",
        "price_per_unit": "2333",
        "price_unit": "KG"
      },
      {
        "state": "WA",
        "price": "2100",
        "price_per_unit": "2333",
        "price_unit": "KG"
      },
      {
        "state": "SA",
        "price": "2100",
        "price_per_unit": "2333",
        "price_unit": "KG"
      },
      {
        "state": "TAS",
        "price": "2100",
        "price_per_unit": "2333",
        "price_unit": "KG"
      },
      {
        "state": "ACT",
        "price": "2100",
        "price_per_unit": "2333",
        "price_unit": "KG"
      },
      {
        "state": "NT",
        "price": "2100",
        "price_per_unit": "2333",
        "price_unit": "KG"
      }
    ]
  },
  {
    "source_url": "https://www.woolworths.com.au/shop/productdetails/311815/riverina-greek-style-haloumi-reduced-fat",
    "name": "Riverina Greek Style Haloumi Reduced Fat 180g",
    "image_url": "https://cdn1.woolworths.media/content/wowproductimages/large/311815.jpg",
    "source_id": "Woolworths - 311815",
    "barcode": "9322666000035",
    "shop": "Woolworths",
    "weight": "1KG",
    "prices": [
      {
        "state": "VIC",
        "price": "580",
        "price_per_unit": "3222",
        "price_unit": "KG"
      },
      {
        "state": "QLD",
        "price": "580",
        "price_per_unit": "3222",
        "price_unit": "KG"
      },
      {
        "state": "WA",
        "price": "580",
        "price_per_unit": "3222",
        "price_unit": "KG"
      },
      {
        "state": "SA",
        "price": "580",
        "price_per_unit": "3222",
        "price_unit": "KG"
      },
      {
        "state": "TAS",
        "price": "580",
        "price_per_unit": "3222",
        "price_unit": "KG"
      },
      {
        "state": "NT",
        "price": "580",
        "price_per_unit": "3222",
        "price_unit": "KG"
      }
    ]
  },
  {
    "source_url": "https://www.woolworths.com.au/shop/productdetails/155151/woolworths-spreadable-light-cream-cheese",
    "name": "Woolworths Spreadable Light Cream Cheese 250g",
    "image_url": "https://cdn1.woolworths.media/content/wowproductimages/large/155151.jpg",
    "source_id": "Woolworths - 155151",
    "barcode": "9339687222223",
    "shop": "Woolworths",
    "weight": "1KG",
    "prices": [
      {
        "state": "VIC",
        "price": "310",
        "price_per_unit": "1240",
        "price_unit": "KG"
      },
      {
        "state": "QLD",
        "price": "310",
        "price_per_unit": "1240",
        "price_unit": "KG"
      },
      {
        "state": "WA",
        "price": "310",
        "price_per_unit": "1240",
        "price_unit": "KG"
      },
      {
        "state": "SA",
        "price": "310",
        "price_per_unit": "1240",
        "price_unit": "KG"
      },
      {
        "state": "TAS",
        "price": "310",
        "price_per_unit": "1240",
        "price_unit": "KG"
      },
      {
        "state": "ACT",
        "price": "310",
        "price_per_unit": "1240",
        "price_unit": "KG"
      },
      {
        "state": "NT",
        "price": "310",
        "price_per_unit": "1240",
        "price_unit": "KG"
      }
    ]
  },
  {
    "source_url": "https://www.woolworths.com.au/shop/productdetails/255436/fresco-haloumi-slices",
    "name": "Fresco Haloumi Slices 450g",
    "image_url": "https://cdn1.woolworths.media/content/wowproductimages/large/255436.jpg",
    "source_id": "Woolworths - 255436",
    "barcode": "9314479000432",
    "shop": "Woolworths",
    "weight": "1KG",
    "prices": [
      {
        "state": "QLD",
        "price": "1400",
        "price_per_unit": "3111",
        "price_unit": "KG"
      }
    ]
  },
  {
    "source_url": "https://www.woolworths.com.au/shop/productdetails/189584/fresco-mascarpone-cheese",
    "name": "Fresco Mascarpone Cheese 250g",
    "image_url": "https://cdn1.woolworths.media/content/wowproductimages/large/189584.jpg",
    "source_id": "Woolworths - 189584",
    "barcode": "9314479000340",
    "shop": "Woolworths",
    "weight": "1KG",
    "prices": [
      {
        "state": "QLD",
        "price": "600",
        "price_per_unit": "2400",
        "price_unit": "KG"
      }
    ]
  },
  {
    "source_url": "https://www.woolworths.com.au/shop/productdetails/287053/lemnos-organic-haloumi-cheese",
    "name": "Lemnos Organic Haloumi Cheese 180g",
    "image_url": "https://cdn1.woolworths.media/content/wowproductimages/large/287053.jpg",
    "source_id": "Woolworths - 287053",
    "barcode": "9316389002391",
    "shop": "Woolworths",
    "weight": "1KG",
    "prices": [
      {
        "state": "QLD",
        "price": "560",
        "price_per_unit": "3111",
        "price_unit": "KG"
      },
      {
        "state": "SA",
        "price": "560",
        "price_per_unit": "3111",
        "price_unit": "KG"
      },
      {
        "state": "TAS",
        "price": "560",
        "price_per_unit": "3111",
        "price_unit": "KG"
      },
      {
        "state": "ACT",
        "price": "560",
        "price_per_unit": "3111",
        "price_unit": "KG"
      }
    ]
  },
  {
    "source_url": "https://www.woolworths.com.au/shop/productdetails/251573/la-casa-del-formaggio-ricotta-cheese",
    "name": "La Casa Del Formaggio Ricotta Cheese 500g",
    "image_url": "https://cdn1.woolworths.media/content/wowproductimages/large/251573.jpg",
    "source_id": "Woolworths - 251573",
    "barcode": "9324924000061",
    "shop": "Woolworths",
    "weight": "1KG",
    "prices": [
      {
        "state": "SA",
        "price": "440",
        "price_per_unit": "880",
        "price_unit": "KG"
      }
    ]
  }
]