[
  {
    "source_url": "https://www.woolworths.com.au/shop/productdetails/930992/jarlsberg-original-cheese-block",
    "name": "Jarlsberg Original Cheese Block 250g",
    "image_url": "https://cdn1.woolworths.media/content/wowproductimages/large/930992.jpg",
    "source_id": "Woolworths - 930992",
    "barcode": "9310631628438",
    "shop": "Woolworths",
    "weight": "1KG",
    "prices": [
      {
        "state": "NSW",
        "price": "900",
        "price_per_unit": "3600",
        "price_unit": "KG"
      },
      {
        "state": "NSW",
        "price": "900",
        "price_per_unit": "3600",
        "price_unit": "KG"
      },
      {
        "state": "VIC",
        "price": "900",
        "price_per_unit": "3600",
        "price_unit": "KG"
      },
      {
        "state": "VIC",
        "price": "900",
        "price_per_unit": "3600",
        "price_unit": "KG"
      },
      {
        "state": "QLD",
        "price": "900",
        "price_per_unit": "3600",
        "price_unit": "KG"
      },
      {
        "state": "QLD",
        "price": "900",
        "price_per_unit": "3600",
        "price_unit": "KG"
      },
      {
        "state": "WA",
        "price": "900",
        "price_per_unit": "3600",
        "price_unit": "KG"
      },
      {
        "state": "WA",
        "price": "900",
        "price_per_unit": "3600",
        "price_unit": "KG"
      },
      {
        "state": "SA",
        "price": "900",
        "price_per_unit": "3600",
        "price_unit": "KG"
      },
      {
        "state": "SA",
        "price": "900",
        "price_per_unit": "3600",
        "price_unit": "KG"
      },
      {
        "state": "TAS",
        "price": "900",
        "price_per_unit": "3600",
        "price_unit": "KG"
      },
      {
        "state": "TAS",
        "price": "900",
        "price_per_unit": "3600",
        "price_unit": "KG"
      },
      {
        "state": "ACT",
        "price": "900",
        "price_per_unit": "3600",
        "price_unit": "KG"
      },
      {
        "state": "ACT",
        "price": "900",
        "price_per_unit": "3600",
        "price_unit": "KG"
      },
      {
        "state": "NT",
        "price": "900",
        "price_per_unit": "3600",
        "price_unit": "KG"
      },
      {
        "state": "NT",
        "price": "900",
        "price_per_unit": "3600",
        "price_unit": "KG"
      }
    ]
  },
  {
    "source_url": "https://www.woolworths.com.au/shop/productdetails/41516/bega-cheese-block-strong-bitey-vintage",
    "name": "Bega Cheese Block Strong & Bitey Vintage 250g",
    "image_url": "https://cdn1.woolworths.media/content/wowproductimages/large/041516.jpg",
    "source_id": "Woolworths - 41516",
    "barcode": "9310052551209",
    "shop": "Woolworths",
    "weight": "1KG",
    "prices": [
      {
        "state": "NSW",
        "price": "750",
        "price_per_unit": "3000",
        "price_unit": "KG"
      },
      {
        "state": "VIC",
        "price": "750",
        "price_per_unit": "3000",
        "price_unit": "KG"
      },
      {
        "state": "QLD",
        "price": "750",
        "price_per_unit": "3000",
        "price_unit": "KG"
      },
      {
        "state": "WA",
        "price": "750",
        "price_per_unit": "3000",
        "price_unit": "KG"
      },
      {
        "state": "SA",
        "price": "750",
        "price_per_unit": "3000",
        "price_unit": "KG"
      },
      {
        "state": "TAS",
        "price": "750",
        "price_per_unit": "3000",
        "price_unit": "KG"
      },
      {
        "state": "ACT",
        "price": "750",
        "price_per_unit": "3000",
        "price_unit": "KG"
      },
      {
        "state": "NT",
        "price": "750",
        "price_per_unit": "3000",
        "price_unit": "KG"
      }
    ]
  },
  {
    "source_url": "https://www.woolworths.com.au/shop/productdetails/48443/bega-cheese-block-strong-bitey-vintage",
    "name": "Bega Cheese Block Strong & Bitey Vintage 500g",
    "image_url": "https://cdn1.woolworths.media/content/wowproductimages/large/048443.jpg",
    "source_id": "Woolworths - 48443",
    "barcode": "9310052533205",
    "shop": "Woolworths",
    "weight": "1KG",
    "prices": [
      {
        "state": "NSW",
        "price": "1050",
        "price_per_unit": "2100",
        "price_unit": "KG"
      },
      {
        "state": "VIC",
        "price": "1050",
        "price_per_unit": "2100",
        "price_unit": "KG"
      },
      {
        "state": "QLD",
        "price": "1050",
        "price_per_unit": "2100",
        "price_unit": "KG"
      },
      {
        "state": "WA",
        "price": "1050",
        "price_per_unit": "2100",
        "price_unit": "KG"
      },
      {
        "state": "SA",
        "price": "1050",
        "price_per_unit": "2100",
        "price_unit": "KG"
      },
      {
        "state": "TAS",
        "price": "1050",
        "price_per_unit": "2100",
        "price_unit": "KG"
      },
      {
        "state": "ACT",
        "price": "1050",
        "price_per_unit": "2100",
        "price_unit": "KG"
      },
      {
        "state": "NT",
        "price": "1050",
        "price_per_unit": "2100",
        "price_unit": "KG"
      }
    ]
  },
  {
    "source_url": "https://www.woolworths.com.au/shop/productdetails/193371/bega-cheese-block-tasty-lactose-free",
    "name": "Bega Cheese Block Tasty Lactose Free 250g",
    "image_url": "https://cdn1.woolworths.media/content/wowproductimages/large/193371.jpg",
    "source_id": "Woolworths - 193371",
    "barcode": "9310264109571",
    "shop": "Woolworths",
    "weight": "1KG",
    "prices": [
      {
        "state": "NSW",
        "price": "750",
        "price_per_unit": "3000",
        "price_unit": "KG"
      },
      {
        "state": "VIC",
        "price": "750",
        "price_per_unit": "3000",
        "price_unit": "KG"
      },
      {
        "state": "QLD",
        "price": "750",
        "price_per_unit": "3000",
        "price_unit": "KG"
      },
      {
        "state": "WA",
        "price": "750",
        "price_per_unit": "3000",
        "price_unit": "KG"
      },
      {
        "state": "SA",
        "price": "750",
        "price_per_unit": "3000",
        "price_unit": "KG"
      },
      {
        "state": "TAS",
        "price": "750",
        "price_per_unit": "3000",
        "price_unit": "KG"
      },
      {
        "state": "ACT",
        "price": "750",
        "price_per_unit": "3000",
        "price_unit": "KG"
      }
    ]
  },
  {
    "source_url": "https://www.woolworths.com.au/shop/productdetails/40709/bega-tasty-cheese-block-cheese",
    "name": "Bega Tasty Cheese Block 250g",
    "image_url": "https://cdn1.woolworths.media/content/wowproductimages/large/040709.jpg",
    "source_id": "Woolworths - 40709",
    "barcode": "9310052451202",
    "shop": "Woolworths",
    "weight": "1KG",
    "prices": [
      {
        "state": "NSW",
        "price": "750",
        "price_per_unit": "3000",
        "price_unit": "KG"
      },
      {
        "state": "VIC",
        "price": "750",
        "price_per_unit": "3000",
        "price_unit": "KG"
      },
      {
        "state": "QLD",
        "price": "750",
        "price_per_unit": "3000",
        "price_unit": "KG"
      },
      {
        "state": "WA",
        "price": "750",
        "price_per_unit": "3000",
        "price_unit": "KG"
      },
      {
        "state": "SA",
        "price": "750",
        "price_per_unit": "3000",
        "price_unit": "KG"
      },
      {
        "state": "TAS",
        "price": "750",
        "price_per_unit": "3000",
        "price_unit": "KG"
      },
      {
        "state": "ACT",
        "price": "750",
        "price_per_unit": "3000",
        "price_unit": "KG"
      },
      {
        "state": "NT",
        "price": "750",
        "price_per_unit": "3000",
        "price_unit": "KG"
      }
    ]
  },
  {
    "source_url": "https://www.woolworths.com.au/shop/productdetails/40471/bega-tasty-cheese-block-cheese",
    "name": "Bega Tasty Cheese Block 500g",
    "image_url": "https://cdn1.woolworths.media/content/wowproductimages/large/040471.jpg",
    "source_id": "Woolworths - 40471",
    "barcode": "9310052433208",
    "shop": "Woolworths",
    "weight": "1KG",
    "prices": [
      {
        "state": "NSW",
        "price": "1050",
        "price_per_unit": "2100",
        "price_unit": "KG"
      },
      {
        "state": "VIC",
        "price": "1050",
        "price_per_unit": "2100",
        "price_unit": "KG"
      },
      {
        "state": "QLD",
        "price": "1050",
        "price_per_unit": "2100",
        "price_unit": "KG"
      },
      {
        "state": "WA",
        "price": "1050",
        "price_per_unit": "2100",
        "price_unit": "KG"
      },
      {
        "state": "SA",
        "price": "1050",
        "price_per_unit": "2100",
        "price_unit": "KG"
      },
      {
        "state": "TAS",
        "price": "1050",
        "price_per_unit": "2100",
        "price_unit": "KG"
      },
      {
        "state": "ACT",
        "price": "1050",
        "price_per_unit": "2100",
        "price_unit": "KG"
      },
      {
        "state": "NT",
        "price": "1050",
        "price_per_unit": "2100",
        "price_unit": "KG"
      }
    ]
  },
  {
    "source_url": "https://www.woolworths.com.au/shop/productdetails/260988/bega-tasty-grated-cheese",
    "name": "Bega Tasty Grated Cheese 300g",
    "image_url": "https://cdn1.woolworths.media/content/wowproductimages/large/260988.jpg",
    "source_id": "Woolworths - 260988",
    "barcode": "9310052273279",
    "shop": "Woolworths",
    "weight": "1KG",
    "prices": [
      {
        "state": "NSW",
        "price": "600",
        "price_per_unit": "2000",
        "price_unit": "KG"
      },
      {
        "state": "VIC",
        "price": "600",
        "price_per_unit": "2000",
        "price_unit": "KG"
      },
      {
        "state": "QLD",
        "price": "600",
        "price_per_unit": "2000",
        "price_unit": "KG"
      },
      {
        "state": "WA",
        "price": "600",
        "price_per_unit": "2000",
        "price_unit": "KG"
      },
      {
        "state": "SA",
        "price": "600",
        "price_per_unit": "2000",
        "price_unit": "KG"
      },
      {
        "state": "TAS",
        "price": "600",
        "price_per_unit": "2000",
        "price_unit": "KG"
      },
      {
        "state": "ACT",
        "price": "600",
        "price_per_unit": "2000",
        "price_unit": "KG"
      },
      {
        "state": "NT",
        "price": "600",
        "price_per_unit": "2000",
        "price_unit": "KG"
      }
    ]
  },
  {
    "source_url": "https://www.woolworths.com.au/shop/productdetails/166625/cheer-cheese-tasty-cheese-block",
    "name": "Cheer Cheese Tasty Cheese Block 1kg",
    "image_url": "https://cdn1.woolworths.media/content/wowproductimages/large/166625.jpg",
    "source_id": "Woolworths - 166625",
    "barcode": "9311482014562",
    "shop": "Woolworths",
    "weight": "1KG",
    "prices": [
      {
        "state": "NSW",
        "price": "1495",
        "price_per_unit": "1495",
        "price_unit": "KG"
      },
      {
        "state": "VIC",
        "price": "1495",
        "price_per_unit": "1495",
        "price_unit": "KG"
      },
      {
        "state": "QLD",
        "price": "1495",
        "price_per_unit": "1495",
        "price_unit": "KG"
      },
      {
        "state": "WA",
        "price": "1495",
        "price_per_unit": "1495",
        "price_unit": "KG"
      },
      {
        "state": "SA",
        "price": "1495",
        "price_per_unit": "1495",
        "price_unit": "KG"
      },
      {
        "state": "TAS",
        "price": "1495",
        "price_per_unit": "1495",
        "price_unit": "KG"
      },
      {
        "state": "ACT",
        "price": "1495",
        "price_per_unit": "1495",
        "price_unit": "KG"
      },
      {
        "state": "NT",
        "price": "1495",
        "price_per_unit": "1495",
        "price_unit": "KG"
      }
    ]
  },
  {
    "source_url": "https://www.woolworths.com.au/shop/productdetails/902835/cheer-tasty-cheese-block",
    "name": "Cheer Tasty Cheese Block 200g",
    "image_url": "https://cdn1.woolworths.media/content/wowproductimages/large/902835.jpg",
    "source_id": "Woolworths - 902835",
    "barcode": "9300639618227",
    "shop": "Woolworths",
    "weight": "1KG",
    "prices": [
      {
        "state": "NSW",
        "price": "490",
        "price_per_unit": "2450",
        "price_unit": "KG"
      },
      {
        "state": "VIC",
        "price": "490",
        "price_per_unit": "2450",
        "price_unit": "KG"
      },
      {
        "state": "QLD",
        "price": "490",
        "price_per_unit": "2450",
        "price_unit": "KG"
      },
      {
        "state": "WA",
        "price": "490",
        "price_per_unit": "2450",
        "price_unit": "KG"
      },
      {
        "state": "SA",
        "price": "490",
        "price_per_unit": "2450",
        "price_unit": "KG"
      },
      {
        "state": "TAS",
        "price": "490",
        "price_per_unit": "2450",
        "price_unit": "KG"
      },
      {
        "state": "ACT",
        "price": "490",
        "price_per_unit": "2450",
        "price_unit": "KG"
      },
      {
        "state": "NT",
        "price": "490",
        "price_per_unit": "2450",
        "price_unit": "KG"
      }
    ]
  },
  {
    "source_url": "https://www.woolworths.com.au/shop/productdetails/901750/cheer-vintage-cheese-block-bitey",
    "name": "Cheer Vintage Cheese Block 200g",
    "image_url": "https://cdn1.woolworths.media/content/wowproductimages/large/901750.jpg",
    "source_id": "Woolworths - 901750",
    "barcode": "9300639618647",
    "shop": "Woolworths",
    "weight": "1KG",
    "prices": [
      {
        "state": "NSW",
        "price": "490",
        "price_per_unit": "2450",
        "price_unit": "KG"
      },
      {
        "state": "VIC",
        "price": "490",
        "price_per_unit": "2450",
        "price_unit": "KG"
      },
      {
        "state": "QLD",
        "price": "490",
        "price_per_unit": "2450",
        "price_unit": "KG"
      },
      {
        "state": "WA",
        "price": "490",
        "price_per_unit": "2450",
        "price_unit": "KG"
      },
      {
        "state": "SA",
        "price": "490",
        "price_per_unit": "2450",
        "price_unit": "KG"
      },
      {
        "state": "TAS",
        "price": "490",
        "price_per_unit": "2450",
        "price_unit": "KG"
      },
      {
        "state": "ACT",
        "price": "490",
        "price_per_unit": "2450",
        "price_unit": "KG"
      },
      {
        "state": "NT",
        "price": "490",
        "price_per_unit": "2450",
        "price_unit": "KG"
      }
    ]
  },
  {
    "source_url": "https://www.woolworths.com.au/shop/productdetails/46024/cracker-barrel-vintage-cheddar-block-extra-sharp",
    "name": "Cracker Barrel Vintage Cheddar Block Extra Sharp 500g",
    "image_url": "https://cdn1.woolworths.media/content/wowproductimages/large/046024.jpg",
    "source_id": "Woolworths - 46024",
    "barcode": "9300650060418",
    "shop": "Woolworths",
    "weight": "1KG",
    "prices": [
      {
        "state": "NSW",
        "price": "1380",
        "price_per_unit": "2760",
        "price_unit": "KG"
      },
      {
        "state": "VIC",
        "price": "1380",
        "price_per_unit": "2760",
        "price_unit": "KG"
      },
      {
        "state": "QLD",
        "price": "1380",
        "price_per_unit": "2760",
        "price_unit": "KG"
      },
      {
        "state": "WA",
        "price": "1380",
        "price_per_unit": "2760",
        "price_unit": "KG"
      },
      {
        "state": "SA",
        "price": "1380",
        "price_per_unit": "2760",
        "price_unit": "KG"
      },
      {
        "state": "TAS",
        "price": "1380",
        "price_per_unit": "2760",
        "price_unit": "KG"
      },
      {
        "state": "ACT",
        "price": "1380",
        "price_per_unit": "2760",
        "price_unit": "KG"
      },
      {
        "state": "NT",
        "price": "1380",
        "price_per_unit": "2760",
        "price_unit": "KG"
      }
    ]
  },
  {
    "source_url": "https://www.woolworths.com.au/shop/productdetails/17280/dairyworks-tasty-block",
    "name": "Dairyworks Tasty Block 500g",
    "image_url": "https://cdn1.woolworths.media/content/wowproductimages/large/017280.jpg",
    "source_id": "Woolworths - 17280",
    "barcode": "9421018084843",
    "shop": "Woolworths",
    "weight": "1KG",
    "prices": [
      {
        "state": "NSW",
        "price": "750",
        "price_per_unit": "1500",
        "price_unit": "KG"
      },
      {
        "state": "VIC",
        "price": "750",
        "price_per_unit": "1500",
        "price_unit": "KG"
      },
      {
        "state": "QLD",
        "price": "750",
        "price_per_unit": "1500",
        "price_unit": "KG"
      },
      {
        "state": "WA",
        "price": "750",
        "price_per_unit": "1500",
        "price_unit": "KG"
      },
      {
        "state": "SA",
        "price": "750",
        "price_per_unit": "1500",
        "price_unit": "KG"
      },
      {
        "state": "TAS",
        "price": "750",
        "price_per_unit": "1500",
        "price_unit": "KG"
      },
      {
        "state": "ACT",
        "price": "750",
        "price_per_unit": "1500",
        "price_unit": "KG"
      },
      {
        "state": "NT",
        "price": "750",
        "price_per_unit": "1500",
        "price_unit": "KG"
      }
    ]
  },
  {
    "source_url": "https://www.woolworths.com.au/shop/productdetails/193761/devondale-colby-cheese-block",
    "name": "Devondale Colby Cheese Block 625g",
    "image_url": "https://cdn1.woolworths.media/content/wowproductimages/large/193761.jpg",
    "source_id": "Woolworths - 193761",
    "barcode": "9300639151335",
    "shop": "Woolworths",
    "weight": "1KG",
    "prices": [
      {
        "state": "NSW",
        "price": "1080",
        "price_per_unit": "1728",
        "price_unit": "KG"
      },
      {
        "state": "VIC",
        "price": "1080",
        "price_per_unit": "1728",
        "price_unit": "KG"
      },
      {
        "state": "QLD",
        "price": "1080",
        "price_per_unit": "1728",
        "price_unit": "KG"
      },
      {
        "state": "WA",
        "price": "1080",
        "price_per_unit": "1728",
        "price_unit": "KG"
      },
      {
        "state": "SA",
        "price": "1080",
        "price_per_unit": "1728",
        "price_unit": "KG"
      },
      {
        "state": "TAS",
        "price": "1080",
        "price_per_unit": "1728",
        "price_unit": "KG"
      },
      {
        "state": "ACT",
        "price": "1080",
        "price_per_unit": "1728",
        "price_unit": "KG"
      },
      {
        "state": "NT",
        "price": "1080",
        "price_per_unit": "1728",
        "price_unit": "KG"
      }
    ]
  },
  {
    "source_url": "https://www.woolworths.com.au/shop/productdetails/193763/devondale-tasty-cheese-block",
    "name": "Devondale Tasty Cheese Block 625g",
    "image_url": "https://cdn1.woolworths.media/content/wowproductimages/large/193763.jpg",
    "source_id": "Woolworths - 193763",
    "barcode": "9300639151342",
    "shop": "Woolworths",
    "weight": "1KG",
    "prices": [
      {
        "state": "NSW",
        "price": "1080",
        "price_per_unit": "1728",
        "price_unit": "KG"
      },
      {
        "state": "VIC",
        "price": "1080",
        "price_per_unit": "1728",
        "price_unit": "KG"
      },
      {
        "state": "QLD",
        "price": "1080",
        "price_per_unit": "1728",
        "price_unit": "KG"
      },
      {
        "state": "WA",
        "price": "1080",
        "price_per_unit": "1728",
        "price_unit": "KG"
      },
      {
        "state": "SA",
        "price": "1080",
        "price_per_unit": "1728",
        "price_unit": "KG"
      },
      {
        "state": "TAS",
        "price": "1080",
        "price_per_unit": "1728",
        "price_unit": "KG"
      },
      {
        "state": "ACT",
        "price": "1080",
        "price_per_unit": "1728",
        "price_unit": "KG"
      },
      {
        "state": "NT",
        "price": "1080",
        "price_per_unit": "1728",
        "price_unit": "KG"
      }
    ]
  },
  {
    "source_url": "https://www.woolworths.com.au/shop/productdetails/905072/eat-lean-cheese-block",
    "name": "Eat Lean Cheese Block 200g",
    "image_url": "https://cdn1.woolworths.media/content/wowproductimages/large/905072.jpg",
    "source_id": "Woolworths - 905072",
    "barcode": "5028482103816",
    "shop": "Woolworths",
    "weight": "1KG",
    "prices": [
      {
        "state": "NSW",
        "price": "700",
        "price_per_unit": "3500",
        "price_unit": "KG"
      },
      {
        "state": "QLD",
        "price": "700",
        "price_per_unit": "3500",
        "price_unit": "KG"
      },
      {
        "state": "WA",
        "price": "700",
        "price_per_unit": "3500",
        "price_unit": "KG"
      },
      {
        "state": "SA",
        "price": "700",
        "price_per_unit": "3500",
        "price_unit": "KG"
      },
      {
        "state": "TAS",
        "price": "700",
        "price_per_unit": "3500",
        "price_unit": "KG"
      },
      {
        "state": "ACT",
        "price": "700",
        "price_per_unit": "3500",
        "price_unit": "KG"
      },
      {
        "state": "NT",
        "price": "700",
        "price_per_unit": "3500",
        "price_unit": "KG"
      }
    ]
  },
  {
    "source_url": "https://www.woolworths.com.au/shop/productdetails/500187/hillview-cheese-block",
    "name": "Hillview Cheese Block 1kg",
    "image_url": "https://cdn1.woolworths.media/content/wowproductimages/large/500187.jpg",
    "source_id": "Woolworths - 500187",
    "barcode": "9300633539047",
    "shop": "Woolworths",
    "weight": "1KG",
    "prices": [
      {
        "state": "NSW",
        "price": "990",
        "price_per_unit": "990",
        "price_unit": "KG"
      },
      {
        "state": "VIC",
        "price": "990",
        "price_per_unit": "990",
        "price_unit": "KG"
      },
      {
        "state": "QLD",
        "price": "990",
        "price_per_unit": "990",
        "price_unit": "KG"
      },
      {
        "state": "WA",
        "price": "990",
        "price_per_unit": "990",
        "price_unit": "KG"
      },
      {
        "state": "SA",
        "price": "990",
        "price_per_unit": "990",
        "price_unit": "KG"
      },
      {
        "state": "TAS",
        "price": "990",
        "price_per_unit": "990",
        "price_unit": "KG"
      },
      {
        "state": "ACT",
        "price": "990",
        "price_per_unit": "990",
        "price_unit": "KG"
      },
      {
        "state": "NT",
        "price": "990",
        "price_per_unit": "990",
        "price_unit": "KG"
      }
    ]
  },
  {
    "source_url": "https://www.woolworths.com.au/shop/productdetails/23778/mainland-block-vintage-cheese-block-block",
    "name": "Mainland Block Vintage Cheese Block 200g",
    "image_url": "https://cdn1.woolworths.media/content/wowproductimages/large/023778.jpg",
    "source_id": "Woolworths - 23778",
    "barcode": "9310053105371",
    "shop": "Woolworths",
    "weight": "1KG",
    "prices": [
      {
        "state": "NSW",
        "price": "700",
        "price_per_unit": "3500",
        "price_unit": "KG"
      },
      {
        "state": "VIC",
        "price": "700",
        "price_per_unit": "3500",
        "price_unit": "KG"
      },
      {
        "state": "QLD",
        "price": "700",
        "price_per_unit": "3500",
        "price_unit": "KG"
      },
      {
        "state": "WA",
        "price": "700",
        "price_per_unit": "3500",
        "price_unit": "KG"
      },
      {
        "state": "SA",
        "price": "700",
        "price_per_unit": "3500",
        "price_unit": "KG"
      },
      {
        "state": "TAS",
        "price": "700",
        "price_per_unit": "3500",
        "price_unit": "KG"
      },
      {
        "state": "ACT",
        "price": "700",
        "price_per_unit": "3500",
        "price_unit": "KG"
      },
      {
        "state": "NT",
        "price": "700",
        "price_per_unit": "3500",
        "price_unit": "KG"
      }
    ]
  },
  {
    "source_url": "https://www.woolworths.com.au/shop/productdetails/96662/mainland-cheese-tasty-block-cheese",
    "name": "Mainland Cheese Tasty Block 250g",
    "image_url": "https://cdn1.woolworths.media/content/wowproductimages/large/096662.jpg",
    "source_id": "Woolworths - 96662",
    "barcode": "9414832131022",
    "shop": "Woolworths",
    "weight": "1KG",
    "prices": [
      {
        "state": "NSW",
        "price": "700",
        "price_per_unit": "2800",
        "price_unit": "KG"
      },
      {
        "state": "VIC",
        "price": "700",
        "price_per_unit": "2800",
        "price_unit": "KG"
      },
      {
        "state": "QLD",
        "price": "700",
        "price_per_unit": "2800",
        "price_unit": "KG"
      },
      {
        "state": "WA",
        "price": "700",
        "price_per_unit": "2800",
        "price_unit": "KG"
      },
      {
        "state": "SA",
        "price": "700",
        "price_per_unit": "2800",
        "price_unit": "KG"
      },
      {
        "state": "ACT",
        "price": "700",
        "price_per_unit": "2800",
        "price_unit": "KG"
      },
      {
        "state": "NT",
        "price": "700",
        "price_per_unit": "2800",
        "price_unit": "KG"
      }
    ]
  },
  {
    "source_url": "https://www.woolworths.com.au/shop/productdetails/66072/mainland-extra-tasty-cheese-block",
    "name": "Mainland Extra Tasty Cheese Block 250g",
    "image_url": "https://cdn1.woolworths.media/content/wowproductimages/large/066072.jpg",
    "source_id": "Woolworths - 66072",
    "barcode": "9310053105357",
    "shop": "Woolworths",
    "weight": "1KG",
    "prices": [
      {
        "state": "NSW",
        "price": "700",
        "price_per_unit": "2800",
        "price_unit": "KG"
      },
      {
        "state": "VIC",
        "price": "700",
        "price_per_unit": "2800",
        "price_unit": "KG"
      },
      {
        "state": "QLD",
        "price": "700",
        "price_per_unit": "2800",
        "price_unit": "KG"
      },
      {
        "state": "WA",
        "price": "700",
        "price_per_unit": "2800",
        "price_unit": "KG"
      },
      {
        "state": "SA",
        "price": "700",
        "price_per_unit": "2800",
        "price_unit": "KG"
      },
      {
        "state": "TAS",
        "price": "700",
        "price_per_unit": "2800",
        "price_unit": "KG"
      },
      {
        "state": "ACT",
        "price": "700",
        "price_per_unit": "2800",
        "price_unit": "KG"
      },
      {
        "state": "NT",
        "price": "700",
        "price_per_unit": "2800",
        "price_unit": "KG"
      }
    ]
  },
  {
    "source_url": "https://www.woolworths.com.au/shop/productdetails/807870/mainland-extra-tasty-cheese-block",
    "name": "Mainland Extra Tasty Cheese Block 500g",
    "image_url": "https://cdn1.woolworths.media/content/wowproductimages/large/807870.jpg",
    "source_id": "Woolworths - 807870",
    "barcode": "9310053105364",
    "shop": "Woolworths",
    "weight": "1KG",
    "prices": [
      {
        "state": "NSW",
        "price": "1100",
        "price_per_unit": "2200",
        "price_unit": "KG"
      },
      {
        "state": "VIC",
        "price": "1100",
        "price_per_unit": "2200",
        "price_unit": "KG"
      },
      {
        "state": "QLD",
        "price": "1100",
        "price_per_unit": "2200",
        "price_unit": "KG"
      },
      {
        "state": "WA",
        "price": "1100",
        "price_per_unit": "2200",
        "price_unit": "KG"
      },
      {
        "state": "SA",
        "price": "1100",
        "price_per_unit": "2200",
        "price_unit": "KG"
      },
      {
        "state": "TAS",
        "price": "1100",
        "price_per_unit": "2200",
        "price_unit": "KG"
      },
      {
        "state": "ACT",
        "price": "1100",
        "price_per_unit": "2200",
        "price_unit": "KG"
      },
      {
        "state": "NT",
        "price": "1100",
        "price_per_unit": "2200",
        "price_unit": "KG"
      }
    ]
  },
  {
    "source_url": "https://www.woolworths.com.au/shop/productdetails/32198/mainland-tasty-cheese-block-cheese",
    "name": "Mainland Tasty Cheese Block 500g",
    "image_url": "https://cdn1.woolworths.media/content/wowproductimages/large/032198.jpg",
    "source_id": "Woolworths - 32198",
    "barcode": "9414832132029",
    "shop": "Woolworths",
    "weight": "1KG",
    "prices": [
      {
        "state": "NSW",
        "price": "1100",
        "price_per_unit": "2200",
        "price_unit": "KG"
      },
      {
        "state": "VIC",
        "price": "1100",
        "price_per_unit": "2200",
        "price_unit": "KG"
      },
      {
        "state": "QLD",
        "price": "1100",
        "price_per_unit": "2200",
        "price_unit": "KG"
      },
      {
        "state": "WA",
        "price": "1100",
        "price_per_unit": "2200",
        "price_unit": "KG"
      },
      {
        "state": "SA",
        "price": "1100",
        "price_per_unit": "2200",
        "price_unit": "KG"
      },
      {
        "state": "TAS",
        "price": "1100",
        "price_per_unit": "2200",
        "price_unit": "KG"
      },
      {
        "state": "ACT",
        "price": "1100",
        "price_per_unit": "2200",
        "price_unit": "KG"
      },
      {
        "state": "NT",
        "price": "1100",
        "price_per_unit": "2200",
        "price_unit": "KG"
      }
    ]
  },
  {
    "source_url": "https://www.woolworths.com.au/shop/productdetails/807871/mainland-vintage-cheese-block",
    "name": "Mainland Vintage Cheese Block 400g",
    "image_url": "https://cdn1.woolworths.media/content/wowproductimages/large/807871.jpg",
    "source_id": "Woolworths - 807871",
    "barcode": "9310053105388",
    "shop": "Woolworths",
    "weight": "1KG",
    "prices": [
      {
        "state": "NSW",
        "price": "1100",
        "price_per_unit": "2750",
        "price_unit": "KG"
      },
      {
        "state": "VIC",
        "price": "1100",
        "price_per_unit": "2750",
        "price_unit": "KG"
      },
      {
        "state": "QLD",
        "price": "1100",
        "price_per_unit": "2750",
        "price_unit": "KG"
      },
      {
        "state": "WA",
        "price": "1100",
        "price_per_unit": "2750",
        "price_unit": "KG"
      },
      {
        "state": "SA",
        "price": "1100",
        "price_per_unit": "2750",
        "price_unit": "KG"
      },
      {
        "state": "TAS",
        "price": "1100",
        "price_per_unit": "2750",
        "price_unit": "KG"
      },
      {
        "state": "ACT",
        "price": "1100",
        "price_per_unit": "2750",
        "price_unit": "KG"
      },
      {
        "state": "NT",
        "price": "1100",
        "price_per_unit": "2750",
        "price_unit": "KG"
      }
    ]
  },
  {
    "source_url": "https://www.woolworths.com.au/shop/productdetails/647416/norco-elbo-style-cheese-block",
    "name": "Norco Elbo Style Cheese Block 500g",
    "image_url": "https://cdn1.woolworths.media/content/wowproductimages/large/647416.jpg",
    "source_id": "Woolworths - 647416",
    "barcode": "9310272009801",
    "shop": "Woolworths",
    "weight": "1KG",
    "prices": [
      {
        "state": "NSW",
        "price": "1200",
        "price_per_unit": "2400",
        "price_unit": "KG"
      },
      {
        "state": "VIC",
        "price": "1200",
        "price_per_unit": "2400",
        "price_unit": "KG"
      },
      {
        "state": "QLD",
        "price": "1200",
        "price_per_unit": "2400",
        "price_unit": "KG"
      },
      {
        "state": "ACT",
        "price": "1200",
        "price_per_unit": "2400",
        "price_unit": "KG"
      }
    ]
  },
  {
    "source_url": "https://www.woolworths.com.au/shop/productdetails/647408/norco-elbo-style-cheese-slices",
    "name": "Norco Elbo Style Cheese Slices 250g",
    "image_url": "https://cdn1.woolworths.media/content/wowproductimages/large/647408.jpg",
    "source_id": "Woolworths - 647408",
    "barcode": "9310272019824",
    "shop": "Woolworths",
    "weight": "1KG",
    "prices": [
      {
        "state": "NSW",
        "price": "790",
        "price_per_unit": "3160",
        "price_unit": "KG"
      },
      {
        "state": "VIC",
        "price": "790",
        "price_per_unit": "3160",
        "price_unit": "KG"
      },
      {
        "state": "QLD",
        "price": "790",
        "price_per_unit": "3160",
        "price_unit": "KG"
      },
      {
        "state": "ACT",
        "price": "790",
        "price_per_unit": "3160",
        "price_unit": "KG"
      }
    ]
  },
  {
    "source_url": "https://www.woolworths.com.au/shop/productdetails/427499/the-organic-milk-co-organic-cheddar-cheese",
    "name": "The Organic Milk Co. Organic Cheddar Cheese 250g",
    "image_url": "https://cdn1.woolworths.media/content/wowproductimages/large/427499.jpg",
    "source_id": "Woolworths - 427499",
    "barcode": "9351916000174",
    "shop": "Woolworths",
    "weight": "1KG",
    "prices": [
      {
        "state": "NSW",
        "price": "450",
        "price_per_unit": "1800",
        "price_unit": "KG"
      },
      {
        "state": "VIC",
        "price": "450",
        "price_per_unit": "1800",
        "price_unit": "KG"
      },
      {
        "state": "QLD",
        "price": "450",
        "price_per_unit": "1800",
        "price_unit": "KG"
      },
      {
        "state": "WA",
        "price": "450",
        "price_per_unit": "1800",
        "price_unit": "KG"
      },
      {
        "state": "SA",
        "price": "450",
        "price_per_unit": "1800",
        "price_unit": "KG"
      },
      {
        "state": "TAS",
        "price": "450",
        "price_per_unit": "1800",
        "price_unit": "KG"
      },
      {
        "state": "ACT",
        "price": "450",
        "price_per_unit": "1800",
        "price_unit": "KG"
      }
    ]
  },
  {
    "source_url": "https://www.woolworths.com.au/shop/productdetails/379902/woolworths-cheese-cubes",
    "name": "Woolworths Cheese Cubes 500g",
    "image_url": "https://cdn1.woolworths.media/content/wowproductimages/large/379902.jpg",
    "source_id": "Woolworths - 379902",
    "barcode": "9300633223854",
    "shop": "Woolworths",
    "weight": "1KG",
    "prices": [
      {
        "state": "NSW",
        "price": "1050",
        "price_per_unit": "2100",
        "price_unit": "KG"
      },
      {
        "state": "VIC",
        "price": "1050",
        "price_per_unit": "2100",
        "price_unit": "KG"
      },
      {
        "state": "QLD",
        "price": "1050",
        "price_per_unit": "2100",
        "price_unit": "KG"
      },
      {
        "state": "WA",
        "price": "1050",
        "price_per_unit": "2100",
        "price_unit": "KG"
      },
      {
        "state": "SA",
        "price": "1050",
        "price_per_unit": "2100",
        "price_unit": "KG"
      },
      {
        "state": "TAS",
        "price": "1050",
        "price_per_unit": "2100",
        "price_unit": "KG"
      },
      {
        "state": "ACT",
        "price": "1050",
        "price_per_unit": "2100",
        "price_unit": "KG"
      },
      {
        "state": "NT",
        "price": "1050",
        "price_per_unit": "2100",
        "price_unit": "KG"
      }
    ]
  },
  {
    "source_url": "https://www.woolworths.com.au/shop/productdetails/728957/woolworths-colby-cheese-block",
    "name": "Woolworths Colby Cheese Block 250g",
    "image_url": "https://cdn1.woolworths.media/content/wowproductimages/large/728957.jpg",
    "source_id": "Woolworths - 728957",
    "barcode": "9300633326128",
    "shop": "Woolworths",
    "weight": "1KG",
    "prices": [
      {
        "state": "NSW",
        "price": "600",
        "price_per_unit": "2400",
        "price_unit": "KG"
      },
      {
        "state": "VIC",
        "price": "600",
        "price_per_unit": "2400",
        "price_unit": "KG"
      },
      {
        "state": "QLD",
        "price": "600",
        "price_per_unit": "2400",
        "price_unit": "KG"
      },
      {
        "state": "WA",
        "price": "600",
        "price_per_unit": "2400",
        "price_unit": "KG"
      },
      {
        "state": "SA",
        "price": "600",
        "price_per_unit": "2400",
        "price_unit": "KG"
      },
      {
        "state": "TAS",
        "price": "600",
        "price_per_unit": "2400",
        "price_unit": "KG"
      },
      {
        "state": "ACT",
        "price": "600",
        "price_per_unit": "2400",
        "price_unit": "KG"
      },
      {
        "state": "NT",
        "price": "600",
        "price_per_unit": "2400",
        "price_unit": "KG"
      }
    ]
  },
  {
    "source_url": "https://www.woolworths.com.au/shop/productdetails/224937/woolworths-extra-tasty-cheese-block",
    "name": "Woolworths Extra Tasty Cheese Block 250g",
    "image_url": "https://cdn1.woolworths.media/content/wowproductimages/large/224937.jpg",
    "source_id": "Woolworths - 224937",
    "barcode": "9300633906566",
    "shop": "Woolworths",
    "weight": "1KG",
    "prices": [
      {
        "state": "NSW",
        "price": "600",
        "price_per_unit": "2400",
        "price_unit": "KG"
      },
      {
        "state": "VIC",
        "price": "600",
        "price_per_unit": "2400",
        "price_unit": "KG"
      },
      {
        "state": "QLD",
        "price": "600",
        "price_per_unit": "2400",
        "price_unit": "KG"
      },
      {
        "state": "WA",
        "price": "600",
        "price_per_unit": "2400",
        "price_unit": "KG"
      },
      {
        "state": "SA",
        "price": "600",
        "price_per_unit": "2400",
        "price_unit": "KG"
      },
      {
        "state": "TAS",
        "price": "600",
        "price_per_unit": "2400",
        "price_unit": "KG"
      },
      {
        "state": "ACT",
        "price": "600",
        "price_per_unit": "2400",
        "price_unit": "KG"
      },
      {
        "state": "NT",
        "price": "600",
        "price_per_unit": "2400",
        "price_unit": "KG"
      }
    ]
  },
  {
    "source_url": "https://www.woolworths.com.au/shop/productdetails/310238/woolworths-extra-tasty-cheese-block",
    "name": "Woolworths Extra Tasty Cheese Block 500g",
    "image_url": "https://cdn1.woolworths.media/content/wowproductimages/large/310238.jpg",
    "source_id": "Woolworths - 310238",
    "barcode": "9300633988104",
    "shop": "Woolworths",
    "weight": "1KG",
    "prices": [
      {
        "state": "NSW",
        "price": "770",
        "price_per_unit": "1540",
        "price_unit": "KG"
      },
      {
        "state": "VIC",
        "price": "770",
        "price_per_unit": "1540",
        "price_unit": "KG"
      },
      {
        "state": "QLD",
        "price": "770",
        "price_per_unit": "1540",
        "price_unit": "KG"
      },
      {
        "state": "WA",
        "price": "770",
        "price_per_unit": "1540",
        "price_unit": "KG"
      },
      {
        "state": "SA",
        "price": "770",
        "price_per_unit": "1540",
        "price_unit": "KG"
      },
      {
        "state": "TAS",
        "price": "770",
        "price_per_unit": "1540",
        "price_unit": "KG"
      },
      {
        "state": "ACT",
        "price": "770",
        "price_per_unit": "1540",
        "price_unit": "KG"
      },
      {
        "state": "NT",
        "price": "770",
        "price_per_unit": "1540",
        "price_unit": "KG"
      }
    ]
  },
  {
    "source_url": "https://www.woolworths.com.au/shop/productdetails/526950/woolworths-light-tasty-cheese-block",
    "name": "Woolworths Light Tasty Cheese Block 250g",
    "image_url": "https://cdn1.woolworths.media/content/wowproductimages/large/526950.jpg",
    "source_id": "Woolworths - 526950",
    "barcode": "9300633615819",
    "shop": "Woolworths",
    "weight": "1KG",
    "prices": [
      {
        "state": "NSW",
        "price": "600",
        "price_per_unit": "2400",
        "price_unit": "KG"
      },
      {
        "state": "VIC",
        "price": "600",
        "price_per_unit": "2400",
        "price_unit": "KG"
      },
      {
        "state": "QLD",
        "price": "600",
        "price_per_unit": "2400",
        "price_unit": "KG"
      },
      {
        "state": "WA",
        "price": "600",
        "price_per_unit": "2400",
        "price_unit": "KG"
      },
      {
        "state": "SA",
        "price": "600",
        "price_per_unit": "2400",
        "price_unit": "KG"
      },
      {
        "state": "TAS",
        "price": "600",
        "price_per_unit": "2400",
        "price_unit": "KG"
      },
      {
        "state": "ACT",
        "price": "600",
        "price_per_unit": "2400",
        "price_unit": "KG"
      },
      {
        "state": "NT",
        "price": "600",
        "price_per_unit": "2400",
        "price_unit": "KG"
      }
    ]
  },
  {
    "source_url": "https://www.woolworths.com.au/shop/productdetails/891325/woolworths-tasty-cheese-block",
    "name": "Woolworths Tasty Cheese Block 1kg",
    "image_url": "https://cdn1.woolworths.media/content/wowproductimages/large/891325.jpg",
    "source_id": "Woolworths - 891325",
    "barcode": "9300633559021",
    "shop": "Woolworths",
    "weight": "1KG",
    "prices": [
      {
        "state": "NSW",
        "price": "1390",
        "price_per_unit": "1390",
        "price_unit": "KG"
      },
      {
        "state": "VIC",
        "price": "1390",
        "price_per_unit": "1390",
        "price_unit": "KG"
      },
      {
        "state": "QLD",
        "price": "1390",
        "price_per_unit": "1390",
        "price_unit": "KG"
      },
      {
        "state": "WA",
        "price": "1390",
        "price_per_unit": "1390",
        "price_unit": "KG"
      },
      {
        "state": "SA",
        "price": "1390",
        "price_per_unit": "1390",
        "price_unit": "KG"
      },
      {
        "state": "TAS",
        "price": "1390",
        "price_per_unit": "1390",
        "price_unit": "KG"
      },
      {
        "state": "ACT",
        "price": "1390",
        "price_per_unit": "1390",
        "price_unit": "KG"
      },
      {
        "state": "NT",
        "price": "1390",
        "price_per_unit": "1390",
        "price_unit": "KG"
      }
    ]
  },
  {
    "source_url": "https://www.woolworths.com.au/shop/productdetails/250729/woolworths-tasty-cheese-block",
    "name": "Woolworths Tasty Cheese Block 250g",
    "image_url": "https://cdn1.woolworths.media/content/wowproductimages/large/250729.jpg",
    "source_id": "Woolworths - 250729",
    "barcode": "9300633036133",
    "shop": "Woolworths",
    "weight": "1KG",
    "prices": [
      {
        "state": "NSW",
        "price": "600",
        "price_per_unit": "2400",
        "price_unit": "KG"
      },
      {
        "state": "VIC",
        "price": "600",
        "price_per_unit": "2400",
        "price_unit": "KG"
      },
      {
        "state": "QLD",
        "price": "600",
        "price_per_unit": "2400",
        "price_unit": "KG"
      },
      {
        "state": "WA",
        "price": "600",
        "price_per_unit": "2400",
        "price_unit": "KG"
      },
      {
        "state": "SA",
        "price": "600",
        "price_per_unit": "2400",
        "price_unit": "KG"
      },
      {
        "state": "TAS",
        "price": "600",
        "price_per_unit": "2400",
        "price_unit": "KG"
      },
      {
        "state": "ACT",
        "price": "600",
        "price_per_unit": "2400",
        "price_unit": "KG"
      },
      {
        "state": "NT",
        "price": "600",
        "price_per_unit": "2400",
        "price_unit": "KG"
      }
    ]
  },
  {
    "source_url": "https://www.woolworths.com.au/shop/productdetails/310237/woolworths-tasty-cheese-block",
    "name": "Woolworths Tasty Cheese Block 500g",
    "image_url": "https://cdn1.woolworths.media/content/wowproductimages/large/310237.jpg",
    "source_id": "Woolworths - 310237",
    "barcode": "9300633988098",
    "shop": "Woolworths",
    "weight": "1KG",
    "prices": [
      {
        "state": "NSW",
        "price": "770",
        "price_per_unit": "1540",
        "price_unit": "KG"
      },
      {
        "state": "VIC",
        "price": "770",
        "price_per_unit": "1540",
        "price_unit": "KG"
      },
      {
        "state": "QLD",
        "price": "770",
        "price_per_unit": "1540",
        "price_unit": "KG"
      },
      {
        "state": "WA",
        "price": "770",
        "price_per_unit": "1540",
        "price_unit": "KG"
      },
      {
        "state": "SA",
        "price": "770",
        "price_per_unit": "1540",
        "price_unit": "KG"
      },
      {
        "state": "TAS",
        "price": "770",
        "price_per_unit": "1540",
        "price_unit": "KG"
      },
      {
        "state": "ACT",
        "price": "770",
        "price_per_unit": "1540",
        "price_unit": "KG"
      },
      {
        "state": "NT",
        "price": "770",
        "price_per_unit": "1540",
        "price_unit": "KG"
      }
    ]
  },
  {
    "source_url": "https://www.woolworths.com.au/shop/productdetails/57304/bega-colby-cheese-block-block",
    "name": "Bega Colby Cheese Block 500g",
    "image_url": "https://cdn1.woolworths.media/content/wowproductimages/large/057304.jpg",
    "source_id": "Woolworths - 57304",
    "barcode": "9310264912683",
    "shop": "Woolworths",
    "weight": "1KG",
    "prices": [
      {
        "state": "VIC",
        "price": "1050",
        "price_per_unit": "2100",
        "price_unit": "KG"
      },
      {
        "state": "QLD",
        "price": "1050",
        "price_per_unit": "2100",
        "price_unit": "KG"
      },
      {
        "state": "WA",
        "price": "1050",
        "price_per_unit": "2100",
        "price_unit": "KG"
      },
      {
        "state": "SA",
        "price": "1050",
        "price_per_unit": "2100",
        "price_unit": "KG"
      },
      {
        "state": "ACT",
        "price": "1050",
        "price_per_unit": "2100",
        "price_unit": "KG"
      }
    ]
  },
  {
    "source_url": "https://www.woolworths.com.au/shop/productdetails/381313/bega-tasty-cheese-block-tasty",
    "name": "Bega Tasty Cheese Block 750g",
    "image_url": "https://cdn1.woolworths.media/content/wowproductimages/large/381313.jpg",
    "source_id": "Woolworths - 381313",
    "barcode": "9310052400200",
    "shop": "Woolworths",
    "weight": "1KG",
    "prices": [
      {
        "state": "VIC",
        "price": "1350",
        "price_per_unit": "1800",
        "price_unit": "KG"
      },
      {
        "state": "QLD",
        "price": "1350",
        "price_per_unit": "1800",
        "price_unit": "KG"
      },
      {
        "state": "WA",
        "price": "1350",
        "price_per_unit": "1800",
        "price_unit": "KG"
      },
      {
        "state": "SA",
        "price": "1350",
        "price_per_unit": "1800",
        "price_unit": "KG"
      },
      {
        "state": "TAS",
        "price": "1350",
        "price_per_unit": "1800",
        "price_unit": "KG"
      },
      {
        "state": "ACT",
        "price": "1350",
        "price_per_unit": "1800",
        "price_unit": "KG"
      }
    ]
  },
  {
    "source_url": "https://www.woolworths.com.au/shop/productdetails/182060/bega-tasty-cheese-block-so-light-50-",
    "name": "Bega Tasty Cheese Block So Light 50% 500g",
    "image_url": "https://cdn1.woolworths.media/content/wowproductimages/large/182060.jpg",
    "source_id": "Woolworths - 182060",
    "barcode": "9310264911099",
    "shop": "Woolworths",
    "weight": "1KG",
    "prices": [
      {
        "state": "VIC",
        "price": "1050",
        "price_per_unit": "2100",
        "price_unit": "KG"
      },
      {
        "state": "QLD",
        "price": "1050",
        "price_per_unit": "2100",
        "price_unit": "KG"
      },
      {
        "state": "WA",
        "price": "1050",
        "price_per_unit": "2100",
        "price_unit": "KG"
      },
      {
        "state": "SA",
        "price": "1050",
        "price_per_unit": "2100",
        "price_unit": "KG"
      },
      {
        "state": "TAS",
        "price": "1050",
        "price_per_unit": "2100",
        "price_unit": "KG"
      },
      {
        "state": "ACT",
        "price": "1050",
        "price_per_unit": "2100",
        "price_unit": "KG"
      }
    ]
  },
  {
    "source_url": "https://www.woolworths.com.au/shop/productdetails/48070/cracker-barrel-vintage-cheddar-cheese-block-extra-sharp",
    "name": "Cracker Barrel Vintage Cheddar Cheese Block Extra Sharp 250g",
    "image_url": "https://cdn1.woolworths.media/content/wowproductimages/large/048070.jpg",
    "source_id": "Woolworths - 48070",
    "barcode": "93650434",
    "shop": "Woolworths",
    "weight": "1KG",
    "prices": [
      {
        "state": "VIC",
        "price": "700",
        "price_per_unit": "2800",
        "price_unit": "KG"
      },
      {
        "state": "QLD",
        "price": "700",
        "price_per_unit": "2800",
        "price_unit": "KG"
      },
      {
        "state": "SA",
        "price": "700",
        "price_per_unit": "2800",
        "price_unit": "KG"
      },
      {
        "state": "TAS",
        "price": "700",
        "price_per_unit": "2800",
        "price_unit": "KG"
      },
      {
        "state": "ACT",
        "price": "700",
        "price_per_unit": "2800",
        "price_unit": "KG"
      }
    ]
  },
  {
    "source_url": "https://www.woolworths.com.au/shop/productdetails/741022/liddells-lactose-free-cheese-block",
    "name": "Liddells Lactose Free Cheese Block 250g",
    "image_url": "https://cdn1.woolworths.media/content/wowproductimages/large/741022.jpg",
    "source_id": "Woolworths - 741022",
    "barcode": "9300639602936",
    "shop": "Woolworths",
    "weight": "1KG",
    "prices": [
      {
        "state": "VIC",
        "price": "675",
        "price_per_unit": "2700",
        "price_unit": "KG"
      },
      {
        "state": "QLD",
        "price": "675",
        "price_per_unit": "2700",
        "price_unit": "KG"
      },
      {
        "state": "WA",
        "price": "675",
        "price_per_unit": "2700",
        "price_unit": "KG"
      },
      {
        "state": "SA",
        "price": "675",
        "price_per_unit": "2700",
        "price_unit": "KG"
      },
      {
        "state": "TAS",
        "price": "675",
        "price_per_unit": "2700",
        "price_unit": "KG"
      },
      {
        "state": "ACT",
        "price": "675",
        "price_per_unit": "2700",
        "price_unit": "KG"
      },
      {
        "state": "NT",
        "price": "675",
        "price_per_unit": "2700",
        "price_unit": "KG"
      }
    ]
  },
  {
    "source_url": "https://www.woolworths.com.au/shop/productdetails/295891/mainland-epicure-cheese-block-cheese",
    "name": "Mainland Epicure Cheese Block 200g",
    "image_url": "https://cdn1.woolworths.media/content/wowproductimages/large/295891.jpg",
    "source_id": "Woolworths - 295891",
    "barcode": "9414832141816",
    "shop": "Woolworths",
    "weight": "1KG",
    "prices": [
      {
        "state": "VIC",
        "price": "600",
        "price_per_unit": "3000",
        "price_unit": "KG"
      },
      {
        "state": "WA",
        "price": "600",
        "price_per_unit": "3000",
        "price_unit": "KG"
      },
      {
        "state": "SA",
        "price": "600",
        "price_per_unit": "3000",
        "price_unit": "KG"
      },
      {
        "state": "TAS",
        "price": "600",
        "price_per_unit": "3000",
        "price_unit": "KG"
      },
      {
        "state": "ACT",
        "price": "600",
        "price_per_unit": "3000",
        "price_unit": "KG"
      },
      {
        "state": "NT",
        "price": "600",
        "price_per_unit": "3000",
        "price_unit": "KG"
      }
    ]
  },
  {
    "source_url": "https://www.woolworths.com.au/shop/productdetails/48149/mainland-vintage-cheese",
    "name": "Mainland Vintage Cheese 500g",
    "image_url": "https://cdn1.woolworths.media/content/wowproductimages/large/048149.jpg",
    "source_id": "Woolworths - 48149",
    "barcode": "9414832142028",
    "shop": "Woolworths",
    "weight": "1KG",
    "prices": []
  }
]