[
  {
    "source_url": "https://www.coles.com.au/product/coles-sleeved-herbs-coriander-1-each-4575321",
    "name": "Coles Sleeved Herbs Coriander | 1 each",
    "image_url": "https://www.coles.com.au/_next/image?url=https%3A%2F%2Fproductimages.coles.com.au%2Fproductimages%2F4%2F4575321.jpg&w=640&q=90",
    "source_id": "Coles - 4575321",
    "barcode": "",
    "category_id": "2100",
    "shop": "coles",
    "weight": "1each",
    "prices": [
      {
        "state": "NSW",
        "price": "320",
        "price_per_unit": "320",
        "price_unit": "each"
      },
      {
        "state": "QLD",
        "price": "320",
        "price_per_unit": "320",
        "price_unit": "each"
      },
      {
        "state": "WA",
        "price": "320",
        "price_per_unit": "320",
        "price_unit": "each"
      },
      {
        "state": "SA",
        "price": "320",
        "price_per_unit": "320",
        "price_unit": "each"
      }
    ]
  },
  {
    "source_url": "https://www.coles.com.au/product/coles-sleeved-herbs-parsley-continental-1-each-4575161",
    "name": "Coles Sleeved Herbs Parsley Continental | 1 each",
    "image_url": "https://www.coles.com.au/_next/image?url=https%3A%2F%2Fproductimages.coles.com.au%2Fproductimages%2F4%2F4575161.jpg&w=640&q=90",
    "source_id": "Coles - 4575161",
    "barcode": "",
    "category_id": "2100",
    "shop": "coles",
    "weight": "1each",
    "prices": [
      {
        "state": "NSW",
        "price": "320",
        "price_per_unit": "320",
        "price_unit": "each"
      },
      {
        "state": "QLD",
        "price": "320",
        "price_per_unit": "320",
        "price_unit": "each"
      },
      {
        "state": "WA",
        "price": "320",
        "price_per_unit": "320",
        "price_unit": "each"
      },
      {
        "state": "SA",
        "price": "320",
        "price_per_unit": "320",
        "price_unit": "each"
      }
    ]
  },
  {
    "source_url": "https://www.coles.com.au/product/coles-sleeved-herbs-mint-1-each-4575514",
    "name": "Coles Sleeved Herbs Mint | 1 each",
    "image_url": "https://www.coles.com.au/_next/image?url=https%3A%2F%2Fproductimages.coles.com.au%2Fproductimages%2F4%2F4575514.jpg&w=640&q=90",
    "source_id": "Coles - 4575514",
    "barcode": "",
    "category_id": "2100",
    "shop": "coles",
    "weight": "1each",
    "prices": [
      {
        "state": "NSW",
        "price": "320",
        "price_per_unit": "320",
        "price_unit": "each"
      },
      {
        "state": "QLD",
        "price": "320",
        "price_per_unit": "320",
        "price_unit": "each"
      },
      {
        "state": "WA",
        "price": "320",
        "price_per_unit": "320",
        "price_unit": "each"
      },
      {
        "state": "SA",
        "price": "320",
        "price_per_unit": "320",
        "price_unit": "each"
      }
    ]
  },
  {
    "source_url": "https://www.coles.com.au/product/coles-herb-punnets-chives-10g-3214747",
    "name": "Coles Herb Punnets Chives | 10g",
    "image_url": "https://www.coles.com.au/_next/image?url=https%3A%2F%2Fproductimages.coles.com.au%2Fproductimages%2F3%2F3214747.jpg&w=640&q=90",
    "source_id": "Coles - 3214747",
    "barcode": "",
    "category_id": "2100",
    "shop": "coles",
    "weight": "10g",
    "prices": [
      {
        "state": "NSW",
        "price": "320",
        "price_per_unit": "320",
        "price_unit": "g"
      },
      {
        "state": "QLD",
        "price": "320",
        "price_per_unit": "320",
        "price_unit": "g"
      },
      {
        "state": "WA",
        "price": "320",
        "price_per_unit": "320",
        "price_unit": "g"
      },
      {
        "state": "SA",
        "price": "320",
        "price_per_unit": "320",
        "price_unit": "g"
      }
    ]
  },
  {
    "source_url": "https://www.coles.com.au/product/coles-herb-punnets-dill-10g-3214769",
    "name": "Coles Herb Punnets Dill | 10g",
    "image_url": "https://www.coles.com.au/_next/image?url=https%3A%2F%2Fproductimages.coles.com.au%2Fproductimages%2F3%2F3214769.jpg&w=640&q=90",
    "source_id": "Coles - 3214769",
    "barcode": "",
    "category_id": "2100",
    "shop": "coles",
    "weight": "10g",
    "prices": [
      {
        "state": "NSW",
        "price": "320",
        "price_per_unit": "320",
        "price_unit": "g"
      },
      {
        "state": "QLD",
        "price": "320",
        "price_per_unit": "320",
        "price_unit": "g"
      },
      {
        "state": "WA",
        "price": "320",
        "price_per_unit": "320",
        "price_unit": "g"
      },
      {
        "state": "SA",
        "price": "320",
        "price_per_unit": "320",
        "price_unit": "g"
      }
    ]
  },
  {
    "source_url": "https://www.coles.com.au/product/coles-herb-punnets-rosemary-10g-3214780",
    "name": "Coles Herb Punnets Rosemary | 10g",
    "image_url": "https://www.coles.com.au/_next/image?url=https%3A%2F%2Fproductimages.coles.com.au%2Fproductimages%2F3%2F3214780.jpg&w=640&q=90",
    "source_id": "Coles - 3214780",
    "barcode": "",
    "category_id": "2100",
    "shop": "coles",
    "weight": "10g",
    "prices": [
      {
        "state": "NSW",
        "price": "320",
        "price_per_unit": "320",
        "price_unit": "g"
      },
      {
        "state": "QLD",
        "price": "320",
        "price_per_unit": "320",
        "price_unit": "g"
      },
      {
        "state": "WA",
        "price": "320",
        "price_per_unit": "320",
        "price_unit": "g"
      },
      {
        "state": "SA",
        "price": "320",
        "price_per_unit": "320",
        "price_unit": "g"
      }
    ]
  },
  {
    "source_url": "https://www.coles.com.au/product/coles-herb-punnets-coriander-15g-3214612",
    "name": "Coles Herb Punnets Coriander | 15g",
    "image_url": "https://www.coles.com.au/_next/image?url=https%3A%2F%2Fproductimages.coles.com.au%2Fproductimages%2F3%2F3214612.jpg&w=640&q=90",
    "source_id": "Coles - 3214612",
    "barcode": "",
    "category_id": "2100",
    "shop": "coles",
    "weight": "15g",
    "prices": [
      {
        "state": "NSW",
        "price": "213",
        "price_per_unit": "320",
        "price_unit": "g"
      },
      {
        "state": "QLD",
        "price": null,
        "price_per_unit": null,
        "price_unit": "g"
      },
      {
        "state": "WA",
        "price": "213",
        "price_per_unit": "320",
        "price_unit": "g"
      },
      {
        "state": "SA",
        "price": "213",
        "price_per_unit": "320",
        "price_unit": "g"
      }
    ]
  },
  {
    "source_url": "https://www.coles.com.au/product/coles-sleeved-herbs-basil-1-each-4574920",
    "name": "Coles Sleeved Herbs Basil | 1 each",
    "image_url": "https://www.coles.com.au/_next/image?url=https%3A%2F%2Fproductimages.coles.com.au%2Fproductimages%2F4%2F4574920.jpg&w=640&q=90",
    "source_id": "Coles - 4574920",
    "barcode": "",
    "category_id": "2100",
    "shop": "coles",
    "weight": "1each",
    "prices": [
      {
        "state": "NSW",
        "price": "320",
        "price_per_unit": "320",
        "price_unit": "each"
      },
      {
        "state": "QLD",
        "price": "320",
        "price_per_unit": "320",
        "price_unit": "each"
      },
      {
        "state": "WA",
        "price": "320",
        "price_per_unit": "320",
        "price_unit": "each"
      },
      {
        "state": "SA",
        "price": "320",
        "price_per_unit": "320",
        "price_unit": "each"
      }
    ]
  },
  {
    "source_url": "https://www.coles.com.au/product/coles-herb-punnets-mint-15g-3214725",
    "name": "Coles Herb Punnets Mint | 15g",
    "image_url": "https://www.coles.com.au/_next/image?url=https%3A%2F%2Fproductimages.coles.com.au%2Fproductimages%2F3%2F3214725.jpg&w=640&q=90",
    "source_id": "Coles - 3214725",
    "barcode": "",
    "category_id": "2100",
    "shop": "coles",
    "weight": "15g",
    "prices": [
      {
        "state": "NSW",
        "price": "213",
        "price_per_unit": "320",
        "price_unit": "g"
      },
      {
        "state": "QLD",
        "price": null,
        "price_per_unit": null,
        "price_unit": "g"
      },
      {
        "state": "WA",
        "price": "213",
        "price_per_unit": "320",
        "price_unit": "g"
      },
      {
        "state": "SA",
        "price": "213",
        "price_per_unit": "320",
        "price_unit": "g"
      }
    ]
  },
  {
    "source_url": "https://www.coles.com.au/product/coles-herb-punnets-thyme-10g-3215171",
    "name": "Coles Herb Punnets Thyme | 10g",
    "image_url": "https://www.coles.com.au/_next/image?url=https%3A%2F%2Fproductimages.coles.com.au%2Fproductimages%2F3%2F3215171.jpg&w=640&q=90",
    "source_id": "Coles - 3215171",
    "barcode": "",
    "category_id": "2100",
    "shop": "coles",
    "weight": "10g",
    "prices": [
      {
        "state": "NSW",
        "price": "320",
        "price_per_unit": "320",
        "price_unit": "g"
      },
      {
        "state": "QLD",
        "price": "320",
        "price_per_unit": "320",
        "price_unit": "g"
      },
      {
        "state": "WA",
        "price": "320",
        "price_per_unit": "320",
        "price_unit": "g"
      },
      {
        "state": "SA",
        "price": "320",
        "price_per_unit": "320",
        "price_unit": "g"
      }
    ]
  },
  {
    "source_url": "https://www.coles.com.au/product/coles-herb-punnets-parsley-continental-15g-3214576",
    "name": "Coles Herb Punnets Parsley Continental | 15g",
    "image_url": "https://www.coles.com.au/_next/image?url=https%3A%2F%2Fproductimages.coles.com.au%2Fproductimages%2F3%2F3214576.jpg&w=640&q=90",
    "source_id": "Coles - 3214576",
    "barcode": "",
    "category_id": "2100",
    "shop": "coles",
    "weight": "15g",
    "prices": [
      {
        "state": "NSW",
        "price": "213",
        "price_per_unit": "320",
        "price_unit": "g"
      },
      {
        "state": "QLD",
        "price": "213",
        "price_per_unit": "320",
        "price_unit": "g"
      },
      {
        "state": "WA",
        "price": "213",
        "price_per_unit": "320",
        "price_unit": "g"
      },
      {
        "state": "SA",
        "price": "213",
        "price_per_unit": "320",
        "price_unit": "g"
      }
    ]
  },
  {
    "source_url": "https://www.coles.com.au/product/coles-country-fresh-potted-basil-1-each-8382567",
    "name": "Coles Country Fresh Potted Basil | 1 each",
    "image_url": "https://www.coles.com.au/_next/image?url=https%3A%2F%2Fproductimages.coles.com.au%2Fproductimages%2F8%2F8382567.jpg&w=640&q=90",
    "source_id": "Coles - 8382567",
    "barcode": "",
    "category_id": "2100",
    "shop": "coles",
    "weight": "1each",
    "prices": [
      {
        "state": "NSW",
        "price": null,
        "price_per_unit": "400",
        "price_unit": "each"
      },
      {
        "state": "WA",
        "price": null,
        "price_per_unit": "400",
        "price_unit": "each"
      },
      {
        "state": "SA",
        "price": null,
        "price_per_unit": "400",
        "price_unit": "each"
      }
    ]
  },
  {
    "source_url": "https://www.coles.com.au/product/coles-sleeved-herbs-parsley-1-each-4575569",
    "name": "Coles Sleeved Herbs Parsley | 1 each",
    "image_url": "https://www.coles.com.au/_next/image?url=https%3A%2F%2Fproductimages.coles.com.au%2Fproductimages%2F4%2F4575569.jpg&w=640&q=90",
    "source_id": "Coles - 4575569",
    "barcode": "",
    "category_id": "2100",
    "shop": "coles",
    "weight": "1each",
    "prices": [
      {
        "state": "NSW",
        "price": "320",
        "price_per_unit": "320",
        "price_unit": "each"
      },
      {
        "state": "QLD",
        "price": "320",
        "price_per_unit": "320",
        "price_unit": "each"
      },
      {
        "state": "WA",
        "price": "320",
        "price_per_unit": "320",
        "price_unit": "each"
      },
      {
        "state": "SA",
        "price": "320",
        "price_per_unit": "320",
        "price_unit": "each"
      }
    ]
  },
  {
    "source_url": "https://www.coles.com.au/product/coles-herb-punnets-basil-15g-3214521",
    "name": "Coles Herb Punnets Basil | 15g",
    "image_url": "https://www.coles.com.au/_next/image?url=https%3A%2F%2Fproductimages.coles.com.au%2Fproductimages%2F3%2F3214521.jpg&w=640&q=90",
    "source_id": "Coles - 3214521",
    "barcode": "",
    "category_id": "2100",
    "shop": "coles",
    "weight": "15g",
    "prices": [
      {
        "state": "NSW",
        "price": "213",
        "price_per_unit": "320",
        "price_unit": "g"
      },
      {
        "state": "QLD",
        "price": null,
        "price_per_unit": null,
        "price_unit": "g"
      },
      {
        "state": "WA",
        "price": "213",
        "price_per_unit": "320",
        "price_unit": "g"
      },
      {
        "state": "SA",
        "price": "213",
        "price_per_unit": "320",
        "price_unit": "g"
      }
    ]
  },
  {
    "source_url": "https://www.coles.com.au/product/coles-herb-punnets-sage-10g-3215138",
    "name": "Coles Herb Punnets Sage | 10g",
    "image_url": "https://www.coles.com.au/_next/image?url=https%3A%2F%2Fproductimages.coles.com.au%2Fproductimages%2F3%2F3215138.jpg&w=640&q=90",
    "source_id": "Coles - 3215138",
    "barcode": "",
    "category_id": "2100",
    "shop": "coles",
    "weight": "10g",
    "prices": [
      {
        "state": "NSW",
        "price": "320",
        "price_per_unit": "320",
        "price_unit": "g"
      },
      {
        "state": "QLD",
        "price": "320",
        "price_per_unit": "320",
        "price_unit": "g"
      },
      {
        "state": "WA",
        "price": "320",
        "price_per_unit": "320",
        "price_unit": "g"
      },
      {
        "state": "SA",
        "price": "320",
        "price_per_unit": "320",
        "price_unit": "g"
      }
    ]
  },
  {
    "source_url": "https://www.coles.com.au/product/coles-potted-mixed-herbs-1-each-8382910",
    "name": "Coles Potted Mixed Herbs | 1 each",
    "image_url": "https://www.coles.com.au/_next/image?url=https%3A%2F%2Fproductimages.coles.com.au%2Fproductimages%2F8%2F8382910.jpg&w=640&q=90",
    "source_id": "Coles - 8382910",
    "barcode": "",
    "category_id": "2100",
    "shop": "coles",
    "weight": "1each",
    "prices": [
      {
        "state": "NSW",
        "price": null,
        "price_per_unit": "400",
        "price_unit": "each"
      },
      {
        "state": "WA",
        "price": null,
        "price_per_unit": "400",
        "price_unit": "each"
      },
      {
        "state": "SA",
        "price": null,
        "price_per_unit": "400",
        "price_unit": "each"
      }
    ]
  },
  {
    "source_url": "https://www.coles.com.au/product/gourmet-garden-garlic-cold-blende-paste-value-pack-120g-3308498",
    "name": "Gourmet Garden Garlic Cold Blende Paste Value Pack | 120g",
    "image_url": "N/A",
    "source_id": "Coles - 3308498",
    "barcode": "",
    "category_id": "2100",
    "shop": "coles",
    "weight": "120g",
    "prices": [
      {
        "state": "NSW",
        "price": "42",
        "price_per_unit": "500",
        "price_unit": "g"
      },
      {
        "state": "QLD",
        "price": "42",
        "price_per_unit": "500",
        "price_unit": "g"
      },
      {
        "state": "WA",
        "price": "42",
        "price_per_unit": "500",
        "price_unit": "g"
      },
      {
        "state": "SA",
        "price": "42",
        "price_per_unit": "500",
        "price_unit": "g"
      }
    ]
  },
  {
    "source_url": "https://www.coles.com.au/product/coles-organic-coriander-bunch-1-bunch-9572863",
    "name": "Coles Organic Coriander Bunch | 1 bunch",
    "image_url": "https://www.coles.com.au/_next/image?url=https%3A%2F%2Fproductimages.coles.com.au%2Fproductimages%2F9%2F9572863.jpg&w=640&q=90",
    "source_id": "Coles - 9572863",
    "barcode": "",
    "category_id": "2100",
    "shop": "coles",
    "weight": "1bunch",
    "prices": [
      {
        "state": "NSW",
        "price": "450",
        "price_per_unit": "450",
        "price_unit": "bunch"
      },
      {
        "state": "QLD",
        "price": "450",
        "price_per_unit": "450",
        "price_unit": "bunch"
      },
      {
        "state": "WA",
        "price": "450",
        "price_per_unit": "450",
        "price_unit": "bunch"
      },
      {
        "state": "SA",
        "price": "450",
        "price_per_unit": "450",
        "price_unit": "bunch"
      }
    ]
  },
  {
    "source_url": "https://www.coles.com.au/product/coles-herb-thai-basil-punnet-15g-3593430",
    "name": "Coles Herb Thai Basil Punnet | 15g",
    "image_url": "https://www.coles.com.au/_next/image?url=https%3A%2F%2Fproductimages.coles.com.au%2Fproductimages%2F3%2F3593430.jpg&w=640&q=90",
    "source_id": "Coles - 3593430",
    "barcode": "",
    "category_id": "2100",
    "shop": "coles",
    "weight": "15g",
    "prices": [
      {
        "state": "NSW",
        "price": "200",
        "price_per_unit": "300",
        "price_unit": "g"
      },
      {
        "state": "WA",
        "price": "200",
        "price_per_unit": "300",
        "price_unit": "g"
      },
      {
        "state": "SA",
        "price": "200",
        "price_per_unit": "300",
        "price_unit": "g"
      }
    ]
  },
  {
    "source_url": "https://www.coles.com.au/product/coles-herb-punnets-lemongrass-30g-5747863",
    "name": "Coles Herb Punnets Lemongrass | 30g",
    "image_url": "https://www.coles.com.au/_next/image?url=https%3A%2F%2Fproductimages.coles.com.au%2Fproductimages%2F5%2F5747863.jpg&w=640&q=90",
    "source_id": "Coles - 5747863",
    "barcode": "",
    "category_id": "2100",
    "shop": "coles",
    "weight": "30g",
    "prices": [
      {
        "state": "NSW",
        "price": "107",
        "price_per_unit": "320",
        "price_unit": "g"
      },
      {
        "state": "QLD",
        "price": "107",
        "price_per_unit": "320",
        "price_unit": "g"
      },
      {
        "state": "WA",
        "price": "107",
        "price_per_unit": "320",
        "price_unit": "g"
      },
      {
        "state": "SA",
        "price": "107",
        "price_per_unit": "320",
        "price_unit": "g"
      }
    ]
  },
  {
    "source_url": "https://www.coles.com.au/product/coles-herb-lemon-thyme-punnet-10g-3123186",
    "name": "Coles Herb Lemon Thyme Punnet | 10g",
    "image_url": "https://www.coles.com.au/_next/image?url=https%3A%2F%2Fproductimages.coles.com.au%2Fproductimages%2F3%2F3123186.jpg&w=640&q=90",
    "source_id": "Coles - 3123186",
    "barcode": "",
    "category_id": "2100",
    "shop": "coles",
    "weight": "10g",
    "prices": [
      {
        "state": "NSW",
        "price": "320",
        "price_per_unit": "320",
        "price_unit": "g"
      },
      {
        "state": "WA",
        "price": "320",
        "price_per_unit": "320",
        "price_unit": "g"
      },
      {
        "state": "SA",
        "price": "320",
        "price_per_unit": "320",
        "price_unit": "g"
      }
    ]
  },
  {
    "source_url": "https://www.coles.com.au/product/coles-herb-punnets-oregano-10g-3215091",
    "name": "Coles Herb Punnets Oregano | 10g",
    "image_url": "https://www.coles.com.au/_next/image?url=https%3A%2F%2Fproductimages.coles.com.au%2Fproductimages%2F3%2F3215091.jpg&w=640&q=90",
    "source_id": "Coles - 3215091",
    "barcode": "",
    "category_id": "2100",
    "shop": "coles",
    "weight": "10g",
    "prices": [
      {
        "state": "NSW",
        "price": "320",
        "price_per_unit": "320",
        "price_unit": "g"
      },
      {
        "state": "QLD",
        "price": "320",
        "price_per_unit": "320",
        "price_unit": "g"
      },
      {
        "state": "WA",
        "price": "320",
        "price_per_unit": "320",
        "price_unit": "g"
      },
      {
        "state": "SA",
        "price": "320",
        "price_per_unit": "320",
        "price_unit": "g"
      }
    ]
  },
  {
    "source_url": "https://www.coles.com.au/product/gourmet-garden-lightly-dried-basil-10g-2997944",
    "name": "Gourmet Garden Lightly Dried Basil | 10g",
    "image_url": "https://www.coles.com.au/_next/image?url=https%3A%2F%2Fproductimages.coles.com.au%2Fproductimages%2F2%2F2997944.jpg&w=640&q=90",
    "source_id": "Coles - 2997944",
    "barcode": "",
    "category_id": "2100",
    "shop": "coles",
    "weight": "10g",
    "prices": [
      {
        "state": "NSW",
        "price": "400",
        "price_per_unit": "400",
        "price_unit": "g"
      },
      {
        "state": "QLD",
        "price": "400",
        "price_per_unit": "400",
        "price_unit": "g"
      },
      {
        "state": "WA",
        "price": "400",
        "price_per_unit": "400",
        "price_unit": "g"
      },
      {
        "state": "SA",
        "price": "400",
        "price_per_unit": "400",
        "price_unit": "g"
      }
    ]
  },
  {
    "source_url": "https://www.coles.com.au/product/coles-herb-tarragon-punnet-10g-3215218",
    "name": "Coles Herb Tarragon Punnet | 10g",
    "image_url": "https://www.coles.com.au/_next/image?url=https%3A%2F%2Fproductimages.coles.com.au%2Fproductimages%2F3%2F3215218.jpg&w=640&q=90",
    "source_id": "Coles - 3215218",
    "barcode": "",
    "category_id": "2100",
    "shop": "coles",
    "weight": "10g",
    "prices": [
      {
        "state": "NSW",
        "price": "320",
        "price_per_unit": "320",
        "price_unit": "g"
      },
      {
        "state": "QLD",
        "price": "320",
        "price_per_unit": "320",
        "price_unit": "g"
      },
      {
        "state": "WA",
        "price": "320",
        "price_per_unit": "320",
        "price_unit": "g"
      },
      {
        "state": "SA",
        "price": "320",
        "price_per_unit": "320",
        "price_unit": "g"
      }
    ]
  },
  {
    "source_url": "https://www.coles.com.au/product/gourmet-garden-lightly-dried-parsley-prepacked-8g-2999327",
    "name": "Gourmet Garden Lightly Dried Parsley Prepacked | 8g",
    "image_url": "https://www.coles.com.au/_next/image?url=https%3A%2F%2Fproductimages.coles.com.au%2Fproductimages%2F2%2F2999327.jpg&w=640&q=90",
    "source_id": "Coles - 2999327",
    "barcode": "",
    "category_id": "2100",
    "shop": "coles",
    "weight": "8g",
    "prices": [
      {
        "state": "NSW",
        "price": "500",
        "price_per_unit": "400",
        "price_unit": "g"
      },
      {
        "state": "QLD",
        "price": "500",
        "price_per_unit": "400",
        "price_unit": "g"
      },
      {
        "state": "WA",
        "price": "500",
        "price_per_unit": "400",
        "price_unit": "g"
      },
      {
        "state": "SA",
        "price": "500",
        "price_per_unit": "400",
        "price_unit": "g"
      }
    ]
  },
  {
    "source_url": "https://www.coles.com.au/product/gourmet-garden-ginger-cold-blended-paste-115g-3626915",
    "name": "Gourmet Garden Ginger Cold Blended Paste | 115g",
    "image_url": "https://www.coles.com.au/_next/image?url=https%3A%2F%2Fproductimages.coles.com.au%2Fproductimages%2F3%2F3626915.jpg&w=640&q=90",
    "source_id": "Coles - 3626915",
    "barcode": "",
    "category_id": "2100",
    "shop": "coles",
    "weight": "115g",
    "prices": [
      {
        "state": "NSW",
        "price": "43",
        "price_per_unit": "500",
        "price_unit": "g"
      },
      {
        "state": "QLD",
        "price": "43",
        "price_per_unit": "500",
        "price_unit": "g"
      },
      {
        "state": "WA",
        "price": "43",
        "price_per_unit": "500",
        "price_unit": "g"
      },
      {
        "state": "SA",
        "price": "43",
        "price_per_unit": "500",
        "price_unit": "g"
      }
    ]
  },
  {
    "source_url": "https://www.coles.com.au/product/coles-herb-punnets-lime-leaves-10g-1116703",
    "name": "Coles Herb Punnets Lime Leaves | 10g",
    "image_url": "https://www.coles.com.au/_next/image?url=https%3A%2F%2Fproductimages.coles.com.au%2Fproductimages%2F1%2F1116703.jpg&w=640&q=90",
    "source_id": "Coles - 1116703",
    "barcode": "",
    "category_id": "2100",
    "shop": "coles",
    "weight": "10g",
    "prices": [
      {
        "state": "NSW",
        "price": "320",
        "price_per_unit": "320",
        "price_unit": "g"
      },
      {
        "state": "WA",
        "price": "320",
        "price_per_unit": "320",
        "price_unit": "g"
      },
      {
        "state": "SA",
        "price": "320",
        "price_per_unit": "320",
        "price_unit": "g"
      }
    ]
  },
  {
    "source_url": "https://www.coles.com.au/product/gourmet-garden-lemongrass-cold-blended-paste-80g-3023272",
    "name": "Gourmet Garden Lemongrass Cold Blended Paste | 80g",
    "image_url": "https://www.coles.com.au/_next/image?url=https%3A%2F%2Fproductimages.coles.com.au%2Fproductimages%2F3%2F3023272.jpg&w=640&q=90",
    "source_id": "Coles - 3023272",
    "barcode": "",
    "category_id": "2100",
    "shop": "coles",
    "weight": "80g",
    "prices": [
      {
        "state": "NSW",
        "price": "50",
        "price_per_unit": "400",
        "price_unit": "g"
      },
      {
        "state": "QLD",
        "price": "50",
        "price_per_unit": "400",
        "price_unit": "g"
      },
      {
        "state": "WA",
        "price": "50",
        "price_per_unit": "400",
        "price_unit": "g"
      },
      {
        "state": "SA",
        "price": "50",
        "price_per_unit": "400",
        "price_unit": "g"
      }
    ]
  },
  {
    "source_url": "https://www.coles.com.au/product/coles-vietnamese-mint-punnet-15g-3593190",
    "name": "Coles Vietnamese Mint Punnet | 15g",
    "image_url": "https://www.coles.com.au/_next/image?url=https%3A%2F%2Fproductimages.coles.com.au%2Fproductimages%2F3%2F3593190.jpg&w=640&q=90",
    "source_id": "Coles - 3593190",
    "barcode": "",
    "category_id": "2100",
    "shop": "coles",
    "weight": "15g",
    "prices": [
      {
        "state": "NSW",
        "price": "300",
        "price_per_unit": "300",
        "price_unit": "g"
      },
      {
        "state": "WA",
        "price": "300",
        "price_per_unit": "300",
        "price_unit": "g"
      },
      {
        "state": "SA",
        "price": "300",
        "price_per_unit": "300",
        "price_unit": "g"
      }
    ]
  },
  {
    "source_url": "https://www.coles.com.au/product/gourmet-garden-garlic-cold-blended-paste-80g-3022167",
    "name": "Gourmet Garden Garlic Cold Blended Paste | 80g",
    "image_url": "https://www.coles.com.au/_next/image?url=https%3A%2F%2Fproductimages.coles.com.au%2Fproductimages%2F3%2F3022167.jpg&w=640&q=90",
    "source_id": "Coles - 3022167",
    "barcode": "",
    "category_id": "2100",
    "shop": "coles",
    "weight": "80g",
    "prices": [
      {
        "state": "NSW",
        "price": "50",
        "price_per_unit": "400",
        "price_unit": "g"
      },
      {
        "state": "QLD",
        "price": "50",
        "price_per_unit": "400",
        "price_unit": "g"
      },
      {
        "state": "WA",
        "price": "50",
        "price_per_unit": "400",
        "price_unit": "g"
      },
      {
        "state": "SA",
        "price": "50",
        "price_per_unit": "400",
        "price_unit": "g"
      }
    ]
  },
  {
    "source_url": "https://www.coles.com.au/product/gourmet-garden-ginger-cold-blended-paste-80g-3023206",
    "name": "Gourmet Garden Ginger Cold Blended Paste | 80g",
    "image_url": "https://www.coles.com.au/_next/image?url=https%3A%2F%2Fproductimages.coles.com.au%2Fproductimages%2F3%2F3023206.jpg&w=640&q=90",
    "source_id": "Coles - 3023206",
    "barcode": "",
    "category_id": "2100",
    "shop": "coles",
    "weight": "80g",
    "prices": [
      {
        "state": "NSW",
        "price": "50",
        "price_per_unit": "400",
        "price_unit": "g"
      },
      {
        "state": "QLD",
        "price": "50",
        "price_per_unit": "400",
        "price_unit": "g"
      },
      {
        "state": "WA",
        "price": "50",
        "price_per_unit": "400",
        "price_unit": "g"
      },
      {
        "state": "SA",
        "price": "50",
        "price_per_unit": "400",
        "price_unit": "g"
      }
    ]
  },
  {
    "source_url": "https://www.coles.com.au/product/coles-organic-continental-parsley-1-each-3091556",
    "name": "Coles Organic Continental Parsley | 1 each",
    "image_url": "https://www.coles.com.au/_next/image?url=https%3A%2F%2Fproductimages.coles.com.au%2Fproductimages%2F3%2F3091556.jpg&w=640&q=90",
    "source_id": "Coles - 3091556",
    "barcode": "",
    "category_id": "2100",
    "shop": "coles",
    "weight": "1each",
    "prices": [
      {
        "state": "NSW",
        "price": "450",
        "price_per_unit": "450",
        "price_unit": "each"
      },
      {
        "state": "WA",
        "price": "450",
        "price_per_unit": "450",
        "price_unit": "each"
      },
      {
        "state": "SA",
        "price": "450",
        "price_per_unit": "450",
        "price_unit": "each"
      }
    ]
  },
  {
    "source_url": "https://www.coles.com.au/product/coles-organic-ginger-150g-4982960",
    "name": "Coles Organic Ginger | 150g",
    "image_url": "https://www.coles.com.au/_next/image?url=https%3A%2F%2Fproductimages.coles.com.au%2Fproductimages%2F4%2F4982960.jpg&w=640&q=90",
    "source_id": "Coles - 4982960",
    "barcode": "",
    "category_id": "2100",
    "shop": "coles",
    "weight": "150g",
    "prices": [
      {
        "state": "NSW",
        "price": "4334",
        "price_per_unit": "650",
        "price_unit": "g"
      },
      {
        "state": "QLD",
        "price": "4334",
        "price_per_unit": "650",
        "price_unit": "g"
      },
      {
        "state": "WA",
        "price": "4334",
        "price_per_unit": "650",
        "price_unit": "g"
      },
      {
        "state": "SA",
        "price": "4334",
        "price_per_unit": "650",
        "price_unit": "g"
      }
    ]
  },
  {
    "source_url": "https://www.coles.com.au/product/gourmet-garden-basil-cold-blended-paste-80g-3021889",
    "name": "Gourmet Garden Basil Cold Blended Paste | 80g",
    "image_url": "https://www.coles.com.au/_next/image?url=https%3A%2F%2Fproductimages.coles.com.au%2Fproductimages%2F3%2F3021889.jpg&w=640&q=90",
    "source_id": "Coles - 3021889",
    "barcode": "",
    "category_id": "2100",
    "shop": "coles",
    "weight": "80g",
    "prices": [
      {
        "state": "NSW",
        "price": "50",
        "price_per_unit": "400",
        "price_unit": "g"
      },
      {
        "state": "QLD",
        "price": "50",
        "price_per_unit": "400",
        "price_unit": "g"
      },
      {
        "state": "WA",
        "price": "50",
        "price_per_unit": "400",
        "price_unit": "g"
      },
      {
        "state": "SA",
        "price": "50",
        "price_per_unit": "400",
        "price_unit": "g"
      }
    ]
  },
  {
    "source_url": "https://www.coles.com.au/product/gourmet-garden-lightly-dried-coriander-8g-2999258",
    "name": "Gourmet Garden Lightly Dried Coriander | 8g",
    "image_url": "https://www.coles.com.au/_next/image?url=https%3A%2F%2Fproductimages.coles.com.au%2Fproductimages%2F2%2F2999258.jpg&w=640&q=90",
    "source_id": "Coles - 2999258",
    "barcode": "",
    "category_id": "2100",
    "shop": "coles",
    "weight": "8g",
    "prices": [
      {
        "state": "NSW",
        "price": "500",
        "price_per_unit": "400",
        "price_unit": "g"
      },
      {
        "state": "QLD",
        "price": "500",
        "price_per_unit": "400",
        "price_unit": "g"
      },
      {
        "state": "WA",
        "price": "500",
        "price_per_unit": "400",
        "price_unit": "g"
      },
      {
        "state": "SA",
        "price": "500",
        "price_per_unit": "400",
        "price_unit": "g"
      }
    ]
  },
  {
    "source_url": "https://www.coles.com.au/product/coles-organic-garlic-150g-5056953",
    "name": "Coles Organic Garlic | 150g",
    "image_url": "https://www.coles.com.au/_next/image?url=https%3A%2F%2Fproductimages.coles.com.au%2Fproductimages%2F5%2F5056953.jpg&w=640&q=90",
    "source_id": "Coles - 5056953",
    "barcode": "",
    "category_id": "2100",
    "shop": "coles",
    "weight": "150g",
    "prices": [
      {
        "state": "NSW",
        "price": "7000",
        "price_per_unit": "1050",
        "price_unit": "g"
      },
      {
        "state": "QLD",
        "price": "7000",
        "price_per_unit": "1050",
        "price_unit": "g"
      },
      {
        "state": "WA",
        "price": "7000",
        "price_per_unit": "1050",
        "price_unit": "g"
      },
      {
        "state": "SA",
        "price": "7000",
        "price_per_unit": "1050",
        "price_unit": "g"
      }
    ]
  },
  {
    "source_url": "https://www.coles.com.au/product/gourmet-garden-lightly-dried-chives-4g-2999316",
    "name": "Gourmet Garden Lightly Dried Chives | 4g",
    "image_url": "https://www.coles.com.au/_next/image?url=https%3A%2F%2Fproductimages.coles.com.au%2Fproductimages%2F2%2F2999316.jpg&w=640&q=90",
    "source_id": "Coles - 2999316",
    "barcode": "",
    "category_id": "2100",
    "shop": "coles",
    "weight": "4g",
    "prices": [
      {
        "state": "NSW",
        "price": "1000",
        "price_per_unit": "400",
        "price_unit": "g"
      },
      {
        "state": "QLD",
        "price": "1000",
        "price_per_unit": "400",
        "price_unit": "g"
      },
      {
        "state": "WA",
        "price": "1000",
        "price_per_unit": "400",
        "price_unit": "g"
      },
      {
        "state": "SA",
        "price": "1000",
        "price_per_unit": "400",
        "price_unit": "g"
      }
    ]
  },
  {
    "source_url": "https://www.coles.com.au/product/gourmet-garden-lightly-dried-mint-5g-3538590",
    "name": "Gourmet Garden Lightly Dried Mint | 5g",
    "image_url": "https://www.coles.com.au/_next/image?url=https%3A%2F%2Fproductimages.coles.com.au%2Fproductimages%2F3%2F3538590.jpg&w=640&q=90",
    "source_id": "Coles - 3538590",
    "barcode": "",
    "category_id": "2100",
    "shop": "coles",
    "weight": "5g",
    "prices": [
      {
        "state": "NSW",
        "price": "800",
        "price_per_unit": "400",
        "price_unit": "g"
      },
      {
        "state": "WA",
        "price": "800",
        "price_per_unit": "400",
        "price_unit": "g"
      },
      {
        "state": "SA",
        "price": "800",
        "price_per_unit": "400",
        "price_unit": "g"
      }
    ]
  },
  {
    "source_url": "https://www.coles.com.au/product/gourmet-garden-lightly-dried-chilli-10g-2999214",
    "name": "Gourmet Garden Lightly Dried Chilli | 10g",
    "image_url": "https://www.coles.com.au/_next/image?url=https%3A%2F%2Fproductimages.coles.com.au%2Fproductimages%2F2%2F2999214.jpg&w=640&q=90",
    "source_id": "Coles - 2999214",
    "barcode": "",
    "category_id": "2100",
    "shop": "coles",
    "weight": "10g",
    "prices": [
      {
        "state": "NSW",
        "price": "400",
        "price_per_unit": "400",
        "price_unit": "g"
      },
      {
        "state": "QLD",
        "price": "400",
        "price_per_unit": "400",
        "price_unit": "g"
      },
      {
        "state": "WA",
        "price": "400",
        "price_per_unit": "400",
        "price_unit": "g"
      },
      {
        "state": "SA",
        "price": "400",
        "price_per_unit": "400",
        "price_unit": "g"
      }
    ]
  },
  {
    "source_url": "https://www.coles.com.au/product/gourmet-garden-mild-chilli-stir-in-paste-80g-3023308",
    "name": "Gourmet Garden Mild Chilli Stir In Paste | 80g",
    "image_url": "https://www.coles.com.au/_next/image?url=https%3A%2F%2Fproductimages.coles.com.au%2Fproductimages%2F3%2F3023308.jpg&w=640&q=90",
    "source_id": "Coles - 3023308",
    "barcode": "",
    "category_id": "2100",
    "shop": "coles",
    "weight": "80g",
    "prices": [
      {
        "state": "NSW",
        "price": "50",
        "price_per_unit": "400",
        "price_unit": "g"
      },
      {
        "state": "QLD",
        "price": "50",
        "price_per_unit": "400",
        "price_unit": "g"
      },
      {
        "state": "WA",
        "price": "50",
        "price_per_unit": "400",
        "price_unit": "g"
      },
      {
        "state": "SA",
        "price": "50",
        "price_per_unit": "400",
        "price_unit": "g"
      }
    ]
  },
  {
    "source_url": "https://www.coles.com.au/product/gourmet-garden-coriander-cold-blended-paste-80g-3023625",
    "name": "Gourmet Garden Coriander Cold Blended Paste | 80g",
    "image_url": "https://www.coles.com.au/_next/image?url=https%3A%2F%2Fproductimages.coles.com.au%2Fproductimages%2F3%2F3023625.jpg&w=640&q=90",
    "source_id": "Coles - 3023625",
    "barcode": "",
    "category_id": "2100",
    "shop": "coles",
    "weight": "80g",
    "prices": [
      {
        "state": "NSW",
        "price": "50",
        "price_per_unit": "400",
        "price_unit": "g"
      },
      {
        "state": "QLD",
        "price": "50",
        "price_per_unit": "400",
        "price_unit": "g"
      },
      {
        "state": "WA",
        "price": "50",
        "price_per_unit": "400",
        "price_unit": "g"
      },
      {
        "state": "SA",
        "price": "50",
        "price_per_unit": "400",
        "price_unit": "g"
      }
    ]
  },
  {
    "source_url": "https://www.coles.com.au/product/gourmet-garden-thai-seasoning-cold-blended-paste-80g-6979911",
    "name": "Gourmet Garden Thai Seasoning Cold Blended Paste | 80g",
    "image_url": "https://www.coles.com.au/_next/image?url=https%3A%2F%2Fproductimages.coles.com.au%2Fproductimages%2F6%2F6979911.jpg&w=640&q=90",
    "source_id": "Coles - 6979911",
    "barcode": "",
    "category_id": "2100",
    "shop": "coles",
    "weight": "80g",
    "prices": [
      {
        "state": "NSW",
        "price": "50",
        "price_per_unit": "400",
        "price_unit": "g"
      },
      {
        "state": "QLD",
        "price": "50",
        "price_per_unit": "400",
        "price_unit": "g"
      },
      {
        "state": "WA",
        "price": "50",
        "price_per_unit": "400",
        "price_unit": "g"
      },
      {
        "state": "SA",
        "price": "50",
        "price_per_unit": "400",
        "price_unit": "g"
      }
    ]
  },
  {
    "source_url": "https://www.coles.com.au/product/gourmet-garden-lightly-dried-mixed-herbs-prepacked-8g-2997999",
    "name": "Gourmet Garden Lightly Dried Mixed Herbs Prepacked | 8g",
    "image_url": "https://www.coles.com.au/_next/image?url=https%3A%2F%2Fproductimages.coles.com.au%2Fproductimages%2F2%2F2997999.jpg&w=640&q=90",
    "source_id": "Coles - 2997999",
    "barcode": "",
    "category_id": "2100",
    "shop": "coles",
    "weight": "8g",
    "prices": [
      {
        "state": "NSW",
        "price": "500",
        "price_per_unit": "400",
        "price_unit": "g"
      },
      {
        "state": "QLD",
        "price": "500",
        "price_per_unit": "400",
        "price_unit": "g"
      },
      {
        "state": "WA",
        "price": "500",
        "price_per_unit": "400",
        "price_unit": "g"
      },
      {
        "state": "SA",
        "price": "500",
        "price_per_unit": "400",
        "price_unit": "g"
      }
    ]
  },
  {
    "source_url": "https://www.coles.com.au/product/gourmet-garden-italian-herbs-cold-blended-paste-80g-3023705",
    "name": "Gourmet Garden Italian Herbs Cold Blended Paste | 80g",
    "image_url": "https://www.coles.com.au/_next/image?url=https%3A%2F%2Fproductimages.coles.com.au%2Fproductimages%2F3%2F3023705.jpg&w=640&q=90",
    "source_id": "Coles - 3023705",
    "barcode": "",
    "category_id": "2100",
    "shop": "coles",
    "weight": "80g",
    "prices": [
      {
        "state": "NSW",
        "price": "50",
        "price_per_unit": "400",
        "price_unit": "g"
      },
      {
        "state": "WA",
        "price": "50",
        "price_per_unit": "400",
        "price_unit": "g"
      },
      {
        "state": "SA",
        "price": "50",
        "price_per_unit": "400",
        "price_unit": "g"
      }
    ]
  },
  {
    "source_url": "https://www.coles.com.au/product/avofresh-tube-hint-of-lemon-160g-7649300",
    "name": "Avofresh Tube Hint of Lemon | 160g",
    "image_url": "https://www.coles.com.au/_next/image?url=https%3A%2F%2Fproductimages.coles.com.au%2Fproductimages%2F7%2F7649300.jpg&w=640&q=90",
    "source_id": "Coles - 7649300",
    "barcode": "",
    "category_id": "2100",
    "shop": "coles",
    "weight": "160g",
    "prices": [
      {
        "state": "NSW",
        "price": "3438",
        "price_per_unit": "550",
        "price_unit": "g"
      },
      {
        "state": "QLD",
        "price": "3438",
        "price_per_unit": "550",
        "price_unit": "g"
      },
      {
        "state": "WA",
        "price": "3438",
        "price_per_unit": "550",
        "price_unit": "g"
      },
      {
        "state": "SA",
        "price": "3438",
        "price_per_unit": "550",
        "price_unit": "g"
      }
    ]
  },
  {
    "source_url": "https://www.coles.com.au/product/avofresh-classic-avocado-guacamole-160g-7652633",
    "name": "Avofresh Classic Avocado Guacamole | 160g",
    "image_url": "https://www.coles.com.au/_next/image?url=https%3A%2F%2Fproductimages.coles.com.au%2Fproductimages%2F7%2F7652633.jpg&w=640&q=90",
    "source_id": "Coles - 7652633",
    "barcode": "",
    "category_id": "2100",
    "shop": "coles",
    "weight": "160g",
    "prices": [
      {
        "state": "NSW",
        "price": "3438",
        "price_per_unit": "550",
        "price_unit": "g"
      },
      {
        "state": "QLD",
        "price": "3438",
        "price_per_unit": "550",
        "price_unit": "g"
      },
      {
        "state": "WA",
        "price": "3438",
        "price_per_unit": "550",
        "price_unit": "g"
      },
      {
        "state": "SA",
        "price": "3438",
        "price_per_unit": "550",
        "price_unit": "g"
      }
    ]
  },
  {
    "source_url": "https://www.coles.com.au/product/coles-herbs-watercress-sleeved-1-each-4575810",
    "name": "Coles Herbs Watercress Sleeved | 1 each",
    "image_url": "https://www.coles.com.au/_next/image?url=https%3A%2F%2Fproductimages.coles.com.au%2Fproductimages%2F4%2F4575810.jpg&w=640&q=90",
    "source_id": "Coles - 4575810",
    "barcode": "",
    "category_id": "2100",
    "shop": "coles",
    "weight": "1each",
    "prices": [
      {
        "state": "NSW",
        "price": "320",
        "price_per_unit": "320",
        "price_unit": "each"
      },
      {
        "state": "QLD",
        "price": "320",
        "price_per_unit": "320",
        "price_unit": "each"
      },
      {
        "state": "WA",
        "price": "320",
        "price_per_unit": "320",
        "price_unit": "each"
      },
      {
        "state": "SA",
        "price": "320",
        "price_per_unit": "320",
        "price_unit": "each"
      }
    ]
  },
  {
    "source_url": "https://www.coles.com.au/product/gourmet-garden-lightly-dried-herb-oregano-5g-3011557",
    "name": "Gourmet Garden Lightly Dried Herb Oregano | 5g",
    "image_url": "https://www.coles.com.au/_next/image?url=https%3A%2F%2Fproductimages.coles.com.au%2Fproductimages%2F3%2F3011557.jpg&w=640&q=90",
    "source_id": "Coles - 3011557",
    "barcode": "",
    "category_id": "2100",
    "shop": "coles",
    "weight": "5g",
    "prices": [
      {
        "state": "NSW",
        "price": "800",
        "price_per_unit": "400",
        "price_unit": "g"
      },
      {
        "state": "WA",
        "price": "800",
        "price_per_unit": "400",
        "price_unit": "g"
      },
      {
        "state": "SA",
        "price": "800",
        "price_per_unit": "400",
        "price_unit": "g"
      }
    ]
  },
  {
    "source_url": "https://www.coles.com.au/product/coles-herb-punnets-curry-leaves-10g-1116601",
    "name": "Coles Herb Punnets Curry Leaves | 10g",
    "image_url": "https://www.coles.com.au/_next/image?url=https%3A%2F%2Fproductimages.coles.com.au%2Fproductimages%2F1%2F1116601.jpg&w=640&q=90",
    "source_id": "Coles - 1116601",
    "barcode": "",
    "category_id": "2100",
    "shop": "coles",
    "weight": "10g",
    "prices": [
      {
        "state": "QLD",
        "price": "320",
        "price_per_unit": "320",
        "price_unit": "g"
      }
    ]
  },
  {
    "source_url": "https://www.coles.com.au/product/coles-microgreen-redvein-sorrel-1-each-3874848",
    "name": "Coles Microgreen Redvein Sorrel | 1 each",
    "image_url": "https://www.coles.com.au/_next/image?url=https%3A%2F%2Fproductimages.coles.com.au%2Fproductimages%2F3%2F3874848.jpg&w=640&q=90",
    "source_id": "Coles - 3874848",
    "barcode": "",
    "category_id": "2100",
    "shop": "coles",
    "weight": "1each",
    "prices": [
      {
        "state": "QLD",
        "price": "330",
        "price_per_unit": "330",
        "price_unit": "each"
      }
    ]
  },
  {
    "source_url": "https://www.coles.com.au/product/coles-micro-greens-parsley-1-each-3941209",
    "name": "Coles Micro Greens Parsley | 1 each",
    "image_url": "https://www.coles.com.au/_next/image?url=https%3A%2F%2Fproductimages.coles.com.au%2Fproductimages%2F3%2F3941209.jpg&w=640&q=90",
    "source_id": "Coles - 3941209",
    "barcode": "",
    "category_id": "2100",
    "shop": "coles",
    "weight": "1each",
    "prices": [
      {
        "state": "QLD",
        "price": "330",
        "price_per_unit": "330",
        "price_unit": "each"
      }
    ]
  },
  {
    "source_url": "https://www.coles.com.au/product/coles-microgreens-lemon-balm-1-each-3874780",
    "name": "Coles Microgreens Lemon Balm | 1 each",
    "image_url": "https://www.coles.com.au/_next/image?url=https%3A%2F%2Fproductimages.coles.com.au%2Fproductimages%2F3%2F3874780.jpg&w=640&q=90",
    "source_id": "Coles - 3874780",
    "barcode": "",
    "category_id": "2100",
    "shop": "coles",
    "weight": "1each",
    "prices": [
      {
        "state": "QLD",
        "price": "363",
        "price_per_unit": "363",
        "price_unit": "each"
      }
    ]
  },
  {
    "source_url": "https://www.coles.com.au/product/coles-microgreens-red-radish-1-each-3874644",
    "name": "Coles Microgreens Red Radish | 1 each",
    "image_url": "https://www.coles.com.au/_next/image?url=https%3A%2F%2Fproductimages.coles.com.au%2Fproductimages%2F3%2F3874644.jpg&w=640&q=90",
    "source_id": "Coles - 3874644",
    "barcode": "",
    "category_id": "2100",
    "shop": "coles",
    "weight": "1each",
    "prices": [
      {
        "state": "QLD",
        "price": "330",
        "price_per_unit": "330",
        "price_unit": "each"
      }
    ]
  },
  {
    "source_url": "https://www.coles.com.au/product/coles-sage-sleeved-1-bunch-4575784",
    "name": "Coles Sage Sleeved | 1 bunch",
    "image_url": "https://www.coles.com.au/_next/image?url=https%3A%2F%2Fproductimages.coles.com.au%2Fproductimages%2F4%2F4575784.jpg&w=640&q=90",
    "source_id": "Coles - 4575784",
    "barcode": "",
    "category_id": "2100",
    "shop": "coles",
    "weight": "1bunch",
    "prices": [
      {
        "state": "QLD",
        "price": null,
        "price_per_unit": null,
        "price_unit": "bunch"
      }
    ]
  }
]