[
  {
    "source_url": "https://www.coles.com.au/product/grand-italian-potato-gnocchi-500g-3776882",
    "name": "Grand Italian Potato Gnocchi | 500g",
    "image_url": "https://www.coles.com.au/_next/image?url=https%3A%2F%2Fproductimages.coles.com.au%2Fproductimages%2F3%2F3776882.jpg&w=640&q=90",
    "source_id": "Coles - 3776882",
    "barcode": "9336088006438",
    "shop": "coles",
    "category_id": "22089",
    "weight": "500g",
    "prices": [
      {
        "state": "VIC",
        "price": "100",
        "price_per_unit": "500",
        "price_unit": "g"
      },
      {
        "state": "NSW",
        "price": "100",
        "price_per_unit": "500",
        "price_unit": "g"
      },
      {
        "state": "QLD",
        "price": "100",
        "price_per_unit": "500",
        "price_unit": "g"
      },
      {
        "state": "WA",
        "price": "100",
        "price_per_unit": "500",
        "price_unit": "g"
      },
      {
        "state": "SA",
        "price": "100",
        "price_per_unit": "500",
        "price_unit": "g"
      },
      {
        "state": "TAS",
        "price": "100",
        "price_per_unit": "500",
        "price_unit": "g"
      },
      {
        "state": "NT",
        "price": "100",
        "price_per_unit": "500",
        "price_unit": "g"
      }
    ]
  },
  {
    "source_url": "https://www.woolworths.com.au/shop/productdetails/23782/grand-italian-fresh-potato-gnocchi",
    "name": "Grand Italian Fresh Potato Gnocchi 500g",
    "image_url": "https://cdn1.woolworths.media/content/wowproductimages/large/023782.jpg",
    "source_id": "Woolworths - 23782",
    "barcode": "9336088006438",
    "shop": "Woolworths",
    "category_id": "22089",
    "weight": "100G",
    "prices": [
      {
        "state": "NSW",
        "price": "600",
        "price_per_unit": "120",
        "price_unit": "G"
      },
      {
        "state": "VIC",
        "price": "600",
        "price_per_unit": "120",
        "price_unit": "G"
      },
      {
        "state": "QLD",
        "price": "600",
        "price_per_unit": "120",
        "price_unit": "G"
      },
      {
        "state": "WA",
        "price": "600",
        "price_per_unit": "120",
        "price_unit": "G"
      },
      {
        "state": "SA",
        "price": "600",
        "price_per_unit": "120",
        "price_unit": "G"
      },
      {
        "state": "TAS",
        "price": "600",
        "price_per_unit": "120",
        "price_unit": "G"
      },
      {
        "state": "ACT",
        "price": "600",
        "price_per_unit": "120",
        "price_unit": "G"
      }
    ]
  },
  {
    "source_url": "https://www.coles.com.au/product/latina-fresh-gluten-free-lasagne-sheets-280g-3758676",
    "name": "Latina Fresh Gluten Free Lasagne Sheets | 280g",
    "image_url": "https://www.coles.com.au/_next/image?url=https%3A%2F%2Fproductimages.coles.com.au%2Fproductimages%2F3%2F3758676.jpg&w=640&q=90",
    "source_id": "Coles - 3758676",
    "barcode": "9312353007478",
    "shop": "coles",
    "category_id": "22089",
    "weight": "280g",
    "prices": [
      {
        "state": "VIC",
        "price": "313",
        "price_per_unit": "875",
        "price_unit": "g"
      },
      {
        "state": "QLD",
        "price": "313",
        "price_per_unit": "875",
        "price_unit": "g"
      },
      {
        "state": "WA",
        "price": "313",
        "price_per_unit": "875",
        "price_unit": "g"
      },
      {
        "state": "SA",
        "price": "313",
        "price_per_unit": "875",
        "price_unit": "g"
      }
    ]
  },
  {
    "source_url": "https://www.woolworths.com.au/shop/productdetails/83431/latina-fresh-gluten-free-lasagne-sheets",
    "name": "Latina Fresh Gluten Free Lasagne Sheets 280g",
    "image_url": "https://cdn1.woolworths.media/content/wowproductimages/large/083431.jpg",
    "source_id": "Woolworths - 83431",
    "barcode": "9312353007478",
    "shop": "Woolworths",
    "category_id": "22089",
    "weight": "100G",
    "prices": [
      {
        "state": "NSW",
        "price": "750",
        "price_per_unit": "268",
        "price_unit": "G"
      },
      {
        "state": "QLD",
        "price": "750",
        "price_per_unit": "268",
        "price_unit": "G"
      },
      {
        "state": "TAS",
        "price": "750",
        "price_per_unit": "268",
        "price_unit": "G"
      }
    ]
  },
  {
    "source_url": "https://www.coles.com.au/product/latina-gluten-free-tagliatelle-280g-5153202",
    "name": "Latina Gluten Free Tagliatelle | 280g",
    "image_url": "https://www.coles.com.au/_next/image?url=https%3A%2F%2Fproductimages.coles.com.au%2Fproductimages%2F5%2F5153202.jpg&w=640&q=90",
    "source_id": "Coles - 5153202",
    "barcode": "9312353007645",
    "shop": "coles",
    "category_id": "22089",
    "weight": "280g",
    "prices": [
      {
        "state": "VIC",
        "price": "313",
        "price_per_unit": "875",
        "price_unit": "g"
      },
      {
        "state": "QLD",
        "price": "313",
        "price_per_unit": "875",
        "price_unit": "g"
      },
      {
        "state": "WA",
        "price": "313",
        "price_per_unit": "875",
        "price_unit": "g"
      },
      {
        "state": "SA",
        "price": "313",
        "price_per_unit": "875",
        "price_unit": "g"
      },
      {
        "state": "TAS",
        "price": "313",
        "price_per_unit": "875",
        "price_unit": "g"
      },
      {
        "state": "NT",
        "price": "338",
        "price_per_unit": "945",
        "price_unit": "g"
      }
    ]
  },
  {
    "source_url": "https://www.woolworths.com.au/shop/productdetails/214982/latina-fresh-gluten-free-tagliatelle-pasta",
    "name": "Latina Fresh Gluten Free Tagliatelle Pasta 280g",
    "image_url": "https://cdn1.woolworths.media/content/wowproductimages/large/214982.jpg",
    "source_id": "Woolworths - 214982",
    "barcode": "9312353007645",
    "shop": "Woolworths",
    "category_id": "22089",
    "weight": "100G",
    "prices": [
      {
        "state": "NSW",
        "price": "750",
        "price_per_unit": "268",
        "price_unit": "G"
      },
      {
        "state": "QLD",
        "price": "750",
        "price_per_unit": "268",
        "price_unit": "G"
      },
      {
        "state": "WA",
        "price": "750",
        "price_per_unit": "268",
        "price_unit": "G"
      },
      {
        "state": "SA",
        "price": "750",
        "price_per_unit": "268",
        "price_unit": "G"
      },
      {
        "state": "NT",
        "price": "750",
        "price_per_unit": "268",
        "price_unit": "G"
      }
    ]
  },
  {
    "source_url": "https://www.coles.com.au/product/latina-fresh-lasagne-sheets-8-pack-375g-5165427",
    "name": "Latina Fresh Lasagne Sheets 8 Pack | 375g",
    "image_url": "https://www.coles.com.au/_next/image?url=https%3A%2F%2Fproductimages.coles.com.au%2Fproductimages%2F5%2F5165427.jpg&w=640&q=90",
    "source_id": "Coles - 5165427",
    "barcode": "9312353000035",
    "shop": "coles",
    "category_id": "22089",
    "weight": "375g",
    "prices": [
      {
        "state": "VIC",
        "price": "160",
        "price_per_unit": "600",
        "price_unit": "g"
      },
      {
        "state": "NSW",
        "price": "160",
        "price_per_unit": "600",
        "price_unit": "g"
      },
      {
        "state": "QLD",
        "price": "160",
        "price_per_unit": "600",
        "price_unit": "g"
      },
      {
        "state": "WA",
        "price": "160",
        "price_per_unit": "600",
        "price_unit": "g"
      },
      {
        "state": "SA",
        "price": "160",
        "price_per_unit": "600",
        "price_unit": "g"
      },
      {
        "state": "TAS",
        "price": "160",
        "price_per_unit": "600",
        "price_unit": "g"
      },
      {
        "state": "ACT",
        "price": "160",
        "price_per_unit": "600",
        "price_unit": "g"
      },
      {
        "state": "NT",
        "price": "173",
        "price_per_unit": "648",
        "price_unit": "g"
      }
    ]
  },
  {
    "source_url": "https://www.woolworths.com.au/shop/productdetails/5033/latina-fresh-lasagne-sheets-sheets",
    "name": "Latina Fresh Lasagne Sheets Sheets 375g",
    "image_url": "https://cdn1.woolworths.media/content/wowproductimages/large/005033.jpg",
    "source_id": "Woolworths - 5033",
    "barcode": "9312353000035",
    "shop": "Woolworths",
    "category_id": "22089",
    "weight": "100G",
    "prices": [
      {
        "state": "NSW",
        "price": "600",
        "price_per_unit": "160",
        "price_unit": "G"
      },
      {
        "state": "VIC",
        "price": "600",
        "price_per_unit": "160",
        "price_unit": "G"
      },
      {
        "state": "QLD",
        "price": "600",
        "price_per_unit": "160",
        "price_unit": "G"
      },
      {
        "state": "WA",
        "price": "600",
        "price_per_unit": "160",
        "price_unit": "G"
      },
      {
        "state": "SA",
        "price": "600",
        "price_per_unit": "160",
        "price_unit": "G"
      },
      {
        "state": "TAS",
        "price": "600",
        "price_per_unit": "160",
        "price_unit": "G"
      },
      {
        "state": "ACT",
        "price": "600",
        "price_per_unit": "160",
        "price_unit": "G"
      },
      {
        "state": "NT",
        "price": "600",
        "price_per_unit": "160",
        "price_unit": "G"
      }
    ]
  },
  {
    "source_url": "https://www.coles.com.au/product/25-degrees-south-baby-spinach-and-fetta-ravioli-pasta-325g-5152833",
    "name": "25 Degrees South Baby Spinach and Fetta Ravioli Pasta | 325g",
    "image_url": "https://www.coles.com.au/_next/image?url=https%3A%2F%2Fproductimages.coles.com.au%2Fproductimages%2F5%2F5152833.jpg&w=640&q=90",
    "source_id": "Coles - 5152833",
    "barcode": "9312353007607",
    "shop": "coles",
    "category_id": "22089",
    "weight": "325g",
    "prices": [
      {
        "state": "VIC",
        "price": "200",
        "price_per_unit": "650",
        "price_unit": "g"
      },
      {
        "state": "NSW",
        "price": "200",
        "price_per_unit": "650",
        "price_unit": "g"
      },
      {
        "state": "QLD",
        "price": "200",
        "price_per_unit": "650",
        "price_unit": "g"
      },
      {
        "state": "WA",
        "price": "200",
        "price_per_unit": "650",
        "price_unit": "g"
      },
      {
        "state": "SA",
        "price": "200",
        "price_per_unit": "650",
        "price_unit": "g"
      },
      {
        "state": "TAS",
        "price": "200",
        "price_per_unit": "650",
        "price_unit": "g"
      },
      {
        "state": "NT",
        "price": "200",
        "price_per_unit": "650",
        "price_unit": "g"
      }
    ]
  },
  {
    "source_url": "https://www.woolworths.com.au/shop/productdetails/214829/25-degree-south-baby-spinach-fetta-ravioli-pasta",
    "name": "25 Degree South Baby Spinach & Fetta Ravioli Pasta 325g",
    "image_url": "https://cdn1.woolworths.media/content/wowproductimages/large/214829.jpg",
    "source_id": "Woolworths - 214829",
    "barcode": "9312353007607",
    "shop": "Woolworths",
    "category_id": "22089",
    "weight": "100G",
    "prices": [
      {
        "state": "VIC",
        "price": "900",
        "price_per_unit": "277",
        "price_unit": "G"
      },
      {
        "state": "WA",
        "price": "900",
        "price_per_unit": "277",
        "price_unit": "G"
      },
      {
        "state": "SA",
        "price": "900",
        "price_per_unit": "277",
        "price_unit": "G"
      }
    ]
  },
  {
    "source_url": "https://www.coles.com.au/product/25-degrees-south-native-pumpkin-ricotta-ravioli-pasta-325g-4274733",
    "name": "25 Degrees South Native Pumpkin Ricotta Ravioli Pasta | 325g",
    "image_url": "https://www.coles.com.au/_next/image?url=https%3A%2F%2Fproductimages.coles.com.au%2Fproductimages%2F4%2F4274733.jpg&w=640&q=90",
    "source_id": "Coles - 4274733",
    "barcode": "9312353007515",
    "shop": "coles",
    "category_id": "22089",
    "weight": "325g",
    "prices": [
      {
        "state": "VIC",
        "price": "200",
        "price_per_unit": "650",
        "price_unit": "g"
      },
      {
        "state": "NSW",
        "price": "200",
        "price_per_unit": "650",
        "price_unit": "g"
      },
      {
        "state": "QLD",
        "price": "200",
        "price_per_unit": "650",
        "price_unit": "g"
      },
      {
        "state": "WA",
        "price": "200",
        "price_per_unit": "650",
        "price_unit": "g"
      },
      {
        "state": "SA",
        "price": "200",
        "price_per_unit": "650",
        "price_unit": "g"
      },
      {
        "state": "TAS",
        "price": "200",
        "price_per_unit": "650",
        "price_unit": "g"
      },
      {
        "state": "ACT",
        "price": "200",
        "price_per_unit": "650",
        "price_unit": "g"
      },
      {
        "state": "NT",
        "price": "200",
        "price_per_unit": "650",
        "price_unit": "g"
      }
    ]
  },
  {
    "source_url": "https://www.woolworths.com.au/shop/productdetails/214783/25-degree-south-native-pumpkin-ricotta-ravioli-pasta",
    "name": "25 Degree South Native Pumpkin Ricotta Ravioli Pasta 325g",
    "image_url": "https://cdn1.woolworths.media/content/wowproductimages/large/214783.jpg",
    "source_id": "Woolworths - 214783",
    "barcode": "9312353007515",
    "shop": "Woolworths",
    "category_id": "22089",
    "weight": "100G",
    "prices": [
      {
        "state": "VIC",
        "price": "900",
        "price_per_unit": "277",
        "price_unit": "G"
      },
      {
        "state": "WA",
        "price": "900",
        "price_per_unit": "277",
        "price_unit": "G"
      },
      {
        "state": "SA",
        "price": "900",
        "price_per_unit": "277",
        "price_unit": "G"
      }
    ]
  },
  {
    "source_url": "https://www.coles.com.au/product/25-degrees-south-victorian-three-cheese-ravioli-pasta-325g-4274744",
    "name": "25 Degrees South Victorian Three Cheese Ravioli Pasta | 325g",
    "image_url": "https://www.coles.com.au/_next/image?url=https%3A%2F%2Fproductimages.coles.com.au%2Fproductimages%2F4%2F4274744.jpg&w=640&q=90",
    "source_id": "Coles - 4274744",
    "barcode": "9312353007539",
    "shop": "coles",
    "category_id": "22089",
    "weight": "325g",
    "prices": [
      {
        "state": "VIC",
        "price": "200",
        "price_per_unit": "650",
        "price_unit": "g"
      },
      {
        "state": "QLD",
        "price": "200",
        "price_per_unit": "650",
        "price_unit": "g"
      },
      {
        "state": "SA",
        "price": "200",
        "price_per_unit": "650",
        "price_unit": "g"
      },
      {
        "state": "TAS",
        "price": "200",
        "price_per_unit": "650",
        "price_unit": "g"
      },
      {
        "state": "NT",
        "price": "200",
        "price_per_unit": "650",
        "price_unit": "g"
      }
    ]
  },
  {
    "source_url": "https://www.woolworths.com.au/shop/productdetails/213120/25-degree-south-victorian-three-cheese-ravioli-pasta",
    "name": "25 Degree South Victorian Three Cheese Ravioli Pasta 325g",
    "image_url": "https://cdn1.woolworths.media/content/wowproductimages/large/213120.jpg",
    "source_id": "Woolworths - 213120",
    "barcode": "9312353007539",
    "shop": "Woolworths",
    "category_id": "22089",
    "weight": "100G",
    "prices": [
      {
        "state": "VIC",
        "price": "900",
        "price_per_unit": "277",
        "price_unit": "G"
      },
      {
        "state": "WA",
        "price": "900",
        "price_per_unit": "277",
        "price_unit": "G"
      },
      {
        "state": "SA",
        "price": "900",
        "price_per_unit": "277",
        "price_unit": "G"
      }
    ]
  },
  {
    "source_url": "https://www.coles.com.au/product/ipastai-linguine-350g-5459440",
    "name": "Ipastai Linguine | 350g",
    "image_url": "https://www.coles.com.au/_next/image?url=https%3A%2F%2Fproductimages.coles.com.au%2Fproductimages%2F5%2F5459440.jpg&w=640&q=90",
    "source_id": "Coles - 5459440",
    "barcode": "9349801000927",
    "shop": "coles",
    "category_id": "22089",
    "weight": "350g",
    "prices": [
      {
        "state": "WA",
        "price": "171",
        "price_per_unit": "600",
        "price_unit": "g"
      }
    ]
  },
  {
    "source_url": "https://www.woolworths.com.au/shop/productdetails/153019/i-pastai-fresh-pasta-linguine-pasta",
    "name": "I Pastai Fresh Pasta Linguine Pasta 350g",
    "image_url": "https://cdn1.woolworths.media/content/wowproductimages/large/153019.jpg",
    "source_id": "Woolworths - 153019",
    "barcode": "9349801000927",
    "shop": "Woolworths",
    "category_id": "22089",
    "weight": "100G",
    "prices": [
      {
        "state": "SA",
        "price": "600",
        "price_per_unit": "171",
        "price_unit": "G"
      },
      {
        "state": "NT",
        "price": "600",
        "price_per_unit": "171",
        "price_unit": "G"
      }
    ]
  },
  {
    "source_url": "https://www.coles.com.au/product/fantastic-hokkien-noodles-450g-8679624",
    "name": "Fantastic Hokkien Noodles | 450g",
    "image_url": "https://www.coles.com.au/_next/image?url=https%3A%2F%2Fproductimages.coles.com.au%2Fproductimages%2F8%2F8679624.jpg&w=640&q=90",
    "source_id": "Coles - 8679624",
    "barcode": "9310155561624",
    "shop": "coles",
    "category_id": "22089",
    "weight": "450g",
    "prices": [
      {
        "state": "VIC",
        "price": "59",
        "price_per_unit": "265",
        "price_unit": "g"
      },
      {
        "state": "NSW",
        "price": "59",
        "price_per_unit": "265",
        "price_unit": "g"
      },
      {
        "state": "QLD",
        "price": "59",
        "price_per_unit": "265",
        "price_unit": "g"
      },
      {
        "state": "WA",
        "price": "59",
        "price_per_unit": "265",
        "price_unit": "g"
      },
      {
        "state": "SA",
        "price": "59",
        "price_per_unit": "265",
        "price_unit": "g"
      },
      {
        "state": "TAS",
        "price": "59",
        "price_per_unit": "265",
        "price_unit": "g"
      },
      {
        "state": "ACT",
        "price": "59",
        "price_per_unit": "265",
        "price_unit": "g"
      },
      {
        "state": "NT",
        "price": "59",
        "price_per_unit": "265",
        "price_unit": "g"
      }
    ]
  },
  {
    "source_url": "https://www.woolworths.com.au/shop/productdetails/145566/fantastic-fresh-noodles-hokkien",
    "name": "Fantastic Fresh Noodles Hokkien 450g",
    "image_url": "https://cdn1.woolworths.media/content/wowproductimages/large/145566.jpg",
    "source_id": "Woolworths - 145566",
    "barcode": "9310155561624",
    "shop": "Woolworths",
    "category_id": "22089",
    "weight": "100G",
    "prices": [
      {
        "state": "NSW",
        "price": "345",
        "price_per_unit": "77",
        "price_unit": "G"
      },
      {
        "state": "VIC",
        "price": "345",
        "price_per_unit": "77",
        "price_unit": "G"
      },
      {
        "state": "QLD",
        "price": "345",
        "price_per_unit": "77",
        "price_unit": "G"
      },
      {
        "state": "WA",
        "price": "345",
        "price_per_unit": "77",
        "price_unit": "G"
      },
      {
        "state": "SA",
        "price": "345",
        "price_per_unit": "77",
        "price_unit": "G"
      },
      {
        "state": "TAS",
        "price": "345",
        "price_per_unit": "77",
        "price_unit": "G"
      },
      {
        "state": "ACT",
        "price": "345",
        "price_per_unit": "77",
        "price_unit": "G"
      },
      {
        "state": "NT",
        "price": "345",
        "price_per_unit": "77",
        "price_unit": "G"
      }
    ]
  },
  {
    "source_url": "https://www.coles.com.au/product/latina-fresh-beef-ravioli-pasta-4-serve-625g-5404110",
    "name": "Latina Fresh Beef Ravioli Pasta 4 Serve | 625g",
    "image_url": "https://www.coles.com.au/_next/image?url=https%3A%2F%2Fproductimages.coles.com.au%2Fproductimages%2F5%2F5404110.jpg&w=640&q=90",
    "source_id": "Coles - 5404110",
    "barcode": "9312353000875",
    "shop": "coles",
    "category_id": "22089",
    "weight": "625g",
    "prices": [
      {
        "state": "VIC",
        "price": "128",
        "price_per_unit": "800",
        "price_unit": "g"
      },
      {
        "state": "NSW",
        "price": "128",
        "price_per_unit": "800",
        "price_unit": "g"
      },
      {
        "state": "QLD",
        "price": "128",
        "price_per_unit": "800",
        "price_unit": "g"
      },
      {
        "state": "WA",
        "price": "128",
        "price_per_unit": "800",
        "price_unit": "g"
      },
      {
        "state": "SA",
        "price": "128",
        "price_per_unit": "800",
        "price_unit": "g"
      },
      {
        "state": "TAS",
        "price": "128",
        "price_per_unit": "800",
        "price_unit": "g"
      },
      {
        "state": "ACT",
        "price": "128",
        "price_per_unit": "800",
        "price_unit": "g"
      },
      {
        "state": "NT",
        "price": "128",
        "price_per_unit": "800",
        "price_unit": "g"
      }
    ]
  },
  {
    "source_url": "https://www.woolworths.com.au/shop/productdetails/54267/latina-fresh-beef-ravioli-pasta-ravioli",
    "name": "Latina Fresh Beef Ravioli Pasta Ravioli 625g",
    "image_url": "https://cdn1.woolworths.media/content/wowproductimages/large/054267.jpg",
    "source_id": "Woolworths - 54267",
    "barcode": "9312353000875",
    "shop": "Woolworths",
    "category_id": "22089",
    "weight": "100G",
    "prices": [
      {
        "state": "NSW",
        "price": "1100",
        "price_per_unit": "176",
        "price_unit": "G"
      },
      {
        "state": "VIC",
        "price": "1100",
        "price_per_unit": "176",
        "price_unit": "G"
      },
      {
        "state": "QLD",
        "price": "1100",
        "price_per_unit": "176",
        "price_unit": "G"
      },
      {
        "state": "WA",
        "price": "1100",
        "price_per_unit": "176",
        "price_unit": "G"
      },
      {
        "state": "SA",
        "price": "1100",
        "price_per_unit": "176",
        "price_unit": "G"
      },
      {
        "state": "TAS",
        "price": "1100",
        "price_per_unit": "176",
        "price_unit": "G"
      },
      {
        "state": "ACT",
        "price": "1100",
        "price_per_unit": "176",
        "price_unit": "G"
      },
      {
        "state": "NT",
        "price": "1100",
        "price_per_unit": "176",
        "price_unit": "G"
      }
    ]
  },
  {
    "source_url": "https://www.coles.com.au/product/latina-fresh-gluten-free-ricotta-and-spinach-agnolotti-pasta-280g-2271520",
    "name": "Latina Fresh Gluten Free Ricotta & Spinach Agnolotti Pasta | 280g",
    "image_url": "https://www.coles.com.au/_next/image?url=https%3A%2F%2Fproductimages.coles.com.au%2Fproductimages%2F2%2F2271520.jpg&w=640&q=90",
    "source_id": "Coles - 2271520",
    "barcode": "9312353006150",
    "shop": "coles",
    "category_id": "22089",
    "weight": "280g",
    "prices": [
      {
        "state": "VIC",
        "price": "313",
        "price_per_unit": "875",
        "price_unit": "g"
      },
      {
        "state": "QLD",
        "price": "313",
        "price_per_unit": "875",
        "price_unit": "g"
      },
      {
        "state": "WA",
        "price": "313",
        "price_per_unit": "875",
        "price_unit": "g"
      },
      {
        "state": "SA",
        "price": "313",
        "price_per_unit": "875",
        "price_unit": "g"
      },
      {
        "state": "TAS",
        "price": "313",
        "price_per_unit": "875",
        "price_unit": "g"
      },
      {
        "state": "NT",
        "price": "338",
        "price_per_unit": "945",
        "price_unit": "g"
      }
    ]
  },
  {
    "source_url": "https://www.woolworths.com.au/shop/productdetails/845773/latina-fresh-gluten-free-ricotta-spinach-ravioli-pasta",
    "name": "Latina Fresh Gluten Free Ricotta & Spinach Ravioli Pasta 280g",
    "image_url": "https://cdn1.woolworths.media/content/wowproductimages/large/845773.jpg",
    "source_id": "Woolworths - 845773",
    "barcode": "9312353006150",
    "shop": "Woolworths",
    "category_id": "22089",
    "weight": "100G",
    "prices": [
      {
        "state": "NSW",
        "price": "750",
        "price_per_unit": "268",
        "price_unit": "G"
      },
      {
        "state": "VIC",
        "price": "750",
        "price_per_unit": "268",
        "price_unit": "G"
      },
      {
        "state": "QLD",
        "price": "750",
        "price_per_unit": "268",
        "price_unit": "G"
      },
      {
        "state": "WA",
        "price": "750",
        "price_per_unit": "268",
        "price_unit": "G"
      },
      {
        "state": "SA",
        "price": "750",
        "price_per_unit": "268",
        "price_unit": "G"
      },
      {
        "state": "ACT",
        "price": "750",
        "price_per_unit": "268",
        "price_unit": "G"
      }
    ]
  },
  {
    "source_url": "https://www.coles.com.au/product/latina-fresh-kids-mini-ravioli-pasta-beef-and-vegetable-200g-6393915",
    "name": "Latina Fresh Kids Mini Ravioli Pasta Beef & Vegetable | 200g",
    "image_url": "https://www.coles.com.au/_next/image?url=https%3A%2F%2Fproductimages.coles.com.au%2Fproductimages%2F6%2F6393915.jpg&w=640&q=90",
    "source_id": "Coles - 6393915",
    "barcode": "9312353004897",
    "shop": "coles",
    "category_id": "22089",
    "weight": "200g",
    "prices": [
      {
        "state": "VIC",
        "price": "300",
        "price_per_unit": "600",
        "price_unit": "g"
      },
      {
        "state": "NSW",
        "price": "300",
        "price_per_unit": "600",
        "price_unit": "g"
      },
      {
        "state": "QLD",
        "price": "300",
        "price_per_unit": "600",
        "price_unit": "g"
      },
      {
        "state": "WA",
        "price": "300",
        "price_per_unit": "600",
        "price_unit": "g"
      },
      {
        "state": "SA",
        "price": "300",
        "price_per_unit": "600",
        "price_unit": "g"
      },
      {
        "state": "TAS",
        "price": "300",
        "price_per_unit": "600",
        "price_unit": "g"
      },
      {
        "state": "ACT",
        "price": "300",
        "price_per_unit": "600",
        "price_unit": "g"
      },
      {
        "state": "NT",
        "price": "324",
        "price_per_unit": "648",
        "price_unit": "g"
      }
    ]
  },
  {
    "source_url": "https://www.woolworths.com.au/shop/productdetails/304116/latina-fresh-kids-mini-ravioli-pasta-beef-vegetable",
    "name": "Latina Fresh Kids Mini Ravioli Pasta Beef & Vegetable 200g",
    "image_url": "https://cdn1.woolworths.media/content/wowproductimages/large/304116.jpg",
    "source_id": "Woolworths - 304116",
    "barcode": "9312353004897",
    "shop": "Woolworths",
    "category_id": "22089",
    "weight": "100G",
    "prices": [
      {
        "state": "NSW",
        "price": "480",
        "price_per_unit": "240",
        "price_unit": "G"
      },
      {
        "state": "VIC",
        "price": "480",
        "price_per_unit": "240",
        "price_unit": "G"
      },
      {
        "state": "QLD",
        "price": "480",
        "price_per_unit": "240",
        "price_unit": "G"
      },
      {
        "state": "WA",
        "price": "480",
        "price_per_unit": "240",
        "price_unit": "G"
      },
      {
        "state": "SA",
        "price": "480",
        "price_per_unit": "240",
        "price_unit": "G"
      },
      {
        "state": "TAS",
        "price": "480",
        "price_per_unit": "240",
        "price_unit": "G"
      },
      {
        "state": "ACT",
        "price": "480",
        "price_per_unit": "240",
        "price_unit": "G"
      },
      {
        "state": "NT",
        "price": "480",
        "price_per_unit": "240",
        "price_unit": "G"
      }
    ]
  },
  {
    "source_url": "https://www.coles.com.au/product/latina-fresh-kids-mini-ravioli-pasta-cheese-and-vegetable-200g-6393926",
    "name": "Latina Fresh Kids Mini Ravioli Pasta Cheese & Vegetable | 200g",
    "image_url": "https://www.coles.com.au/_next/image?url=https%3A%2F%2Fproductimages.coles.com.au%2Fproductimages%2F6%2F6393926.jpg&w=640&q=90",
    "source_id": "Coles - 6393926",
    "barcode": "9312353004880",
    "shop": "coles",
    "category_id": "22089",
    "weight": "200g",
    "prices": [
      {
        "state": "VIC",
        "price": "300",
        "price_per_unit": "600",
        "price_unit": "g"
      },
      {
        "state": "QLD",
        "price": "300",
        "price_per_unit": "600",
        "price_unit": "g"
      },
      {
        "state": "WA",
        "price": "300",
        "price_per_unit": "600",
        "price_unit": "g"
      },
      {
        "state": "SA",
        "price": "300",
        "price_per_unit": "600",
        "price_unit": "g"
      }
    ]
  },
  {
    "source_url": "https://www.woolworths.com.au/shop/productdetails/304103/latina-fresh-kids-mini-ravioli-pasta-cheese-vegetable",
    "name": "Latina Fresh Kids Mini Ravioli Pasta Cheese & Vegetable 200g",
    "image_url": "https://cdn1.woolworths.media/content/wowproductimages/large/304103.jpg",
    "source_id": "Woolworths - 304103",
    "barcode": "9312353004880",
    "shop": "Woolworths",
    "category_id": "22089",
    "weight": "100G",
    "prices": [
      {
        "state": "NSW",
        "price": "480",
        "price_per_unit": "240",
        "price_unit": "G"
      },
      {
        "state": "VIC",
        "price": "480",
        "price_per_unit": "240",
        "price_unit": "G"
      },
      {
        "state": "QLD",
        "price": "480",
        "price_per_unit": "240",
        "price_unit": "G"
      },
      {
        "state": "WA",
        "price": "480",
        "price_per_unit": "240",
        "price_unit": "G"
      },
      {
        "state": "SA",
        "price": "480",
        "price_per_unit": "240",
        "price_unit": "G"
      },
      {
        "state": "TAS",
        "price": "480",
        "price_per_unit": "240",
        "price_unit": "G"
      },
      {
        "state": "ACT",
        "price": "480",
        "price_per_unit": "240",
        "price_unit": "G"
      },
      {
        "state": "NT",
        "price": "480",
        "price_per_unit": "240",
        "price_unit": "G"
      }
    ]
  },
  {
    "source_url": "https://www.coles.com.au/product/latina-fresh-ricotta-and-spinach-agnolotti-pasta-4-serve-625g-5469181",
    "name": "Latina Fresh Ricotta & Spinach Agnolotti Pasta 4 Serve | 625g",
    "image_url": "https://www.coles.com.au/_next/image?url=https%3A%2F%2Fproductimages.coles.com.au%2Fproductimages%2F5%2F5469181.jpg&w=640&q=90",
    "source_id": "Coles - 5469181",
    "barcode": "9312353001759",
    "shop": "coles",
    "category_id": "22089",
    "weight": "625g",
    "prices": [
      {
        "state": "VIC",
        "price": "128",
        "price_per_unit": "800",
        "price_unit": "g"
      },
      {
        "state": "NSW",
        "price": "128",
        "price_per_unit": "800",
        "price_unit": "g"
      },
      {
        "state": "QLD",
        "price": "128",
        "price_per_unit": "800",
        "price_unit": "g"
      },
      {
        "state": "WA",
        "price": "128",
        "price_per_unit": "800",
        "price_unit": "g"
      },
      {
        "state": "SA",
        "price": "128",
        "price_per_unit": "800",
        "price_unit": "g"
      },
      {
        "state": "TAS",
        "price": "128",
        "price_per_unit": "800",
        "price_unit": "g"
      },
      {
        "state": "ACT",
        "price": "128",
        "price_per_unit": "800",
        "price_unit": "g"
      },
      {
        "state": "NT",
        "price": "128",
        "price_per_unit": "800",
        "price_unit": "g"
      }
    ]
  },
  {
    "source_url": "https://www.woolworths.com.au/shop/productdetails/44977/latina-fresh-ricotta-spinach-agnolotti-pasta",
    "name": "Latina Fresh Ricotta & Spinach Agnolotti Pasta 625g",
    "image_url": "https://cdn1.woolworths.media/content/wowproductimages/large/044977.jpg",
    "source_id": "Woolworths - 44977",
    "barcode": "9312353001759",
    "shop": "Woolworths",
    "category_id": "22089",
    "weight": "100G",
    "prices": [
      {
        "state": "NSW",
        "price": "1100",
        "price_per_unit": "176",
        "price_unit": "G"
      },
      {
        "state": "VIC",
        "price": "1100",
        "price_per_unit": "176",
        "price_unit": "G"
      },
      {
        "state": "QLD",
        "price": "1100",
        "price_per_unit": "176",
        "price_unit": "G"
      },
      {
        "state": "WA",
        "price": "1100",
        "price_per_unit": "176",
        "price_unit": "G"
      },
      {
        "state": "SA",
        "price": "1100",
        "price_per_unit": "176",
        "price_unit": "G"
      },
      {
        "state": "TAS",
        "price": "1100",
        "price_per_unit": "176",
        "price_unit": "G"
      },
      {
        "state": "ACT",
        "price": "1100",
        "price_per_unit": "176",
        "price_unit": "G"
      },
      {
        "state": "NT",
        "price": "1100",
        "price_per_unit": "176",
        "price_unit": "G"
      }
    ]
  },
  {
    "source_url": "https://www.coles.com.au/product/latina-fresh-roast-chicken-and-garlic-ravioli-pasta-4-serve-625g-7294409",
    "name": "Latina Fresh Roast Chicken & Garlic Ravioli Pasta 4 Serve | 625g",
    "image_url": "https://www.coles.com.au/_next/image?url=https%3A%2F%2Fproductimages.coles.com.au%2Fproductimages%2F7%2F7294409.jpg&w=640&q=90",
    "source_id": "Coles - 7294409",
    "barcode": "9312353004989",
    "shop": "coles",
    "category_id": "22089",
    "weight": "625g",
    "prices": [
      {
        "state": "VIC",
        "price": "128",
        "price_per_unit": "800",
        "price_unit": "g"
      },
      {
        "state": "QLD",
        "price": "128",
        "price_per_unit": "800",
        "price_unit": "g"
      },
      {
        "state": "WA",
        "price": "128",
        "price_per_unit": "800",
        "price_unit": "g"
      },
      {
        "state": "SA",
        "price": "128",
        "price_per_unit": "800",
        "price_unit": "g"
      },
      {
        "state": "TAS",
        "price": "128",
        "price_per_unit": "800",
        "price_unit": "g"
      },
      {
        "state": "ACT",
        "price": "128",
        "price_per_unit": "800",
        "price_unit": "g"
      },
      {
        "state": "NT",
        "price": "128",
        "price_per_unit": "800",
        "price_unit": "g"
      }
    ]
  },
  {
    "source_url": "https://www.woolworths.com.au/shop/productdetails/335534/latina-fresh-roast-chicken-garlic-ravioli-pasta",
    "name": "Latina Fresh Roast Chicken & Garlic Ravioli Pasta 625g",
    "image_url": "https://cdn1.woolworths.media/content/wowproductimages/large/335534.jpg",
    "source_id": "Woolworths - 335534",
    "barcode": "9312353004989",
    "shop": "Woolworths",
    "category_id": "22089",
    "weight": "100G",
    "prices": [
      {
        "state": "NSW",
        "price": "1100",
        "price_per_unit": "176",
        "price_unit": "G"
      },
      {
        "state": "VIC",
        "price": "1100",
        "price_per_unit": "176",
        "price_unit": "G"
      },
      {
        "state": "QLD",
        "price": "1100",
        "price_per_unit": "176",
        "price_unit": "G"
      },
      {
        "state": "WA",
        "price": "1100",
        "price_per_unit": "176",
        "price_unit": "G"
      },
      {
        "state": "NT",
        "price": "1100",
        "price_per_unit": "176",
        "price_unit": "G"
      }
    ]
  },
  {
    "source_url": "https://www.coles.com.au/product/latina-fresh-spinach-and-ricotta-agnolotti-pasta-375g-5280232",
    "name": "Latina Fresh Spinach & Ricotta Agnolotti Pasta | 375g",
    "image_url": "https://www.coles.com.au/_next/image?url=https%3A%2F%2Fproductimages.coles.com.au%2Fproductimages%2F5%2F5280232.jpg&w=640&q=90",
    "source_id": "Coles - 5280232",
    "barcode": "9312353000950",
    "shop": "coles",
    "category_id": "22089",
    "weight": "375g",
    "prices": [
      {
        "state": "VIC",
        "price": "213",
        "price_per_unit": "800",
        "price_unit": "g"
      },
      {
        "state": "NSW",
        "price": "213",
        "price_per_unit": "800",
        "price_unit": "g"
      },
      {
        "state": "QLD",
        "price": "213",
        "price_per_unit": "800",
        "price_unit": "g"
      },
      {
        "state": "WA",
        "price": "213",
        "price_per_unit": "800",
        "price_unit": "g"
      },
      {
        "state": "SA",
        "price": "213",
        "price_per_unit": "800",
        "price_unit": "g"
      },
      {
        "state": "TAS",
        "price": "213",
        "price_per_unit": "800",
        "price_unit": "g"
      },
      {
        "state": "NT",
        "price": "230",
        "price_per_unit": "864",
        "price_unit": "g"
      }
    ]
  },
  {
    "source_url": "https://www.woolworths.com.au/shop/productdetails/42092/latina-fresh-spinach-ricotta-agnolotti",
    "name": "Latina Fresh Spinach & Ricotta Agnolotti 375g",
    "image_url": "https://cdn1.woolworths.media/content/wowproductimages/large/042092.jpg",
    "source_id": "Woolworths - 42092",
    "barcode": "9312353000950",
    "shop": "Woolworths",
    "category_id": "22089",
    "weight": "100G",
    "prices": [
      {
        "state": "NSW",
        "price": "800",
        "price_per_unit": "213",
        "price_unit": "G"
      },
      {
        "state": "TAS",
        "price": "800",
        "price_per_unit": "213",
        "price_unit": "G"
      },
      {
        "state": "NT",
        "price": "800",
        "price_per_unit": "213",
        "price_unit": "G"
      }
    ]
  },
  {
    "source_url": "https://www.coles.com.au/product/latina-fresh-veal-tortellini-pasta-4-serve-625g-5404131",
    "name": "Latina Fresh Veal Tortellini Pasta 4 Serve | 625g",
    "image_url": "https://www.coles.com.au/_next/image?url=https%3A%2F%2Fproductimages.coles.com.au%2Fproductimages%2F5%2F5404131.jpg&w=640&q=90",
    "source_id": "Coles - 5404131",
    "barcode": "9312353000899",
    "shop": "coles",
    "category_id": "22089",
    "weight": "625g",
    "prices": [
      {
        "state": "VIC",
        "price": "128",
        "price_per_unit": "800",
        "price_unit": "g"
      },
      {
        "state": "NSW",
        "price": "128",
        "price_per_unit": "800",
        "price_unit": "g"
      },
      {
        "state": "QLD",
        "price": "128",
        "price_per_unit": "800",
        "price_unit": "g"
      },
      {
        "state": "WA",
        "price": "128",
        "price_per_unit": "800",
        "price_unit": "g"
      },
      {
        "state": "SA",
        "price": "128",
        "price_per_unit": "800",
        "price_unit": "g"
      },
      {
        "state": "TAS",
        "price": "128",
        "price_per_unit": "800",
        "price_unit": "g"
      },
      {
        "state": "ACT",
        "price": "128",
        "price_per_unit": "800",
        "price_unit": "g"
      },
      {
        "state": "NT",
        "price": "128",
        "price_per_unit": "800",
        "price_unit": "g"
      }
    ]
  },
  {
    "source_url": "https://www.woolworths.com.au/shop/productdetails/54264/latina-fresh-veal-tortellini-pasta",
    "name": "Latina Fresh Veal Tortellini Pasta 625g",
    "image_url": "https://cdn1.woolworths.media/content/wowproductimages/large/054264.jpg",
    "source_id": "Woolworths - 54264",
    "barcode": "9312353000899",
    "shop": "Woolworths",
    "category_id": "22089",
    "weight": "100G",
    "prices": [
      {
        "state": "NSW",
        "price": "1100",
        "price_per_unit": "176",
        "price_unit": "G"
      },
      {
        "state": "VIC",
        "price": "1100",
        "price_per_unit": "176",
        "price_unit": "G"
      },
      {
        "state": "QLD",
        "price": "1100",
        "price_per_unit": "176",
        "price_unit": "G"
      },
      {
        "state": "WA",
        "price": "1100",
        "price_per_unit": "176",
        "price_unit": "G"
      },
      {
        "state": "ACT",
        "price": "1100",
        "price_per_unit": "176",
        "price_unit": "G"
      },
      {
        "state": "NT",
        "price": "1100",
        "price_per_unit": "176",
        "price_unit": "G"
      }
    ]
  },
  {
    "source_url": "https://www.coles.com.au/product/rana-filled-tortellini-basil-and-pine-nuts-325g-3752716",
    "name": "Rana Filled Tortellini Basil And Pine Nuts | 325g",
    "image_url": "https://www.coles.com.au/_next/image?url=https%3A%2F%2Fproductimages.coles.com.au%2Fproductimages%2F3%2F3752716.jpg&w=640&q=90",
    "source_id": "Coles - 3752716",
    "barcode": "8001665705219",
    "shop": "coles",
    "category_id": "22089",
    "weight": "325g",
    "prices": [
      {
        "state": "VIC",
        "price": "246",
        "price_per_unit": "800",
        "price_unit": "g"
      },
      {
        "state": "QLD",
        "price": "246",
        "price_per_unit": "800",
        "price_unit": "g"
      },
      {
        "state": "WA",
        "price": "246",
        "price_per_unit": "800",
        "price_unit": "g"
      },
      {
        "state": "SA",
        "price": "246",
        "price_per_unit": "800",
        "price_unit": "g"
      },
      {
        "state": "NT",
        "price": "266",
        "price_per_unit": "864",
        "price_unit": "g"
      }
    ]
  },
  {
    "source_url": "https://www.woolworths.com.au/shop/productdetails/28325/rana-basil-pine-nuts-tortellini-pasta",
    "name": "Rana Basil & Pine Nuts Tortellini Pasta 325g",
    "image_url": "https://cdn1.woolworths.media/content/wowproductimages/large/028325.jpg",
    "source_id": "Woolworths - 28325",
    "barcode": "8001665705219",
    "shop": "Woolworths",
    "category_id": "22089",
    "weight": "100G",
    "prices": [
      {
        "state": "NSW",
        "price": "600",
        "price_per_unit": "185",
        "price_unit": "G"
      },
      {
        "state": "VIC",
        "price": "600",
        "price_per_unit": "185",
        "price_unit": "G"
      },
      {
        "state": "QLD",
        "price": "600",
        "price_per_unit": "185",
        "price_unit": "G"
      },
      {
        "state": "WA",
        "price": "600",
        "price_per_unit": "185",
        "price_unit": "G"
      },
      {
        "state": "SA",
        "price": "600",
        "price_per_unit": "185",
        "price_unit": "G"
      }
    ]
  },
  {
    "source_url": "https://www.coles.com.au/product/rana-porcini-mushroom-ravioli-325g-3296071",
    "name": "Rana Porcini Mushroom Ravioli | 325g",
    "image_url": "https://www.coles.com.au/_next/image?url=https%3A%2F%2Fproductimages.coles.com.au%2Fproductimages%2F3%2F3296071.jpg&w=640&q=90",
    "source_id": "Coles - 3296071",
    "barcode": "8001665705233",
    "shop": "coles",
    "category_id": "22089",
    "weight": "325g",
    "prices": [
      {
        "state": "VIC",
        "price": "246",
        "price_per_unit": "800",
        "price_unit": "g"
      },
      {
        "state": "QLD",
        "price": "246",
        "price_per_unit": "800",
        "price_unit": "g"
      },
      {
        "state": "WA",
        "price": "246",
        "price_per_unit": "800",
        "price_unit": "g"
      },
      {
        "state": "SA",
        "price": "246",
        "price_per_unit": "800",
        "price_unit": "g"
      },
      {
        "state": "TAS",
        "price": "246",
        "price_per_unit": "800",
        "price_unit": "g"
      },
      {
        "state": "NT",
        "price": "266",
        "price_per_unit": "864",
        "price_unit": "g"
      }
    ]
  },
  {
    "source_url": "https://www.woolworths.com.au/shop/productdetails/810868/rana-porcini-mushroom-ravioli-pasta",
    "name": "Rana Porcini Mushroom Ravioli Pasta 325g",
    "image_url": "https://cdn1.woolworths.media/content/wowproductimages/large/810868.jpg",
    "source_id": "Woolworths - 810868",
    "barcode": "8001665705233",
    "shop": "Woolworths",
    "category_id": "22089",
    "weight": "100G",
    "prices": [
      {
        "state": "NSW",
        "price": "600",
        "price_per_unit": "185",
        "price_unit": "G"
      },
      {
        "state": "VIC",
        "price": "600",
        "price_per_unit": "185",
        "price_unit": "G"
      },
      {
        "state": "QLD",
        "price": "600",
        "price_per_unit": "185",
        "price_unit": "G"
      },
      {
        "state": "WA",
        "price": "600",
        "price_per_unit": "185",
        "price_unit": "G"
      },
      {
        "state": "SA",
        "price": "600",
        "price_per_unit": "185",
        "price_unit": "G"
      },
      {
        "state": "ACT",
        "price": "600",
        "price_per_unit": "185",
        "price_unit": "G"
      }
    ]
  },
  {
    "source_url": "https://www.coles.com.au/product/rana-pumpkin-and-caramelised-onion-ravioli-325g-3091148",
    "name": "Rana Pumpkin & Caramelised Onion Ravioli | 325g",
    "image_url": "https://www.coles.com.au/_next/image?url=https%3A%2F%2Fproductimages.coles.com.au%2Fproductimages%2F3%2F3091148.jpg&w=640&q=90",
    "source_id": "Coles - 3091148",
    "barcode": "8001665705257",
    "shop": "coles",
    "category_id": "22089",
    "weight": "325g",
    "prices": [
      {
        "state": "VIC",
        "price": "246",
        "price_per_unit": "800",
        "price_unit": "g"
      },
      {
        "state": "NSW",
        "price": "246",
        "price_per_unit": "800",
        "price_unit": "g"
      },
      {
        "state": "QLD",
        "price": "246",
        "price_per_unit": "800",
        "price_unit": "g"
      },
      {
        "state": "WA",
        "price": "246",
        "price_per_unit": "800",
        "price_unit": "g"
      },
      {
        "state": "SA",
        "price": "246",
        "price_per_unit": "800",
        "price_unit": "g"
      },
      {
        "state": "TAS",
        "price": "246",
        "price_per_unit": "800",
        "price_unit": "g"
      },
      {
        "state": "ACT",
        "price": "246",
        "price_per_unit": "800",
        "price_unit": "g"
      },
      {
        "state": "NT",
        "price": "266",
        "price_per_unit": "864",
        "price_unit": "g"
      }
    ]
  },
  {
    "source_url": "https://www.woolworths.com.au/shop/productdetails/810775/rana-pumpkin-onion-ravioli-pasta",
    "name": "Rana Pumpkin & Onion Ravioli Pasta 325g",
    "image_url": "https://cdn1.woolworths.media/content/wowproductimages/large/810775.jpg",
    "source_id": "Woolworths - 810775",
    "barcode": "8001665705257",
    "shop": "Woolworths",
    "category_id": "22089",
    "weight": "100G",
    "prices": [
      {
        "state": "NSW",
        "price": "600",
        "price_per_unit": "185",
        "price_unit": "G"
      },
      {
        "state": "VIC",
        "price": "600",
        "price_per_unit": "185",
        "price_unit": "G"
      },
      {
        "state": "QLD",
        "price": "600",
        "price_per_unit": "185",
        "price_unit": "G"
      },
      {
        "state": "WA",
        "price": "600",
        "price_per_unit": "185",
        "price_unit": "G"
      },
      {
        "state": "SA",
        "price": "600",
        "price_per_unit": "185",
        "price_unit": "G"
      },
      {
        "state": "ACT",
        "price": "600",
        "price_per_unit": "185",
        "price_unit": "G"
      },
      {
        "state": "NT",
        "price": "600",
        "price_per_unit": "185",
        "price_unit": "G"
      }
    ]
  },
  {
    "source_url": "https://www.coles.com.au/product/rana-spinach-and-ricotta-tortellini-325g-3091046",
    "name": "Rana Spinach & Ricotta Tortellini | 325g",
    "image_url": "https://www.coles.com.au/_next/image?url=https%3A%2F%2Fproductimages.coles.com.au%2Fproductimages%2F3%2F3091046.jpg&w=640&q=90",
    "source_id": "Coles - 3091046",
    "barcode": "8001665705189",
    "shop": "coles",
    "category_id": "22089",
    "weight": "325g",
    "prices": [
      {
        "state": "VIC",
        "price": "246",
        "price_per_unit": "800",
        "price_unit": "g"
      },
      {
        "state": "NSW",
        "price": "246",
        "price_per_unit": "800",
        "price_unit": "g"
      },
      {
        "state": "QLD",
        "price": "246",
        "price_per_unit": "800",
        "price_unit": "g"
      },
      {
        "state": "WA",
        "price": "246",
        "price_per_unit": "800",
        "price_unit": "g"
      },
      {
        "state": "SA",
        "price": "246",
        "price_per_unit": "800",
        "price_unit": "g"
      },
      {
        "state": "TAS",
        "price": "246",
        "price_per_unit": "800",
        "price_unit": "g"
      },
      {
        "state": "ACT",
        "price": "246",
        "price_per_unit": "800",
        "price_unit": "g"
      },
      {
        "state": "NT",
        "price": "266",
        "price_per_unit": "864",
        "price_unit": "g"
      }
    ]
  },
  {
    "source_url": "https://www.woolworths.com.au/shop/productdetails/810774/rana-ricotta-spinach-tortellini-pasta",
    "name": "Rana Ricotta & Spinach Tortellini Pasta 325g",
    "image_url": "https://cdn1.woolworths.media/content/wowproductimages/large/810774.jpg",
    "source_id": "Woolworths - 810774",
    "barcode": "8001665705189",
    "shop": "Woolworths",
    "category_id": "22089",
    "weight": "100G",
    "prices": [
      {
        "state": "NSW",
        "price": "600",
        "price_per_unit": "185",
        "price_unit": "G"
      },
      {
        "state": "VIC",
        "price": "600",
        "price_per_unit": "185",
        "price_unit": "G"
      },
      {
        "state": "QLD",
        "price": "600",
        "price_per_unit": "185",
        "price_unit": "G"
      },
      {
        "state": "WA",
        "price": "600",
        "price_per_unit": "185",
        "price_unit": "G"
      },
      {
        "state": "SA",
        "price": "600",
        "price_per_unit": "185",
        "price_unit": "G"
      },
      {
        "state": "TAS",
        "price": "600",
        "price_per_unit": "185",
        "price_unit": "G"
      },
      {
        "state": "ACT",
        "price": "600",
        "price_per_unit": "185",
        "price_unit": "G"
      }
    ]
  },
  {
    "source_url": "https://www.coles.com.au/product/25-degrees-south-prosciutto-and-ricotta-ravioli-325g-6399591",
    "name": "25 Degrees South Prosciutto & Ricotta Ravioli | 325g",
    "image_url": "https://www.coles.com.au/_next/image?url=https%3A%2F%2Fproductimages.coles.com.au%2Fproductimages%2F6%2F6399591.jpg&w=640&q=90",
    "source_id": "Coles - 6399591",
    "barcode": "9312353007690",
    "shop": "coles",
    "category_id": "22089",
    "weight": "325g",
    "prices": [
      {
        "state": "VIC",
        "price": "277",
        "price_per_unit": "900",
        "price_unit": "g"
      },
      {
        "state": "QLD",
        "price": "277",
        "price_per_unit": "900",
        "price_unit": "g"
      },
      {
        "state": "SA",
        "price": "277",
        "price_per_unit": "900",
        "price_unit": "g"
      }
    ]
  },
  {
    "source_url": "https://www.woolworths.com.au/shop/productdetails/852147/25-degree-south-prosciutto-ricotta-ravioli",
    "name": "25 Degree South Prosciutto & Ricotta Ravioli 325g",
    "image_url": "https://cdn1.woolworths.media/content/wowproductimages/large/852147.jpg",
    "source_id": "Woolworths - 852147",
    "barcode": "9312353007690",
    "shop": "Woolworths",
    "category_id": "22089",
    "weight": "100G",
    "prices": [
      {
        "state": "VIC",
        "price": "900",
        "price_per_unit": "277",
        "price_unit": "G"
      },
      {
        "state": "WA",
        "price": "900",
        "price_per_unit": "277",
        "price_unit": "G"
      }
    ]
  },
  {
    "source_url": "https://www.coles.com.au/product/latina-fresh-gluten-free-beef-ravioli-pasta-280g-2271450",
    "name": "Latina Fresh Gluten Free Beef Ravioli Pasta | 280g",
    "image_url": "https://www.coles.com.au/_next/image?url=https%3A%2F%2Fproductimages.coles.com.au%2Fproductimages%2F2%2F2271450.jpg&w=640&q=90",
    "source_id": "Coles - 2271450",
    "barcode": "9312353006143",
    "shop": "coles",
    "category_id": "22089",
    "weight": "280g",
    "prices": [
      {
        "state": "VIC",
        "price": "313",
        "price_per_unit": "875",
        "price_unit": "g"
      },
      {
        "state": "QLD",
        "price": "313",
        "price_per_unit": "875",
        "price_unit": "g"
      },
      {
        "state": "WA",
        "price": "313",
        "price_per_unit": "875",
        "price_unit": "g"
      },
      {
        "state": "SA",
        "price": "313",
        "price_per_unit": "875",
        "price_unit": "g"
      },
      {
        "state": "TAS",
        "price": "313",
        "price_per_unit": "875",
        "price_unit": "g"
      },
      {
        "state": "NT",
        "price": "338",
        "price_per_unit": "945",
        "price_unit": "g"
      }
    ]
  },
  {
    "source_url": "https://www.woolworths.com.au/shop/productdetails/845631/latina-fresh-gluten-free-beef-ravioli-pasta",
    "name": "Latina Fresh Gluten Free Beef Ravioli Pasta 280g",
    "image_url": "https://cdn1.woolworths.media/content/wowproductimages/large/845631.jpg",
    "source_id": "Woolworths - 845631",
    "barcode": "9312353006143",
    "shop": "Woolworths",
    "category_id": "22089",
    "weight": "100G",
    "prices": [
      {
        "state": "VIC",
        "price": "750",
        "price_per_unit": "268",
        "price_unit": "G"
      },
      {
        "state": "WA",
        "price": "750",
        "price_per_unit": "268",
        "price_unit": "G"
      },
      {
        "state": "SA",
        "price": "750",
        "price_per_unit": "268",
        "price_unit": "G"
      },
      {
        "state": "NT",
        "price": "750",
        "price_per_unit": "268",
        "price_unit": "G"
      }
    ]
  },
  {
    "source_url": "https://www.coles.com.au/product/rana-burrata-and-arrabbiata-ravioli-300g-7162259",
    "name": "Rana Burrata & Arrabbiata Ravioli | 300g",
    "image_url": "https://www.coles.com.au/_next/image?url=https%3A%2F%2Fproductimages.coles.com.au%2Fproductimages%2F7%2F7162259.jpg&w=640&q=90",
    "source_id": "Coles - 7162259",
    "barcode": "8001665714167",
    "shop": "coles",
    "category_id": "22089",
    "weight": "300g",
    "prices": [
      {
        "state": "VIC",
        "price": "267",
        "price_per_unit": "800",
        "price_unit": "g"
      },
      {
        "state": "QLD",
        "price": "267",
        "price_per_unit": "800",
        "price_unit": "g"
      }
    ]
  },
  {
    "source_url": "https://www.woolworths.com.au/shop/productdetails/355169/rana-burrata-cheese-arrabbiata-ravioli",
    "name": "Rana Burrata Cheese & Arrabbiata Ravioli 300g",
    "image_url": "https://cdn1.woolworths.media/content/wowproductimages/large/355169.jpg",
    "source_id": "Woolworths - 355169",
    "barcode": "8001665714167",
    "shop": "Woolworths",
    "category_id": "22089",
    "weight": "100G",
    "prices": [
      {
        "state": "VIC",
        "price": "600",
        "price_per_unit": "200",
        "price_unit": "G"
      }
    ]
  },
  {
    "source_url": "https://www.coles.com.au/product/rana-pecorino-pdo-and-pepper-tortellini-300g-7161868",
    "name": "Rana Pecorino Pdo & Pepper Tortellini | 300g",
    "image_url": "https://www.coles.com.au/_next/image?url=https%3A%2F%2Fproductimages.coles.com.au%2Fproductimages%2F7%2F7161868.jpg&w=640&q=90",
    "source_id": "Coles - 7161868",
    "barcode": "8001665720809",
    "shop": "coles",
    "category_id": "22089",
    "weight": "300g",
    "prices": [
      {
        "state": "VIC",
        "price": "267",
        "price_per_unit": "800",
        "price_unit": "g"
      },
      {
        "state": "QLD",
        "price": "267",
        "price_per_unit": "800",
        "price_unit": "g"
      },
      {
        "state": "SA",
        "price": "267",
        "price_per_unit": "800",
        "price_unit": "g"
      }
    ]
  },
  {
    "source_url": "https://www.woolworths.com.au/shop/productdetails/349217/rana-pecorino-romano-black-pepper-tortellini",
    "name": "Rana Pecorino Romano & Black Pepper Tortellini 300g",
    "image_url": "https://cdn1.woolworths.media/content/wowproductimages/large/349217.jpg",
    "source_id": "Woolworths - 349217",
    "barcode": "8001665720809",
    "shop": "Woolworths",
    "category_id": "22089",
    "weight": "100G",
    "prices": [
      {
        "state": "VIC",
        "price": "600",
        "price_per_unit": "200",
        "price_unit": "G"
      }
    ]
  }
]